2062 3565
697 164 804 207 LIB.
843 165 961 207 VIII.
998 166 1080 208 ΕΡ.
1121 169 1189 208 12.
1771 171 1825 210 :33

913 307 960 345 Β.

297 380 378 419 CN.
410 381 627 421 MAGNUS
656 379 861 418 PROCOS.
893 380 930 419 S.
960 380 1006 418 D.
1037 381 1078 419 L.
1111 379 1335 418 DOMITIO
1365 380 1572 420 PROCOS.

115 455 153 496 1.
191 453 317 496 Valde
362 453 482 494 miror
524 459 564 493 te
598 451 650 493 ad
684 466 746 492 me
780 450 883 493 nihil
918 450 1089 493 scribere
1123 457 1163 493 et
1196 452 1331 507 potius
1365 452 1416 494 ab
1451 452 1540 494 aliis
1573 468 1692 509 quam
1727 469 1749 494 a
1783 459 1822 495 te

49 528 99 570 de
131 543 173 570 re
205 527 368 584 publica
400 541 464 567 me
497 525 706 567 certiorem
741 524 839 566 fieri.
875 525 961 566 Nos
995 524 1163 566 disiecta
1196 540 1320 567 manu
1353 540 1466 582 pares
1489 525 1714 568 adversario
1738 542 1823 568 esse

49 617 131 655 11011
163 616 376 658 possumus
390 618 401 652 3
435 599 652 641 contractis
685 598 833 640 nostris
868 599 993 654 copiis
1027 614 1141 655 spero
1174 615 1246 641 nos
1281 605 1321 641 et
1358 600 1415 642 rei
1446 599 1631 656 publicae
1655 605 1697 642 et
1719 615 1824 642 com-

50 662 164 718 muiii
197 675 318 718 saluti
352 673 538 730 prodesse
571 687 700 730 posse.
748 673 1019 725 Quamobrem
1053 689 1177 729 quum
1211 674 1502 726 constituisses,
1537 680 1584 717 ut
1617 673 1825 717 Vibullius

49 750 150 793 mihi
191 750 416 808 scripserat,
456 763 491 789 a.
526 747 566 788 d.
601 761 642 788 v.
678 746 742 788 Id.
776 746 894 788 Febr.
930 748 1104 789 Corfinio
1137 748 1335 804 proficisci
1370 763 1462 790 cum
1495 748 1674 790 exercitu
1708 754 1748 790 et
1775 748 1826 790 ad

51 839 114 865 me
146 822 295 873 venire,
329 822 452 863 miror
501 821 598 877 quid
632 836 774 863 causae
808 821 942 872 fuerit,
978 837 1100 876 quare
1134 822 1348 864 consilium
1381 823 1564 864 mutaris.
1617 823 1658 864 N
1660 837 1724 864 am
1758 822 1828 864 illa

52 912 186 948 causa,
221 911 341 950 quam
373 895 475 937 mihi
509 894 715 936 Vibullius
748 894 902 946 scribit,
936 895 1036 937 levis
1068 903 1142 947 est,
1176 902 1216 937 te
1254 903 1462 952 propterea
1496 902 1694 939 moratum
1726 912 1826 947 esse,

53 970 160 1026 quod
193 969 368 1012 audieris
402 968 612 1010 Caesarem
647 968 782 1010 Firmo
809 983 1064 1026 progressum
1086 969 1130 1010 in
1153 969 1341 1012 Castrum
1363 971 1632 1012 Truentinum
1656 971 1827 1012 venisse.

52 1044 216 1097 Quanto
248 1043 356 1086 enim
388 1043 515 1098 magis
548 1042 867 1098 appropinquare
901 1040 1152 1084 adversarius
1178 1043 1324 1098 coepit,
1349 1058 1394 1084 eo
1417 1042 1495 1085 tibi
1519 1043 1688 1085 celerius
1707 1059 1828 1099 agen-

54 1118 151 1160 dum
195 1124 294 1168 erat,
339 1123 386 1158 ut
428 1121 468 1158 te
517 1130 674 1157 mecum
720 1115 998 1170 coniungeres,
1043 1116 1278 1171 priusquam
1323 1115 1468 1158 Caesar
1502 1122 1573 1159 aut
1604 1122 1721 1159 tuum
1753 1116 1830 1158 iter

54 1191 248 1248 impedire
282 1196 353 1231 aut
385 1204 448 1230 me
481 1187 552 1230 abs
584 1195 625 1230 te
659 1187 869 1230 excludere
902 1192 1050 1243 posset.
1088 1191 1128 1229 2.
1163 1187 1435 1240 Quamobrem
1469 1190 1589 1231 etiam
1616 1192 1670 1245 (et
1695 1190 1830 1244 etiam)

54 1272 95 1307 te
127 1279 224 1320 rogo
258 1269 298 1305 et
329 1262 482 1314 hortor,
514 1262 558 1304 id
591 1262 699 1318 quod
732 1277 813 1303 non
848 1261 987 1303 destiti
1019 1262 1291 1318 superioribus
1324 1263 1452 1305 literis
1485 1279 1508 1306 a
1540 1270 1579 1306 te
1614 1270 1762 1320 petere,
1786 1269 1833 1306 ut

56 1340 185 1396 primo
230 1352 389 1394 quoque
431 1336 496 1378 die
539 1336 751 1378 Luceriam
794 1334 1015 1386 advenires,
1061 1342 1276 1391 antequam
1322 1337 1474 1392 copiae,
1520 1352 1620 1392 quas
1652 1338 1835 1380 instituit

57 1409 202 1453 Caesar
245 1409 493 1462 contrahere,
538 1410 582 1452 in
623 1424 752 1451 unum
794 1409 927 1450 locum
961 1415 1123 1451 coactae
1158 1425 1226 1452 vos
1261 1426 1283 1452 a
1314 1409 1432 1452 nobis
1466 1410 1706 1453 distrahant.
1757 1411 1835 1454 Sed

58 1483 92 1525 si
134 1490 253 1526 erunt
297 1484 367 1540 qui
407 1491 447 1526 te
489 1483 725 1540 impediant,
773 1488 820 1525 ut
874 1483 988 1525 villas
1023 1499 1114 1526 suas
1143 1489 1314 1536 servent,
1350 1500 1522 1539 aequum
1557 1491 1618 1527 est
1651 1501 1713 1528 me
1742 1501 1764 1528 a
1796 1490 1837 1528 te

61 1556 290 1613 impetrare,
335 1563 380 1599 ut
410 1557 625 1609 cohortes,
659 1572 759 1613 quae
794 1572 842 1598 ex
876 1556 1026 1599 Piceno
1059 1564 1100 1599 et
1132 1557 1345 1600 Camerino
1379 1567 1588 1609 venerunt,
1626 1575 1726 1614 quae
1762 1558 1838 1600 for-

62 1636 183 1674 tunas
216 1623 309 1675 suas
341 1631 603 1688 reliquerunt,
638 1631 689 1673 ad
723 1646 785 1673 me
820 1631 987 1674 missum
1021 1631 1158 1674 facias.

105 1768 125 1799 2
150 1767 251 1800 Miror
271 1786 313 1792 —-
336 1769 376 1801 12
398 1771 492 1802 etiam
516 1774 546 1803 et
569 1772 663 1804 etiam
688 1791 728 1796 -
751 1773 790 1804 15
814 1782 870 1805 nos
891 1784 911 1804 a
935 1771 1022 1804 nobis
1045 1790 1086 1795 —

105 1893 124 1933 ξ
147 1894 175 1924 l.
212 1892 312 1925 Valde
340 1894 447 1925 miror.
480 1895 691 1926 Adverbium
711 1895 814 1933 valde,
836 1896 925 1936 quod
949 1889 952 1944 1
973 1895 1095 1936 gentis,
1126 1901 1162 1927 ut
1190 1896 1329 1927 verbum
1358 1895 1597 1927 enuntiationis
1627 1897 1843 1929 secundariae

63 1946 98 1977 in
127 1946 217 1979 Med.
250 1952 419 1979 extremae
456 1948 549 1988 epist.
583 1948 744 1989 superiori
767 1948 926 1986 adhaesit,
950 1965 953 1972 ·
974 1958 1042 1979 non
1064 1958 1142 1979 cum
1165 1948 1266 1979 verbo
1288 1948 1472 1980 sententiae
1495 1948 1669 1989 primariae
1698 1950 1787 1991 (roqo
1809 1951 1843 1980 et

65 2000 122 2031 sed
155 2000 189 2031 in
227 1998 304 2032 Vale
340 2007 505 2032 mutatum
539 2008 597 2039 est,
627 2012 686 2042 pro
715 2012 781 2043 quo
810 2001 927 2042 saltem
951 2015 953 2026 ι
975 2002 1105 2041 hortor),
1128 2002 1185 2033 sed
1207 2012 1283 2033 cum
1306 2002 1490 2034 sententiae
1512 2003 1725 2044 interpositae
1740 2004 1842 2035 verbo

73 2053 182 2086 Valete
203 2056 414 2088 scribendum
428 2063 506 2093 erat,
522 2057 588 2088 huc
601 2056 838 2094 transtulimus,
853 2066 926 2097 pro·
950 2030 954 2105 i
977 2054 1115 2092 (destiti)
1139 2059 1364 2096 componatur.
1388 2053 1439 2086 Cf.
1462 2055 1503 2086 ad
1528 2056 1596 2086 Att.
1620 2055 1686 2087 XI.
1710 2055 1760 2093 16,
1784 2058 1812 2087 3.

67 2109 180 2141 bantes
201 2109 328 2141 Klotzii
349 2111 390 2142 de
412 2110 469 2141 illa
483 2120 564 2142 voce
579 2110 740 2142 iudicium
765 2111 799 2141 in
815 2119 927 2151 prooe-
951 2108 955 2150 1
1023 2108 1109 2149 Quas
1135 2108 1277 2139 instituit
1307 2108 1338 2140 C.
1367 2109 1564 2140 contrahere.
1599 2108 1747 2140 Instituit
1786 2120 1845 2151 pro

66 2162 134 2193 mio
156 2162 231 2194 edit.
253 2173 284 2204 p.
308 2162 442 2194 XXIV.
978 2161 1094 2203 incepit
1123 2162 1229 2194 bonae
1255 2162 1446 2194 Latinitatis
1476 2168 1534 2194 est.
1572 2163 1622 2194 ef.
1644 2162 1737 2194 Fam.
1763 2163 1844 2195 VII.

109 2216 127 2256 ξ
156 2216 186 2247 2.
217 2214 321 2247 Etiam
345 2218 390 2253 (et
420 2215 543 2256 etiam).
565 2215 670 2247 Etiam
693 2216 836 2258 simplex
859 2216 927 2247 lan·
952 2242 954 2252 ,
979 2215 1018 2246 19
1041 2221 1073 2246 et
1096 2214 1248 2247 Cortium
1271 2216 1312 2246 ad
1333 2214 1433 2246 XVI.
1461 2215 1512 2247 20.

68 2275 154 2309 guet.
178 2268 303 2310 Scripsi
325 2269 434 2310 itaque
455 2279 534 2300 cum
555 2269 657 2300 Bosio
679 2269 736 2306 sic,
753 2269 811 2300 sed
824 2269 928 2300 incer·
952 2253 955 2298 l
1028 2267 1117 2299 Vosa
1132 2268 1219 2299 nobis
1230 2268 1426 2299 distrahant.
1441 2268 1594 2300 Foedum
1606 2269 1726 2300 vitium
1737 2275 1842 2301 sustu-

68 2328 140 2354 tum
163 2330 232 2354 esse
254 2321 522 2362 supplementum
542 2322 698 2353 indicavi.
721 2321 847 2353 Eadem
864 2321 927 2353 for·
979 2322 1018 2354 lit
1038 2321 1196 2354 Wesenb.
1225 2323 1366 2354 Emend.
1388 2333 1418 2363 p.
1439 2323 1489 2360 19,
1520 2330 1605 2354 recte
1628 2333 1768 2354 monens
1787 2332 1844 2354 nos

69 2376 159 2407 mula
188 2380 237 2407 est·
265 2376 299 2406 in
331 2375 424 2416 epist.
453 2375 560 2412 Balbi,
591 2385 689 2417 quam
713 2385 764 2417 ep.
788 2375 826 2406 15
849 2376 883 2406 h.
906 2375 927 2406 l.
978 2387 999 2407 a
1029 2375 1117 2407 nobis
1148 2375 1335 2407 distrahant
1359 2375 1510 2416 ineptum
1533 2386 1612 2414 esse,
1636 2377 1694 2408 sed
1717 2377 1762 2408 ita
1785 2383 1843 2408 aut

69 2428 254 2459 subiunxit.
275 2428 323 2459 At
346 2427 524 2469 Pompeius
546 2428 580 2459 in
605 2437 672 2469 seq.
695 2437 746 2469 ep.
761 2428 779 2468 ξ
795 2430 813 2460 3
832 2429 929 2470 scrip·
980 2438 1045 2466 nos,
1069 2435 1125 2461 aut
1147 2439 1203 2461 nos
1225 2429 1311 2460 inter
1332 2438 1391 2459 nos
1413 2429 1625 2461 scribendum
1648 2429 1759 2461 fuisse.

70 2482 112 2512 sit
133 2481 174 2512 de
195 2490 288 2512 more
309 2479 415 2511 Etiam
437 2482 531 2522 atque
553 2479 659 2511 etiam.
1025 2481 1113 2523 Quae
1134 2482 1290 2524 fortunas
1318 2492 1393 2514 suas
1423 2483 1620 2524 reliquerunt
1650 2493 1684 2514 0:
1714 2492 1797 2524 quae
1827 2492 1845 2513 a

116 2535 155 2566 Ut
176 2553 218 2559 —
238 2535 415 2566 advenires.
437 2534 529 2566 Male
550 2535 702 2567 Muretus
725 2541 758 2567 et
772 2536 933 2568 Ernestus
982 2536 1076 2567 bonis
1098 2536 1166 2567 suis
1184 2536 1413 2573 discesserunt,
1430 2542 1468 2567 ut
1484 2536 1531 2568 rei
1546 2536 1696 2576 publicae
1711 2545 1845 2567 causam

72 2594 288 2630 reposuerunt
308 2588 470 2620 advenias.
493 2587 571 2620 Non
594 2598 668 2620 raro
684 2590 775 2621 enim
796 2590 833 2621 fit
848 2590 935 2631 apud
981 2588 1204 2622 defenderent.
1358 2590 1364 2596 '

72 2642 212 2683 optimos
247 2641 422 2682 scriptores
458 2640 623 2674 scribendi
655 2643 798 2682 quadam
831 2642 934 2684 negli-

937 2732 983 2773 C.

325 2806 405 2844 CN.
436 2805 653 2844 MAGNUS
684 2805 887 2845 PROCOS.
918 2806 954 2845 S.
984 2806 1031 2844 D.
1060 2807 1102 2846 L.
1133 2806 1358 2846 DOMITIO
1392 2807 1596 2846 PROCOS.

143 2893 181 2933 1.
216 2891 371 2934 Literas
415 2890 486 2933 abs
517 2898 557 2932 te
591 2891 650 2932 M.
685 2890 889 2933 Callenius
923 2891 971 2933 ad
1007 2907 1070 2934 me
1097 2894 1234 2935 attulit
1267 2910 1302 2936 a.
1338 2894 1378 2935 d.
1414 2907 1536 2936 xurr.
1582 2893 1674 2934 Kal.
1710 2892 1847 2942 Mau-t„

122 3019 142 3049 2
169 3017 319 3050 Calenius
341 3035 381 3041 —

120 3128 139 3168 ξ
161 3128 189 3160 1.
214 3128 259 3160 M.
280 3128 450 3162 Callemus.
474 3130 606 3164 Nomen
629 3131 782 3172 ignotum
801 3133 834 3163 in
850 3132 941 3165 Med.
963 3129 969 3199 Ι
988 3131 1034 3163 ita
1054 3130 1217 3163 scribitur.
1240 3131 1326 3163 Mihi
1343 3131 1522 3168 Canuleius,
1536 3131 1591 3172 qui
1608 3140 1624 3162 c
1644 3131 1714 3161 cod.
1734 3128 1850 3160 Lamb.

986 3185 1116 3225 prodiit,
1140 3185 1246 3225 aptior
1268 3185 1408 3216 videtur.

1642 3242 1659 3254 ,1

1640 3259 1662 3277 ·)

1851 1062 1886 1088 10

1857 1428 1892 1455 15
