2062 3565
685 152 795 195 LIB.
832 151 925 194 XV.
959 153 1044 195 ΕΡ.
1081 154 1276 195 21—25.
1781 157 1865 197 337

100 292 381 349 compositum.
418 291 459 333 Si
494 290 592 346 quid
628 290 736 332 novi.
773 290 860 345 Ego
894 289 1030 331 literas
1064 289 1155 331 misi
1190 290 1239 331 ad
1274 291 1461 341 Brutum,
1496 291 1611 333 cuius
1644 290 1693 331 de
1726 291 1869 332 itinere

101 367 222 410 etiam
255 381 303 408 ex
336 369 376 407 te
411 364 544 416 velim,
579 364 612 404 si
647 362 745 418 quid
780 363 895 413 scies,
930 377 1183 417 cognoscere.

102 504 142 536 ad
165 502 369 539 Trebatium,
392 500 487 532 Fam.
522 499 604 531 VII.
639 500 688 537 21,
723 505 755 531 et
784 499 965 540 disputavit
988 483 992 502 ¹
1011 498 1065 528 bas
1088 498 1189 535 velim,
1213 498 1240 529 si
1264 498 1360 530 lectio
1383 508 1460 530 vera
1483 504 1541 536 est,
1565 508 1625 530 nec
1639 499 1747 540 potius
1763 498 1872 538 legen-

103 556 164 588 Ph.
187 556 226 588 E.
249 555 420 591 Huschke,
445 552 614 585 Rostochii
639 552 730 583 1824.
1011 551 1106 582 dum:
1134 550 1184 581 cui
1216 546 1405 596 ὑπόμνημα
1439 550 1635 590 compositum
1661 551 1714 582 Ἢ.
1754 549 1875 592 Ecquid

144 611 181 643 Si
203 611 280 652 qnid
300 609 380 642 novi.
404 609 470 640 Int.
492 607 592 639 scribe
615 607 690 637 mihi
706 606 758 638 vel
773 606 817 637 ad
830 616 876 636 me
889 606 965 636 scri-
991 602 994 627 ¹
1012 606 1114 637 novi?

146 655 159 674 ὅ

679 711 844 754 XXIV.
910 713 975 765 (A.
1018 713 1062 754 cf.
1102 718 1142 753 cx.
1182 714 1300 767 710.)

164 832 429 882 'l'abellarius,
477 844 595 885 quem
647 828 696 870 ad
748 829 916 869 Brutum
963 828 1160 879 miseram,
1205 844 1253 869 ex
1299 829 1442 871 itinere
1487 829 1607 871 rediit
1652 843 1731 872 v11.
1783 829 1873 870 Kal.

104 909 154 950 Ei
187 907 356 949 Servilia
388 904 493 946 dixit
526 919 572 944 eo
608 902 673 943 die
708 902 880 943 Brutum
918 902 973 942 H.
1009 915 1024 942 1
1045 917 1079 943 s.
1115 902 1352 957 profectum.
1387 904 1490 944 Sane
1524 903 1635 945 dolui
1659 903 1875 945 1116351116-

103 996 167 1023 ras
200 980 379 1022 redditas
412 993 493 1020 11011
528 991 628 1018 6556.
664 975 787 1017 Silius
820 974 870 1016 ad
906 990 966 1016 me
1000 990 1082 1016 non
1118 981 1292 1016 venerat.
1327 976 1494 1018 Causam
1531 978 1756 1033 composui3
1783 992 1875 1018 611111

106 1053 289 1096 libellum
321 1052 398 1096 tibi
431 1050 539 1093 misi.
573 1049 628 1091 'Pe
663 1064 742 1104 quo
778 1048 842 1090 die
877 1054 1103 1104 exspectem
1137 1049 1255 1090 velim
1289 1050 1404 1092 scire.
1919 1058 1932 1082 '³

153 1182 173 1214 3
194 1182 238 1214 H.
262 1181 355 1214 IIII.
376 1199 417 1205 —

152 1295 197 1328 Η.
219 1295 303 1326 IIII
321 1296 428 1328 editur
450 1305 468 1327 e
490 1295 535 1327 X.
559 1295 625 1328 Sed
647 1307 752 1338 quum
776 1298 809 1328 in
827 1297 916 1328 Med.
932 1296 975 1328 sit
994 1306 997 1312 ’
1024 1297 1169 1328 bendum
1193 1302 1305 1329 censet
1321 1297 1364 1328 H.
1382 1298 1399 1329 I
1418 1296 1451 1328 S.
1479 1308 1509 1328 o:
1536 1298 1614 1329 hora
1624 1298 1729 1338 prima
1744 1299 1880 1336 semisse,

111 1348 161 1379 his
183 1349 386 1382 Buchelerus
409 1359 439 1391 p.
463 1349 521 1380 531
553 1349 659 1381 literis
694 1350 858 1382 distractis
890 1350 968 1381 scri-
992 1332 996 1393 Ι
1020 1351 1119 1392 idque
1143 1352 1260 1392 recepi.

697 1458 833 1500 XXV.
901 1459 967 1511 (A.
1010 1459 1055 1499 U.
1095 1460 1137 1499 C.
1175 1459 1293 1513 710.)

175 1573 236 1616 De
267 1588 356 1630 meo
382 1573 526 1616 itinere
560 1575 691 1616 variae
726 1573 971 1625 sententiae;
1006 1573 1125 1615 multi
1159 1574 1265 1615 enim
1300 1574 1350 1616 ad
1384 1590 1446 1616 me
1460 1593 1471 1626 ;
1506 1575 1576 1616 sed
1610 1580 1655 1617 tu
1678 1575 1881 1628 incumbe,

113 1662 275 1703 quaeso,
310 1648 353 1689 in
387 1662 474 1690 eam
508 1663 659 1690 curam.
694 1648 846 1702 Magna
879 1662 940 1688 res
970 1653 1043 1688 est.
1079 1649 1144 1689 An
1179 1647 1337 1703 probas,
1375 1649 1408 1690 si
1442 1648 1492 1690 ad
1525 1649 1619 1691 Kal.
1654 1650 1742 1691 Ian.
1777 1651 1884 1705 cogi-

115 1721 278 1762 tamus?
327 1721 447 1763 Meus
492 1722 649 1764 animus
694 1726 754 1763 est
797 1735 962 1775 aequus,
997 1721 1054 1762 sic
1086 1726 1236 1773 tamen,
1270 1726 1318 1764 ut
1350 1722 1384 1764 si
1416 1722 1519 1764 nihil
1553 1724 1782 1765 offensionis
1815 1725 1884 1765 sit.

115 1794 140 1837 †
158 1794 213 1835 Et
255 1798 303 1836 tu
346 1794 467 1836 etiam
512 1795 611 1836 scite
644 1810 724 1850 quo
757 1793 821 1835 die
856 1793 951 1834 olim
984 1794 1189 1850 piaculum
1226 1796 1432 1851 [mysteria
1465 1795 1653 1851 scilicet].
1699 1797 1757 1838 Ut
1789 1798 1814 1839 †
1838 1802 1884 1838 tu
1923 1815 1937 1839 ⁵

113 1868 248 1918 scires,
300 1882 418 1909 casus
469 1868 683 1910 consilium
729 1867 857 1908 nostri
898 1867 1055 1909 itineris
1100 1867 1313 1910 iudicabit.
1360 1868 1604 1911 Dubitemus
1636 1870 1774 1925 igitur.
1810 1871 1885 1914 Est

113 1940 221 1981 enim
254 1939 424 1982 hiberna
455 1940 661 1996 navigatio
695 1939 847 1990 odiosa,
883 1954 1008 1994 eoque
1042 1955 1090 1981 ex
1123 1945 1162 1982 te
1198 1942 1443 1996 quaesieram
1465 1944 1743 1998 mysteriorum
1761 1943 1882 1985 diem.

113 2014 299 2065 Brutum,
333 2019 381 2055 ut
413 2013 570 2065 scribis,
605 2014 735 2055 visum
770 2013 828 2054 iri·
854 2028 876 2054 a
910 2028 973 2054 me
1008 2018 1120 2069 puto.
1156 2015 1243 2068 Ego
1276 2014 1371 2056 hinc
1405 2015 1493 2056 volo
1527 2015 1631 2070 prid.
1672 2016 1760 2058 Kal.

154 2148 175 2177 4
195 2146 256 2183 sit;
280 2149 297 2184 †
318 2149 348 2178 el
371 2149 406 2177 tu
428 2164 470 2169 —
488 2145 640 2186 piaclum,
662 2144 810 2186 mysteria
834 2144 972 2176 scilicet.
1004 2144 1041 2175 Ul
1063 2148 1099 2177 ut
1122 2146 1164 2177 sil
1187 2157 1238 2178 res
1260 2165 1302 2170 —

156 2269 189 2300 Si
210 2269 255 2300 ad
274 2269 349 2301 Kal.
383 2269 457 2300 Ian.
487 2269 659 2312 coyz'tamus
686 2281 743 2312 np.
775 2271 892 2303 redire.
923 2270 976 2303 Cf.
1000 2303 1001 2311 ¹
1023 2272 1130 2313 magis
1151 2272 1290 2313 placeat,
1313 2277 1351 2304 111
1364 2272 1476 2304 redeat
1488 2276 1565 2304 ante
1581 2271 1747 2314 mysteria.
1771 2271 1884 2303 Verba

116 2322 216 2354 XVI.
241 2322 270 2360 6,
292 2322 311 2353 2
333 2322 450 2353 Scribis
472 2321 505 2352 in
529 2322 649 2353 caecum
651 2323 741 2363 ferri
747 2322 978 2363 profectionem
1000 2314 1001 2323 ¹
1023 2326 1172 2367 mysteria
1195 2325 1317 2356 scilicet
1336 2325 1526 2366 glossatoris
1543 2335 1612 2357 esse
1628 2326 1794 2357 videntur.
1818 2325 1884 2356 Pro

117 2387 225 2414 meam,
248 2376 306 2408 sed
325 2376 384 2415 ita,
407 2377 435 2407 si
458 2379 534 2407 ante
556 2376 632 2408 Kal.
655 2376 728 2408 Ian.
744 2377 883 2408 redeam.
898 2378 977 2408 ibid.
1000 2378 1001 2387 ¹
1023 2385 1178 2420 corrupto
1200 2381 1235 2409 ut
1258 2381 1291 2409 tu
1313 2379 1410 2410 scires
1432 2379 1552 2410 Bosius
1574 2379 1682 2410 dedit:
1724 2378 1761 2409 Ut
1784 2381 1818 2408 ut
1840 2378 1883 2408 sit

116 2430 147 2469 7,
169 2430 189 2462 2
203 2429 420 2471 projectionis
441 2440 527 2460 meae
558 2430 746 2471 approbator
769 2432 854 2461 certe
866 2430 976 2471 fuisti,
1000 2424 1001 2439 l
1023 2441 1084 2470 res,
1106 2433 1195 2474 quod
1217 2442 1284 2463 non
1308 2441 1377 2464 esse
1400 2442 1419 2463 3
1440 2432 1554 2464 Tullio
1586 2432 1767 2473 profectum
1801 2432 1883 2463 affir-

116 2484 277 2515 dummodo
299 2483 374 2515 Kal.
398 2483 471 2514 Ian.
493 2483 609 2514 Romae
631 2493 737 2515 essem.
761 2483 813 2516 Cf.
836 2484 925 2515 Phil.
949 2484 978 2515 Ι.
999 2483 1002 2500 ⁵
1023 2495 1114 2517 mare
1136 2486 1240 2516 audeo
1287 2485 1386 2523 Nam,
1408 2485 1496 2526 quod
1519 2485 1585 2516 iam
1608 2485 1796 2517 observavit
1819 2485 1883 2515 Va-

117 2538 135 2569 6
161 2544 245 2570 extr.
269 2538 328 2569 Ad
348 2538 547 2569 reversionis
568 2542 698 2578 tempus
717 2543 866 2579 spectant
879 2538 978 2569 etiam
1000 2525 1002 2555 l
1024 2549 1137 2571 vassor
1160 2540 1193 2570 in
1217 2539 1442 2570 Antibarbaro
1464 2550 1496 2580 p.
1521 2539 1591 2576 614,
1615 2548 1779 2580 nusquam
1802 2538 1883 2569 alibi

117 2593 231 2624 verba:
265 2591 321 2622 Est
344 2591 422 2623 enim
447 2591 576 2623 hiberna
607 2591 769 2632 naviyatio
797 2592 915 2623 odiosa.
939 2609 976 2615 —
1000 2583 1002 2624 ἶ
1024 2593 1139 2626 Cicero
1162 2595 1208 2626 sic
1231 2594 1361 2625 locutus
1384 2599 1442 2625 651.
1471 2593 1623 2625 Fortasse
1652 2593 1887 2624 scribendum:

121 2644 160 2675 Ut
181 2644 210 2676 si
234 2645 318 2676 nihil
338 2644 522 2687 qffensionis
543 2644 586 2674 sit
608 2654 639 2675 a:
673 2649 709 2675 ut
733 2645 774 2675 ad
795 2645 879 2675 illud
902 2650 980 2676 tem·
1000 2667 1001 2672 ,
1027 2645 1101 2677 Utut
1124 2646 1185 2678 erit
1209 2647 1264 2683 (ef.
1297 2656 1346 2688 ep.
1378 2656 1444 2688 seq.
1468 2649 1513 2684 4),
1546 2656 1637 2676 casus
1659 2645 1823 2677 consilium
1845 2644 1882 2676 it.

117 2709 177 2741 pus
199 2699 341 2735 redeam,
375 2699 403 2730 si
434 2704 506 2730 tuto
536 2698 607 2729 fieri
641 2698 754 2739 possit.
777 2717 818 2721 —
839 2698 981 2739 Reliqua
999 2679 1003 2716 l
1024 2712 1055 2731 n.
1076 2699 1242 2732 iudicabit.
1266 2700 1354 2731 Tum
1376 2699 1549 2731 dubitemus
1569 2699 1668 2740 iqitur
1689 2699 1820 2730 videtur
1834 2698 1882 2729 in-

117 2756 219 2788 1311115
241 2756 394 2787 laborant
416 2755 674 2792 difficultatibus,
705 2759 741 2785 ut
764 2755 879 2795 magni
901 2753 980 2786 Gro-
1000 2740 1003 2770 l
1024 2753 1150 2784 dicare:
1173 2753 1268 2784 Nihil
1291 2753 1372 2784 certi
1395 2752 1644 2789 constituamus,
1667 2751 1751 2782 ainsi
1773 2762 1812 2781 ne
1832 2749 1881 2780 ἀέ-

119 2811 211 2843 novii
233 2820 371 2842 acumen
396 2810 508 2841 omnia
544 2809 699 2850 expedire
728 2819 795 2840 non
826 2810 980 2850 potuerit,
1000 2792 1003 2807 Ι
1023 2805 1131 2836 cidons
1154 2805 1234 2842 rien,
1262 2810 1297 2836 ut
1319 2805 1525 2845 Mongaltius
1548 2805 1790 2845 interpretatur.

118 2875 219 2908 quum
243 2865 424 2906 disputaret
462 2865 502 2896 de
523 2864 556 2894 h.
579 2863 602 2894 1.
625 2862 763 2896 Observ.
794 2863 856 2894 lv.
886 2864 915 2901 9,
948 2873 970 2904 p
1067 2858 1170 2902 quue
1197 2877 1238 2882 —
1268 2859 1481 2901 mysteriorum
1512 2858 1602 2889 diem.
1637 2857 1737 2888 Sacra
1767 2856 1885 2887 Bonae

119 2919 294 2951 615-623.
330 2918 488 2950 Piaculum
513 2917 579 2948 dici
600 2917 640 2948 P.
675 2916 784 2948 Clodii
816 2917 980 2948 incestum
1002 2934 1003 2937 =
1026 2913 1116 2945 Deae
1137 2913 1209 2945 fieri
1231 2918 1321 2944 certo
1343 2913 1396 2943 die
1418 2912 1515 2943 initio
1530 2922 1571 2942 m.
1586 2911 1664 2942 Dec.
1679 2909 1794 2941 Cicero
1807 2909 1887 2940 scie-

122 2973 156 3005 in
179 2973 280 3005 sacris
302 2973 418 3005 Bonae
440 2972 541 3009 Deae,
562 2980 648 3012 quae
670 2970 824 3012 mysteria
846 2971 907 3002 rite
931 2980 984 3011 ap.
1002 2966 1006 3003 l
1029 2968 1093 3005 1131,
1115 2976 1223 3008 neque
1246 2967 1279 2998 id
1313 2976 1356 2998 ex
1378 2966 1493 2997 Attico
1517 2965 1702 3006 quaerebat,
1726 2964 1782 2994 sed
1805 2972 1886 2993 num

120 3026 294 3068 pellantur,
334 3025 547 3057 commissum
592 3022 779 3055 Gronovius
819 3022 984 3064 probavit.
1004 3012 1006 3040 !
1030 3021 1143 3052 Attico
1166 3021 1319 3061 placeret,
1342 3020 1370 3050 si
1393 3024 1468 3050 ante
1499 3018 1654 3058 mysteria
1677 3017 1734 3047 illa
1757 3016 1885 3047 rediret.

121 3079 234 3111 Verba
255 3084 365 3111 autem
387 3079 432 3110 sic
455 3078 650 3118 com-igentia
679 3086 814 3108 censeo:
838 3075 986 3118 qffensio-
1073 3072 1138 3115 Eyo
1158 3073 1232 3103 hinc
1253 3073 1322 3103 volo
1338 3071 1446 3112 pridie
1478 3070 1550 3100 Kal.
1587 3079 1619 3100 a:
1651 3078 1667 3100 e
1696 3068 1887 3099 Tusculano

122 3133 172 3164 nie
194 3132 247 3164 cit.
269 3133 312 3165 Id
333 3135 367 3164 tu
391 3132 484 3164 eliam
507 3130 633 3169 scribes,
655 3141 714 3173 quo
736 3130 788 3161 die
820 3130 893 3162 olim
916 3129 988 3170 pia-
1031 3127 1237 3168 profecturus
1259 3136 1331 3157 sum
1354 3125 1457 3166 pridie
1481 3124 1555 3155 Kal.
1581 3123 1696 3161 Quint.

121 3186 234 3217 culum.
271 3186 355 3216 Vult
378 3185 461 3216 scire
485 3193 527 3215 ex
552 3183 676 3221 Attico,
700 3193 781 3214 num
805 3182 889 3213 forte
911 3181 988 3212 huic

190 3243 250 3284 II.
1651 3234 1701 3274 :22
