2062 3565
736 162 843 204 LIB.
878 163 993 206 XVI.
1030 164 1111 206 ΕΡ.
1151 165 1189 206 7.
1226 169 1265 207 8.
1793 172 1874 212 :561

124 297 289 339 Casilini
333 303 373 339 et
418 298 593 339 Calatiae
642 305 750 350 sunt,
796 300 983 355 perduxit
1024 301 1072 342 ad
1121 316 1232 343 suam
1277 304 1531 345 sententiam.
1581 306 1666 347 Nec
1713 308 1876 349 mirum:

124 370 348 426 quingenos
381 370 564 413 denarios
597 372 680 414 dat.
715 372 878 429 Cogitat
909 374 1082 430 reliquas
1105 376 1281 418 colonias
1304 376 1428 418 obire.
1464 378 1587 420 Plane
1612 379 1686 420 hoc
1711 386 1878 436 spectat,

121 447 168 484 ut
199 458 240 484 se
273 442 374 485 duce
409 442 557 485 bellum
591 450 751 500 geratur
785 461 874 487 cum
911 448 1102 489 Antonio.
1137 448 1279 504 Itaque
1314 448 1429 491 video
1465 451 1600 506 paucis
1633 451 1776 494 diebus
1809 469 1878 495 nos

122 516 166 558 in
198 516 317 558 armis
350 517 446 560 fore.
481 519 611 571 Quem
645 525 778 561 autem
812 527 1050 576 sequamur?
1089 522 1188 563 Vide
1223 538 1381 574 nomen,
1412 524 1500 565 vide
1524 530 1708 578 aetatem.
1744 528 1876 581 Atque

124 603 147 630 a
194 605 256 631 me
290 591 480 646 postulat,
515 593 686 647 primum
730 598 775 634 ut
807 593 908 635 clam
942 594 1192 651 colloquatur
1226 611 1379 638 mecum
1417 598 1475 638 vel
1510 598 1669 654 Capuae
1705 600 1764 641 vel
1799 615 1877 641 non

120 652 238 719 ldnge
273 679 296 706 a
326 664 478 720 Capua.
524 664 680 707 Puerile
716 665 789 707 hoc
823 666 999 721 quidem,
1034 667 1067 708 si
1100 667 1140 709 id
1177 674 1290 724 putat
1323 670 1424 711 clam
1461 672 1541 712 fieri
1576 688 1704 728 posse.
1748 673 1877 714 Docui

120 753 190 793 per
234 737 368 780 literas
412 739 453 780 id
499 755 571 781 nec
621 755 719 796 opus
753 756 836 782 esse
870 755 943 782 nec
976 741 1060 782 fieri
1096 757 1221 797 posse.
1260 745 1299 784 2.
1335 743 1450 785 Misit
1483 743 1532 785 ad
1566 760 1627 786 me
1662 745 1875 789 Caecinam

121 811 320 867 quendam
370 814 690 866 Volaterranum,
736 815 969 857 familiarem
1015 831 1147 868 suum,
1195 818 1263 873 qui
1298 817 1393 859 haec
1430 818 1614 873 pertulit:
1653 820 1875 861 Antonium

120 899 210 927 cum
242 885 398 942 legione
434 888 678 930 Alaudarum
713 889 763 930 ad
798 888 936 930 urbem
971 905 1146 945 pergere,
1183 891 1371 945 pecunias
1405 892 1635 947 municipiis
1668 894 1875 949 imperare,

122 960 318 1016 legionem
352 961 426 1003 sub
460 963 585 1018 signis
619 963 778 1006 ducere.
814 963 1091 1015 Consultabat,
1127 969 1262 1006 utrum
1297 965 1462 1006 Romam
1488 980 1578 1006 cum
1603 979 1672 1009 cro
1696 980 1766 1010 010
1790 981 1875 1009 cro.

119 1039 394 1078 veteranorum
434 1037 764 1092 proficisceretur,
811 1053 862 1079 an
907 1038 1086 1093 Capuam
1134 1043 1288 1080 teneret
1319 1044 1359 1080 et
1391 1040 1616 1082 Antonium
1650 1041 1874 1082 venientem

117 1107 359 1160 excluderet,
409 1125 458 1151 an
502 1111 577 1152 iret
620 1110 669 1151 ad
719 1116 798 1152 tres
842 1112 1019 1166 legiones
1065 1110 1362 1162 Macedonicas,
1409 1128 1508 1168 quae
1541 1114 1616 1155 iter
1650 1114 1871 1155 secundum

116 1196 222 1223 mare
255 1197 444 1239 superum
478 1183 645 1235 faciunt,
681 1199 780 1239 quas
812 1188 945 1240 sperat
976 1199 1068 1226 suas
1101 1199 1200 1226 esse.
1235 1185 1317 1226 Eae
1351 1185 1598 1240 congiarium
1622 1187 1671 1229 ab
1698 1189 1874 1230 Antonio

117 1257 294 1313 accipere
327 1257 558 1307 noluerunt,
592 1261 639 1298 ut
673 1257 738 1298 hic
771 1257 933 1312 quidem
967 1262 1115 1309 narrat,
1150 1262 1191 1299 et
1223 1258 1259 1299 ei
1293 1258 1517 1300 convicium
1551 1274 1670 1314 grave
1694 1261 1875 1303 fecerunt

115 1330 494 1386 contionantemque
527 1331 786 1386 reliquerunt.
832 1331 940 1382 Quid
974 1331 1160 1386 quaeris?
1194 1331 1346 1372 Ducem
1382 1347 1422 1372 se
1455 1333 1662 1387 profitetur
1694 1350 1767 1376 nec
1802 1351 1873 1376 nos

117 1402 194 1444 sibi
226 1407 344 1458 putat
376 1404 511 1446 deesse
546 1410 740 1460 oportere.
787 1405 985 1460 Equidem
1019 1405 1140 1455 suasi,
1175 1410 1220 1446 ut
1253 1406 1419 1447 Romam
1453 1414 1646 1462 pergeret.
1703 1408 1873 1450 Videtur

116 1479 223 1521 enim
255 1480 355 1522 mihi
387 1486 428 1522 et
460 1481 707 1537 plebeculam
743 1480 935 1523 urbanam
968 1485 1021 1532 et,
1057 1481 1090 1522 si
1122 1479 1240 1522 fidem
1273 1480 1423 1531 fecerit,
1457 1482 1576 1523 etiam
1610 1481 1735 1522 bonos
1770 1482 1872 1523 viros

116 1567 251 1594 secum
300 1553 526 1597 habiturus.
573 1556 610 1597 O
653 1557 791 1607 Brute,
840 1555 911 1597 ubi
943 1556 1015 1597 es?
1049 1559 1238 1610 quantam
1272 1554 1534 1614 εὐκαιρίαν
1567 1555 1740 1597 amittis!
1777 1556 1870 1596 Non

116 1624 302 1683 equidem
335 1628 412 1670 hoc
445 1629 638 1681 divinavi,
672 1630 741 1672 sed
775 1629 928 1685 aliquid
958 1629 1037 1671 tale
1070 1629 1209 1685 putavi
1241 1628 1338 1670 fore.
1372 1630 1494 1670 Nunc
1517 1634 1631 1670 tuum
1659 1629 1870 1670 consilium

115 1701 293 1756 exquiro.
344 1703 564 1744 Romamne
610 1703 738 1754 venio,
781 1718 832 1745 an
880 1703 946 1744 hic
987 1717 1142 1754 maneo,
1178 1717 1228 1743 an
1266 1703 1458 1758 Arpinum
1497 1727 1552 1732 —-
1586 1698 1871 1758 ἀσφάλειαν

157 1896 174 1930 †
199 1894 316 1936 Quiqui
338 1913 378 1919 —
399 1898 482 1927 sunt.
508 1910 520 1921 υ
531 1896 646 1928 Cicero
666 1906 747 1927 num
758 1896 863 1938 quiqui
874 1896 971 1936 scrip·
1018 1895 1218 1936 conqiarium,
1249 1896 1336 1937 quod
1370 1895 1466 1935 plebi,
1496 1899 1529 1925 et
1559 1893 1749 1930 donativum,
1783 1895 1871 1934 quod

115 1949 203 1987 serit,
225 1949 342 1982 dubito
350 1965 358 1988 ;
392 1960 498 1991 neque
521 1951 612 1983 enim
634 1957 709 1992 apta
731 1955 780 1982 est
809 1950 970 1991 significa·
1016 1948 1178 1980 militibus
1201 1949 1346 1980 dabatur.
1386 1948 1436 1980 Cs.
1458 1947 1591 1979 Ruhnk.
1615 1947 1656 1977 ad
1678 1945 1770 1977 Suet.
1792 1948 1870 1978 Cae·

116 2001 171 2039 tio,
194 2001 411 2035 Octavianum
435 2005 506 2036 sine
528 2004 719 2036 discrimine
741 2013 866 2047 omnes,
900 2003 970 2045 qui-

115 2065 257 2097 cumque
271 2055 410 2088 Casilini
426 2063 456 2088 et
471 2057 618 2089 Calatiae
630 2057 762 2091 fuerint.
777 2056 971 2098 perduxisse

116 2108 157 2139 ad
178 2118 272 2140 suam
294 2110 494 2142 sententiam
517 2116 549 2142 et
572 2111 660 2142 Med.
684 2111 800 2148 codeX,
834 2111 870 2142 in
904 2119 970 2150 quo

114 2161 159 2192 ita
189 2162 352 2201 scribitur,
386 2165 543 2195 mendose
576 2164 699 2195 omittit
731 2167 804 2194 sunt
839 2173 969 2205 prorsus

113 2222 228 2247 contra
250 2218 421 2250 Ciceronis
443 2219 718 2251 consuetudinem
733 2220 755 2231 '⁵
791 2219 902 2250 Madv.
928 2219 968 2250 ad

112 2267 187 2300 Fin.
207 2280 239 2310 p.
262 2270 334 2302 423.
354 2271 507 2304 Fortasse
528 2273 753 2304 scribendum:
777 2271 830 2313 qui
847 2271 968 2313 quidem

116 2323 252 2354 Casilini
269 2326 344 2356 sunt
366 2326 397 2356 et
423 2324 576 2357 Calatiae.

161 2376 239 2409 Vide
260 2388 381 2417 nomen,
395 2378 466 2410 vide
483 2382 630 2411 aetatem.
660 2379 792 2411 Nomen
809 2378 967 2416 Caesaris,

113 2435 254 2464 aetatem
276 2433 488 2473 undeviginti
509 2443 683 2465 annorum.
717 2433 794 2464 Vid.
818 2433 968 2464 Monum.

113 2485 239 2527 Ancyr.
269 2488 335 2518 tab.
356 2487 383 2518 1.
406 2497 437 2518 v.
459 2488 480 2518 4
510 2492 542 2519 et
574 2487 653 2518 Tac.
686 2488 779 2518 Ann.
802 2487 905 2518 XIII.
939 2486 968 2517 6.

113 2539 239 2572 Neutro
260 2542 338 2573 satis
360 2542 530 2573 fidendum
553 2546 631 2573 erat.

154 2593 173 2634 ξ
196 2593 225 2624 2.
250 2593 321 2625 Oum
343 2594 464 2636 leqione
485 2594 692 2625 Alaudarum.
717 2595 836 2635 Agunt
851 2595 892 2626 de
906 2594 968 2625 hac

112 2647 245 2688 legione
267 2658 287 2679 a
309 2647 448 2680 Caesare
480 2648 515 2679 in
549 2647 658 2679 Gallia
686 2648 879 2688 conscripta,
911 2647 966 2678 cui

111 2711 234 2733 nomen
256 2702 447 2743 impositum
468 2702 510 2733 ab
531 2701 662 2739 alauda,
696 2700 780 2732 Gall.
803 2701 964 2739 alcouette,

112 2755 328 2788 casaubonus
350 2757 391 2787 ad
414 2755 504 2788 Suet.
526 2755 618 2787 Caes.
641 2756 682 2786 24
703 2761 735 2787 et
747 2755 964 2796 Nipperdeius

112 2809 147 2841 in
169 2808 318 2848 Quaestt.
341 2809 435 2841 Caes.
457 2820 489 2850 p.
512 2809 582 2840 120.

153 2861 317 2903 Leyionem
338 2862 394 2893 sub
414 2862 515 2904 siquas·
536 2861 659 2893 ducere.
683 2861 758 2893 Hoc
781 2867 830 2893 est
844 2871 861 2893 e
877 2866 965 2893 certa

111 2914 256 2946 Manutii
277 2915 488 2952 correctione,
512 2924 615 2956 quum
633 2915 725 2946 codd.
739 2914 883 2946 habeant
897 2914 963 2944 suis

112 2979 180 3000 non
201 2969 267 3001 sub.
290 2969 358 3002 Sed
379 2975 570 3000 constanter
601 2969 666 3000 dici
693 2968 748 2999 sub
777 2967 877 3009 siqnis
906 2968 964 2998 du-

112 3032 192 3060 cere,
215 3022 339 3060 habere,
360 3023 408 3053 ire
428 3023 501 3054 sim.
524 3021 631 3053 lexica
652 3021 730 3052 satis
752 3022 880 3052 docent.

155 3076 364 3117 Oonqiarium.
388 3076 464 3107 Non
488 3075 556 3106 vidi
579 3075 635 3115 qui
656 3075 719 3106 hoc
742 3075 877 3106 nomine
899 3080 965 3106 ute-

112 3134 201 3161 retur
232 3136 310 3161 ante
343 3129 536 3161 Ciceronem
569 3127 602 3159 h.
625 3127 647 3158 1.
669 3132 701 3159 et
722 3127 767 3159 X.
790 3127 819 3165 7,
842 3129 871 3159 3.
908 3127 965 3159 Se-

111 3183 242 3227 quentis
269 3183 384 3216 aetatis
417 3183 590 3224 scriptores
621 3181 846 3216 distinxerunt
880 3181 964 3214 inter

1015 2011 1121 2033 sarem
1142 2002 1192 2034 27.

1058 2052 1260 2099 Εὐκαιρίαν,
1299 2055 1588 2095 opportunitatem,
1611 2058 1647 2085 ut
1678 2054 1867 2094 interpreta-

1017 2118 1071 2143 tur
1093 2112 1208 2143 Cicero
1230 2111 1305 2142 Fin.
1327 2111 1392 2142 111.
1414 2112 1467 2143 45.

1057 2164 1222 2196 Romamne
1244 2164 1344 2201 venio,
1367 2170 1428 2196 cet.
1461 2163 1618 2194 Alterum
1648 2169 1758 2195 utrum
1781 2167 1869 2194 certe

1014 2219 1144 2259 scripsit
1157 2219 1281 2255 Cicero,
1291 2219 1343 2250 vel
1353 2219 1441 2259 quod
1453 2217 1719 2257 Wesenbergius,
1730 2217 1867 2248 Emend.

1015 2282 1045 2312 p.
1070 2273 1108 2303 81
1132 2272 1316 2313 proposuit:
1341 2270 1432 2301 Nune
1452 2272 1537 2301 tuum
1550 2269 1712 2301 consilium
1728 2269 1866 2311 exquiro,

1014 2326 1179 2357 Romamne
1200 2325 1329 2362 veniam,
1363 2336 1406 2356 an
1436 2324 1486 2354 laic
1518 2334 1669 2362 maneam,
1701 2334 1743 2354 an
1775 2323 1867 2364 Arpi-

1014 2388 1085 2409 num
1107 2397 1148 2402 —
1160 2378 1297 2420 fuyiam,
1327 2378 1380 2409 vel
1401 2378 1490 2419 quod
1510 2377 1593 2408 mihi
1616 2377 1722 2418 magis
1744 2377 1866 2418 placet:

1014 2431 1107 2463 Nunc
1128 2435 1214 2463 tuum
1237 2432 1397 2463 consilium
1421 2431 1560 2473 exquiro.
1584 2431 1750 2462 Romamne
1768 2430 1866 2468 venio,

1015 2498 1058 2518 an
1081 2487 1132 2518 hic
1153 2498 1269 2525 maneo,
1292 2498 1334 2517 an
1358 2486 1509 2527 Arpinum
1529 2505 1571 2510 —
1584 2486 1709 2528 ficqio?
1747 2485 1797 2517 De
1819 2486 1867 2517 in·

1013 2541 1156 2572 dicativo
1179 2541 1357 2582 praesentis
1380 2540 1545 2581 temporis,
1568 2540 1699 2581 quando
1721 2540 1794 2580 quis
1817 2549 1866 2570 ro·

1014 2603 1079 2635 gat,
1103 2596 1183 2636 quid
1205 2596 1393 2627 faciendum
1431 2595 1481 2632 sit,
1511 2599 1659 2625 accurate
1687 2594 1866 2634 disputavit

1012 2648 1125 2679 Madv.
1148 2647 1209 2689 Op.
1233 2648 1337 2679 Acad.
1360 2648 1406 2679 II.
1429 2658 1459 2689 p.
1481 2648 1522 2678 40
1544 2656 1592 2688 sq.
1616 2646 1700 2678 Cum
1722 2647 1754 2677 h.
1778 2647 1800 2677 1.
1823 2646 1865 2676 cf.

1011 2702 1081 2733 Att.
1106 2702 1210 2734 XIII.
1233 2703 1291 2733 402
1319 2701 1403 2742 Quid
1423 2702 1463 2732 mi
1486 2703 1596 2732 auctor
1626 2701 1685 2731 es?
1713 2700 1865 2731 advolone

1011 2766 1055 2787 an
1079 2755 1220 2787 maneo?

1051 2810 1068 2845 †
1089 2808 1226 2848 Romam,
1244 2819 1282 2840 ne
1298 2808 1518 2839 desideremur.
1537 2808 1600 2838 His
1614 2807 1720 2839 verbis
1732 2807 1864 2847 signum

1010 2862 1214 2902 corruptelae
1235 2861 1417 2902 praeposui,
1453 2870 1554 2900 quum
1588 2858 1762 2890 manifesto
1796 2869 1862 2889 non

1011 2915 1058 2946 ita
1081 2925 1100 2946 a
1124 2915 1284 2947 Cicerone
1307 2914 1450 2955 profecta
1474 2913 1549 2944 sint.
1578 2913 1698 2943 Tribus
1721 2913 1862 2953 proposi-

1012 2968 1063 3006 tis,
1086 2969 1127 3000 de
1149 2969 1270 3009 quibus
1302 2968 1409 2999 Attici
1438 2967 1613 2998 consilium
1640 2966 1777 3007 quaerit,
1806 2974 1863 2997 aut

1011 3022 1221 3063 singulorum
1243 3022 1387 3053 rationes
1410 3021 1709 3057 erantreddendae‚
1725 3030 1782 3050 cur
1796 3021 1862 3060 pln-

1010 3081 1132 3113 cerent,
1155 3081 1211 3106 aut
1234 3075 1362 3116 aliquid
1384 3074 1500 3106 saltem
1522 3073 1750 3110 adiiciendum,
1774 3074 1862 3104 unde

1009 3127 1260 3168 intelligeretur,
1293 3127 1373 3169 quid
1405 3136 1448 3158 ex
1479 3126 1581 3157 tribus
1605 3125 1670 3156 illis
1694 3125 1753 3166 ipsi
1776 3126 1860 3166 opti-

1010 3193 1102 3218 mum
1122 3184 1294 3217 videretur.
1320 3183 1349 3214 N
1353 3183 1415 3215 ude
1426 3182 1550 3213 Romam
1565 3191 1584 3214 e
1597 3181 1752 3223 superiori
1764 3191 1858 3224 ‹luae-

1899 981 1930 1007 lu

1895 1350 1927 1376 15

1891 1725 1925 1751 20
