2062 3565
85 168 170 207 180
484 166 567 207 ΕΡ.
604 164 679 206 AD
711 164 758 204 Τ.
793 161 1144 205 POMPONIUM
1178 159 1444 202 ATTICUM.

83 302 218 359 cuples
250 308 310 345 est
342 308 383 344 et
414 301 638 358 Appuleius
680 298 907 355 praediator
939 296 1131 348 liberalis,
1162 301 1298 338 tamen
1334 295 1454 338 velim
1486 295 1556 338 des
1589 309 1767 352 operam,
1801 298 1848 335 ut

81 377 297 432 investiges
343 393 391 418 ex
434 388 748 431 consponsorum
788 371 953 423 tabulis,
989 371 1093 413 sitne
1126 371 1184 412 ita
1220 395 1276 400 —
1311 369 1412 411 mihi
1444 368 1553 410 enim
1586 373 1679 410 ante
1712 366 1849 409 aedili-

83 455 206 493 tatem
247 465 375 491 meam
418 448 520 490 nihil
553 452 637 488 erat
670 462 762 488 cum
795 445 1030 497 Cornifici0;
1066 449 1198 500 potest
1229 449 1366 485 tamen
1398 443 1498 495 fieri,
1531 442 1601 484 sed
1635 442 1734 484 scire
1768 457 1849 483 cer-

84 530 169 566 tum
216 524 333 567 velim
368 548 440 574 -—,
475 528 515 564 et
547 521 722 577 appelles
755 524 1045 577 procuratores,
1080 519 1114 560 si
1146 517 1223 560 tibi
1256 517 1429 558 videtur.
1463 517 1718 572 Quamquam
1751 514 1848 571 quid

47 614 60 638 ε
86 599 134 640 ad
168 599 258 640 me?
307 598 608 638 Verumtamen.
653 596 807 636 Pansae
840 593 1128 651 profectionem
1162 591 1326 642 scribes,
1362 606 1487 646 quum
1520 590 1635 631 scies.
1669 589 1847 631 Atticam

86 672 232 713 salvere
267 670 360 712 iube
394 676 434 712 et
466 685 553 712 eam
587 685 695 721 cura,
729 669 907 720 obsecro,
943 667 1172 723 diligenter.
1207 666 1333 708 Piliae
1368 665 1551 708 salutem.

128 830 211 862 Mihi
231 849 271 853 —
294 831 378 861 nihil
398 834 467 862 erat
491 841 557 862 cum
592 831 754 872 Cornificio
777 840 810 862 o:
848 830 942 861 nulla
964 865 967 875 .
1034 828 1249 860 Verumtamen
1266 838 1362 870 saepe
1379 827 1523 869 elliptice
1536 826 1681 868 ponitur.
1692 825 1759 857 Hic
1775 835 1848 866 sup—

85 885 288 916 necessitudo
310 885 397 916 inter
418 894 478 916 nos
502 884 573 916 fuit.
596 884 636 916 cf.
656 885 731 916 Att.
745 883 843 916 XIV.
860 884 910 922 15,
924 883 941 914 3
987 883 1162 923 plendum:
1187 883 1333 924 appelles
1356 883 1434 914 licet
1456 888 1514 913 aut
1534 880 1695 912 eiusmodi
1711 879 1849 920 aliquid.

83 938 111 968 si
133 937 208 968 mihi
229 949 294 968 cnm
327 937 428 968 Bruto
457 937 540 968 nihil
564 937 699 978 fnisset.
731 937 943 969 Contrarium
965 935 967 995 i
987 938 1027 969 cf.
1051 938 1145 970 Fam.
1167 938 1268 969 XVI.
1292 938 1345 976 23,
1368 939 1396 968 1.
1418 938 1491 968 Att.
1516 936 1618 968 XIII.
1643 937 1671 973 2,
1697 936 1724 966 1.
1749 934 1848 966 XIV.

83 998 132 1022 est
153 991 228 1022 mila·
244 991 347 1022 omnia
371 992 445 1022 sunt
469 993 579 1029 tecum,
602 996 638 1022 ut
651 990 744 1022 Fam.
760 990 862 1022 XIII.
882 991 909 1027 l,
925 990 943 1021 2
988 993 1007 1023 8
1030 997 1114 1024 extr.
1142 993 1188 1030 12,
1214 993 1242 1023 1.
1268 992 1368 1023 XVI.
1393 993 1422 1029 3,
1446 993 1475 1022 3.

84 1046 153 1076 Cum
177 1044 314 1076 Patrone
339 1044 415 1075 mihi
438 1044 542 1076 omnia
564 1047 648 1076 sunt.

649 1163 822 1205 XVIII.
889 1166 955 1218 (A.
998 1165 1042 1206 U.
1082 1167 1124 1207 C.
1164 1165 1280 1220 709.)

147 1283 185 1323 1.
221 1281 328 1323 Dum
360 1278 655 1335 recordationes
688 1278 813 1334 fugio,
859 1294 960 1333 quae
994 1281 1107 1336 quasi
1141 1296 1277 1323 morsu
1309 1280 1485 1336 quodam
1517 1279 1693 1321 dolorem
1726 1276 1847 1320 effici-

82 1362 169 1407 unt,
213 1354 368 1409 refugio
413 1353 463 1395 ad
510 1359 550 1394 te
583 1351 903 1394 admonendum:
939 1353 1047 1409 quod
1082 1354 1201 1395 velim
1233 1353 1334 1395 mihi
1366 1354 1566 1409 ignoscaS‚
1601 1350 1847 1394 cuicuimodi

81 1437 154 1473 est.
208 1428 370 1471 Etenim
415 1426 544 1468 habeo
587 1426 802 1467 nonnullos
846 1441 894 1467 ex
938 1428 1002 1479 iis,
1049 1443 1148 1482 quos
1192 1443 1300 1469 nunc
1345 1427 1498 1478 lectito,
1547 1432 1742 1477 auctores,
1778 1425 1847 1481 qui

43 1522 57 1547 s
81 1505 218 1546 dicant
261 1501 346 1543 fieri
389 1500 432 1542 id
475 1506 670 1555 oportere,
717 1499 824 1554 quod
868 1515 984 1556 saepe
1029 1506 1163 1542 tecum
1196 1501 1263 1556 egi
1295 1506 1335 1542 et
1368 1500 1474 1556 quod
1508 1515 1531 1541 a
1561 1506 1601 1541 te
1636 1498 1847 1555 approbari

82 1577 184 1619 volo.
234 1576 295 1617 De
327 1574 419 1616 fano
451 1574 520 1615 illo
555 1574 659 1625 (1100,
693 1573 742 1614 (10
775 1589 855 1629 quo
888 1580 1062 1626 tantum,
1098 1580 1295 1630 quantum
1330 1591 1392 1616 me
1428 1590 1550 1626 amaS,
1586 1574 1706 1615 velim
1739 1573 1846 1628 cogi-

81 1657 154 1693 tes.
199 1649 397 1705 Equidem
441 1664 571 1703 neque
615 1648 662 1689 de
696 1663 840 1702 genere
875 1648 1017 1690 dubito
1054 1674 1110 1678 —
1144 1649 1276 1704 placet
1310 1649 1416 1690 enim
1451 1648 1551 1690 mihi
1585 1646 1736 1688 Cluatii
1771 1671 1845 1697 -,

80 1740 210 1780 neque
251 1723 300 1765 de
346 1738 387 1764 re
433 1747 488 1753 -—-
533 1727 731 1763 statutum
775 1728 835 1763 est
878 1723 985 1764 enim
1034 1748 1106 1774 —-,
1154 1723 1203 1765 de
1237 1723 1323 1765 loco
1356 1737 1662 1778 nonnunquam.
1717 1720 1843 1762 Velim

80 1799 204 1854 igitur
247 1798 412 1853 cogites.
456 1797 557 1852 Ego,
600 1801 794 1850 quantum
835 1795 898 1837 his
944 1795 1193 1852 temporibus
1236 1802 1319 1838 tam
1362 1795 1530 1838 eruditis
1562 1794 1648 1836 fieri
1680 1793 1841 1849 poterit,

25 1895 58 1922 20
79 1872 255 1930 profecto
287 1871 397 1921 illam
430 1867 669 1911 consecrabo
703 1868 811 1909 omni
845 1884 988 1923 genere
1022 1870 1359 1911 monimentorum
1393 1868 1443 1911 ab
1466 1868 1645 1910 omnium
1668 1865 1842 1921 ingeniis

79 1952 329 2002 sumptorum
372 1948 412 1984 et
445 1943 691 1984 Graecorum
723 1946 764 1982 et
795 1941 1055 1994 Latinorum3
1091 1957 1191 1997 quae
1224 1958 1286 1984 res
1320 1942 1489 1984 forsitan
1523 1941 1575 1983 sit
1606 1940 1842 1982 refricatur-a

79 2020 224 2062 vulnus
266 2033 413 2060 meum.
463 2016 541 2058 Sed
573 2016 653 2057 iam
687 2016 801 2070 quasi
835 2020 926 2056 voto
961 2016 1135 2070 quodam
1167 2022 1208 2058 et
1241 2017 1436 2072 promisso
1470 2031 1532 2057 me
1564 2014 1693 2056 teneri
1725 2018 1840 2070 puto,

76 2094 318 2149 longumque
365 2091 468 2133 illud
514 2096 686 2145 tempus,
728 2104 852 2144 quum
904 2104 984 2130 11011
1028 2105 1109 2141 ero,
1155 2090 1281 2145 magis
1329 2105 1391 2131 me
1436 2094 1569 2131 movet
1613 2103 1733 2143 quam
1765 2087 1842 2128 hoc

75 2168 279 2222 exiguum,
323 2164 430 2220 quod
474 2164 572 2205 mihi
614 2171 750 2205 tamen
792 2163 964 2204 nimium
996 2163 1162 2218 longum
1196 2163 1368 2205 videtur.
1417 2162 1560 2204 Habeo
1593 2161 1701 2203 em'm
1734 2161 1839 2203 nihil

19 2258 54 2284 15
74 2240 280 2296 temptatis
311 2238 430 2280 rebus
462 2236 649 2278 omnibus
681 2237 725 2277 in
758 2251 836 2290 quo
870 2237 1135 2291 acquiescam.
1175 2238 1297 2288 Nam,
1333 2236 1430 2278 dum
1463 2236 1565 2277 fflud
1599 2234 1838 2286 tractabam,

77 2315 125 2356 de
169 2329 246 2369 quo
291 2318 383 2354 ante
427 2311 477 2353 ad
520 2316 559 2352 te
609 2310 764 2365 scripsi,
810 2311 924 2364 quasi
965 2309 1148 2352 fovebam
1190 2311 1344 2352 dolores
1377 2326 1500 2352 meos.
1550 2310 1673 2351 Nunc
1707 2309 1842 2350 omnia

77 2403 233 2444 respuo,
278 2402 351 2429 nec
395 2384 614 2441 quidquam
658 2382 785 2425 habeo
817 2383 1066 2426 tolerabilius
1100 2400 1221 2440 quam
1254 2384 1529 2435 solitudinem,
1564 2399 1697 2438 quam,
1732 2382 1839 2438 quod

74 2477 181 2503 eram
221 2461 384 2511 veritus,
428 2473 508 2500 non
541 2456 773 2499 obturbavit
806 2456 1032 2512 Philippus.
1068 2459 1189 2509 Nam,
1224 2464 1271 2500 ut
1303 2459 1389 2500 heri
1422 2473 1485 2500 me
1519 2457 1723 2507 salutavit,
1758 2461 1837 2498 sta-

120 2621 138 2651 3
160 2618 284 2661 resumo
307 2629 327 2649 a
349 2620 381 2648 te
402 2615 596 2648 admonendo
619 2632 658 2637 -

117 2772 136 2812 ξ
158 2770 187 2801 1.
209 2768 342 2810 Reficqio
362 2766 407 2798 ad
434 2767 465 2796 te
497 2762 720 2795 admonendum
750 2762 864 2802 scripsi
894 2763 935 2795 de
955 2784 957 2811 Ι
977 2766 1020 2796 01)
1042 2767 1237 2798 memoriam
1265 2767 1404 2798 alicuius
1437 2767 1560 2798 factum
1593 2772 1651 2804 est,
1682 2772 1718 2798 ut
1749 2766 1836 2804 fana,

75 2824 238 2864 Madvigii
247 2822 443 2857 coniectura,
455 2827 555 2859 quam
567 2816 734 2857 proposuit
746 2816 781 2846 in
792 2816 932 2848 Emend.
954 2830 957 2862 1
977 2820 1132 2860 porticus,
1155 2821 1275 2862 scripta
1304 2829 1337 2853 et
1360 2821 1542 2853 carmina.”
1565 2820 1684 2852 Festus
1706 2831 1738 2861 p.
1760 2820 1832 2851 139.

75 2878 206 2910 Livian.
230 2887 262 2918 p.
285 2875 356 2907 226.
390 2872 489 2912 Quod
511 2871 618 2902 editur
643 2879 660 2900 e
683 2870 778 2900 codd.
813 2869 934 2900 falsum
954 2885 956 2915 Ι
977 2873 1043 2904 Hic
1065 2875 1106 2905 de
1128 2874 1329 2906 carminibus
1364 2875 1417 2906 vg]
1451 2874 1719 2916 inscriptionibus
1748 2873 1836 2913 cogi-

76 2943 146 2964 esse
169 2942 216 2970 ea,
239 2939 324 2972 quae
346 2932 540 2969 sequuntur,
564 2925 753 2956 ostendunt.
954 2937 956 2971 't
976 2929 1113 2959 tandum
1135 2933 1193 2959 est,

117 2985 165 3016 De
182 2993 299 3026 qenere
320 2992 355 3012 0:
378 2981 419 3011 de
441 2979 547 3009 forma
568 2977 689 3018 operis.
954 2979 955 2986 ¹
1017 2981 1155 3023 Lonyum
1182 2981 1268 3012 illud
1296 2983 1414 3023 tempus
1446 3001 1487 3005 —
1521 2981 1676 3023 exiquum.
1712 2981 1834 3013 Muret-

118 3036 245 3068 Clualz'i.
267 3035 378 3066 Huius
400 3030 569 3064 architecti
598 3039 696 3070 opera
726 3034 758 3060 et
794 3028 933 3059 consilio
976 3035 1055 3067 ναΐ,
1080 3035 1172 3067 Lect,
1195 3035 1259 3067 XI,
1284 3036 1324 3068 12
1345 3037 1529 3078 suspicami-
1544 3035 1739 3068 Ciceronem
1753 3035 1834 3067 haec

77 3093 111 3123 in
135 3091 212 3122 fano
235 3089 368 3121 Tulliae
389 3085 590 3119 exstruendo
625 3084 739 3115 Cicero
773 3083 822 3114 uti
844 3083 932 3115 vole·
976 3090 1174 3121 scribentem
1194 3090 1355 3130 cogitasse
1377 3090 1551 3132 Sophoclis
1573 3099 1687 3121 versus
1708 3099 1751 3121 ex
1763 3090 1834 3120 An-

77 3149 142 3179 bat.
165 3147 205 3178 cf.
229 3156 278 3188 ep.
303 3145 343 3176 36
364 3144 397 3175 h.
419 3144 442 3174 l.
954 3157 955 3192 3
975 3142 1088 3183 tigone
1111 3142 1151 3175 73
1173 3152 1242 3183 sqq.
1265 3143 1306 3174 In
1329 3153 1381 3174 vv.
1405 3153 1494 3184 quum
1517 3153 1577 3174 non
1601 3152 1655 3173 ero
1686 3142 1834 3182 sequitur

120 3201 387 3232 Monimentorum.
410 3196 655 3228 Monimentum
680 3199 727 3225 est
753 3193 933 3234 “quicquid
954 3193 955 3196 ’
977 3195 1071 3235 vulgi
1093 3194 1296 3235 opinionem.
