2062 3565
143 161 228 201 :310

544 160 627 201 ΕΡ.
664 158 738 198 ΑΒ
771 157 817 197 Τ.
851 155 1203 198 POMPONIVM
1238 154 1501 196 ATTICUM.

142 297 287 337 ticetur
329 295 452 336 vides.
503 295 728 336 Redeamus
772 293 910 348 igitur,
957 291 1146 346 quoniam
1193 305 1308 346 saepe
1355 305 1538 346 usurpas,
1574 292 1623 332 ad
1656 290 1903 332 Tusculanas

143 369 448 425 disputationes.
495 367 699 410 Saufeium
734 366 783 407 de
816 370 855 407 te
889 365 1084 415 celemus3
1118 379 1191 419 ego
1225 379 1432 418 nunquam
1465 364 1668 407 indicabo.
1712 364 1831 417 Quod
1864 370 1903 406 te

142 458 163 483 a
210 443 336 484 Bruto
378 440 533 492 scribis,
576 446 621 481 ut
653 440 796 481 certior
828 440 940 480 fieret
973 453 1053 493 quo
1087 437 1150 478 die
1184 437 1227 478 in
1260 437 1535 480 Tusculanum
1569 454 1694 480 essem
1729 438 1903 489 futurus,

138 524 184 556 ut
232 515 281 556 ad
328 520 366 556 te
416 518 508 556 ante
557 514 711 568 scripsi,
757 527 816 554 vi.
863 512 955 553 Kal.
1004 516 1043 552 et
1086 510 1248 565 quidem
1292 510 1349 551 ibi
1393 518 1432 551 te
1478 527 1595 566 quam
1629 513 1802 567 primum
1836 527 1904 566 per

110 588 271 630 svidere
312 587 444 628 velim.
494 588 600 628 Puto
641 587 747 628 enim
794 585 909 626 nobis
956 584 1184 625 Lanuvium
1220 583 1399 624 eundum
1433 592 1473 625 et
1507 584 1669 639 quidem
1702 600 1783 626 non
1817 585 1903 626 sine

138 662 265 703 multo
298 676 491 703 sermone.
527 661 604 702 Sed
637 658 848 717 μελήσει.
885 662 925 699 3.
962 657 1096 700 Redeo
1130 657 1179 698 ad
1214 658 1472 713 superiorem,
1508 674 1555 700 ex
1591 673 1669 713 qua
1702 662 1904 713 praetereo

137 736 206 777 illa
238 736 366 792 prima
399 735 447 776 de
481 735 722 784 Buthrotiis,
765 749 865 788 quae
911 733 1009 773 mihi

1044 736 1139 773 sunt
1171 731 1327 772 inclusa
1360 731 1572 783 medullis3
1608 732 1661 774 sit
1694 731 1826 782 modo,
1862 736 1907 773 ut

139 808 294 859 scribis,
327 808 439 849 locus
473 807 632 862 agendi.
669 808 728 848 De
763 806 941 847 orat-ione
978 804 1110 854 Bruti,
1148 819 1307 858 prorsus
1341 805 1565 855 contendis,
1601 821 1725 860 quum
1758 807 1904 847 iterum

135 888 219 924 tam
263 882 399 924 multis
444 881 574 923 verbis
618 882 716 936 agis.
763 882 900 935 Egone
945 884 990 920 ut
1033 893 1119 918 eam
1166 892 1338 927 causam,
1389 893 1508 932 quam
1542 879 1577 919 is
1613 879 1799 934 scripsit?
1832 893 1906 934 ego

91 972 122 997 ιο
139 955 309 998 scribam
353 970 434 996 non
477 962 641 1010 rogatus
687 954 736 995 ab
782 959 854 995 eo?
896 953 1020 994 Nulla

1066 951 1449 1010 παρεγχείρησις
1481 952 1567 993 fieri
1603 958 1733 1007 potest
1767 959 1907 994 contu-

139 1029 352 1070 meliosior.
398 1031 467 1079 At,
513 1029 662 1083 inquis,
713 1020 1087 1085 ‘Hyazltecdelou
1133 1023 1302 1079 aliquid.
1355 1024 1447 1065 Non
1484 1039 1624 1066 recuso
1655 1025 1698 1066 id
1733 1024 1909 1079 quidem,

141 1102 210 1144 sed
244 1107 284 1143 et
317 1101 636 1157 componendum
673 1105 954 1155 argumentum
1001 1106 1061 1139 est
1094 1104 1134 1138 et
1168 1097 1371 1139 scribendi
1405 1098 1718 1153 exspectandum
1752 1104 1910 1153 tempus

141 1176 351 1217 maturius.
386 1175 502 1217 Licet
534 1176 638 1216 enini
689 1174 737 1215 de
773 1189 849 1224 me,
886 1180 933 1214 ut
966 1172 1080 1222 libet,
1115 1172 1318 1213 existimes
1347 1195 1409 1219 .—
1445 1173 1563 1214 velim
1597 1174 1756 1228 quidem
1793 1189 1909 1229 quam

183 1332 202 1362 2
224 1331 386 1370 Saufeium
408 1334 500 1373 †per
523 1335 554 1362 le
578 1350 617 1354 —
642 1332 675 1362 ll
702 1330 834 1372 aliquod
855 1348 892 1352 —

184 1467 358 1498 Redeamus
381 1485 421 1490 —
444 1468 489 1498 ad
514 1467 710 1498 Tusculanas
721 1469 951 1509 disputaliones
968 1479 1000 1499 οι

141 1522 306 1552 discamus
330 1526 469 1553 mortem
492 1529 703 1553 contemnere
726 1532 830 1562 eoque
863 1523 1003 1553 consilio

142 1577 350 1617 perlegamus
375 1577 497 1608 librum
511 1577 527 1607 1
541 1578 818 1608 Tusculanarum.
843 1578 909 1608 Sed
924 1588 1002 1618 quo-

142 1632 232 1663 niam
257 1632 290 1663 in
314 1641 352 1663 eo
375 1632 460 1663 libro
483 1632 670 1672 disputatur
686 1639 800 1663 contra
813 1633 1002 1673 Epicureos,

142 1698 295 1719 curemus
318 1698 360 1719 ne
383 1688 535 1720 Saufeius
560 1689 592 1719 id
614 1689 776 1720 resciscat.

184 1740 343 1782 Saufeiu7n
368 1741 406 1771 de
430 1744 460 1771 te
483 1742 625 1772 relenms.
650 1742 749 1773 Recte
776 1741 901 1782 Popula
923 1741 1006 1772 vidit

144 1795 178 1825 in
201 1794 290 1825 Med.
308 1796 382 1834 pete
405 1800 513 1825 ortum
537 1803 606 1825 esse
630 1804 672 1825 ex
694 1794 732 1824 de
756 1797 796 1825 le.
821 1794 931 1824 Celare
947 1793 1005 1824 ali-

143 1859 227 1891 quem
252 1848 291 1878 (le
313 1848 420 1890 aliqua
445 1859 478 1879 re
501 1849 670 1880 invenitur
693 1850 777 1890 apud
798 1849 1002 1885 Ciceronem,

143 1902 237 1934 Fam.
260 1904 343 1934 VII.
368 1903 417 1939 20,
442 1903 470 1933 3.
493 1903 601 1934 Deiot.
627 1905 674 1941 18,
705 1904 804 1934 celari
827 1903 865 1934 de
887 1904 1002 1944 aliquo,

143 1959 216 1989 Att.
239 1958 284 1989 X.
311 1959 359 1995 14,
383 1960 412 1989 3.
437 1958 522 1990 Sull.
546 1959 594 1990 39.
619 1959 682 1990 Per
704 1962 743 1996 te,
762 1961 850 2000 quod
875 1960 909 1991 in
932 1960 1002 1990 cod.

143 2012 177 2043 X
202 2013 321 2044 Bosins
344 2013 465 2044 vidisse
497 2023 531 2044 se
563 2014 669 2054 fingit,
692 2014 791 2044 nihili
822 2020 880 2045 est.
916 2014 1001 2044 Nam

142 2076 198 2105 per
220 2067 251 2095 le
273 2066 359 2106 apud
383 2066 577 2097 Ciceronem
602 2078 668 2098 non
698 2067 818 2098 dicitur
851 2077 909 2107 pro
947 2069 1002 2096 lua

145 2128 253 2155 eausa,
272 2122 401 2159 propser
424 2122 464 2150 te.
489 2119 538 2151 Cf.
561 2120 688 2151 Handii
706 2121 791 2151 Turs
819 2120 880 2150 IV.
897 2130 926 2161 p.
942 2121 1003 2150 438

145 2182 194 2211 sq.
218 2172 318 2210 Quod
340 2173 495 2204 Klotzius
518 2173 636 2204 edidit:
676 2172 706 2204 S.
740 2174 845 2204 hercle
873 2173 1004 2203 celemus

145 2225 205 2255 vix
229 2225 274 2256 ita
296 2225 462 2266 corrumpi
485 2225 600 2266 potuit.
626 2225 707 2266 Eryo
730 2235 788 2266 pro
801 2236 855 2266 eqo
868 2226 902 2256 in
915 2224 1005 2257 Orel-

145 2279 235 2310 liana
257 2278 358 2310 altera
382 2285 431 2310 est
452 2279 571 2309 vitium
594 2280 793 2320 typothetae.

191 2333 282 2374 Quod
302 2336 333 2364 te
355 2344 374 2363 u
397 2333 501 2364 Bruto
522 2333 642 2364 scribis.
666 2335 736 2365 Aut
758 2334 924 2365 intercidit
947 2334 1003 2364 ali-

145 2388 234 2428 quod
255 2386 474 2428 participium,
499 2387 589 2418 velut
613 2389 764 2428 royalum,
788 2393 845 2417 aut
864 2386 1006 2417 scriben-

146 2441 224 2471 dum
247 2451 322 2471 eum
345 2439 503 2471 Graevio:
530 2440 622 2476 Quod
645 2441 683 2470 de
707 2440 809 2470 Bruto
831 2439 953 2470 scribis.

188 2492 229 2523 In
255 2492 463 2523 Tusculanum
485 2502 579 2523 essem
607 2494 754 2533 ficturus,
788 2493 940 2523 Handius
972 2492 1005 2523 in

147 2548 243 2578 'rurs
267 2548 331 2578 ΙΙΙ.
354 2558 384 2588 p.
408 2547 468 2577 348
490 2548 615 2588 probat,
640 2549 729 2588 quod
752 2557 769 2578 e
793 2548 885 2578 libris
902 2547 1006 2578 Mala—

1051 1472 1126 1502 Non
1151 1478 1275 1512 poterat
1297 1479 1406 1502 autem
1431 1472 1547 1503 Cicero
1571 1473 1711 1503 Brutum
1734 1473 1912 1504 convenire

1050 1524 1121 1555 sinc
1145 1525 1252 1555 multo
1277 1525 1550 1555 caesarianorum
1574 1533 1736 1556 sermone.

1093 1578 1110 1617 ξ
1134 1578 1163 1608 3.
1190 1577 1276 1617 Quae
1299 1576 1373 1607 mihi
1395 1580 1468 1607 sunl
1490 1577 1613 1607 inclusa
1648 1577 1804 1608 medullis.
1842 1577 1912 1609 Mo-

1051 1639 1141 1660 serus
1165 1629 1279 1670 Symb.
1305 1629 1385 1661 Crit.
1409 1630 1489 1661 VII.
1516 1641 1545 1671 p.
1572 1633 1588 1660 5
1604 1631 1806 1672 comparavit
1819 1631 1911 1662 Fam.

1052 1683 1129 1714 XV.
1167 1684 1214 1721 16,
1249 1683 1302 1725 qai
1337 1684 1411 1714 milii
1444 1685 1556 1715 haeres
1585 1685 1618 1715 in
1653 1684 1808 1722 medullis,
1842 1691 1912 1716 tum

1052 1740 1140 1770 Tusc
1177 1740 1238 1770 IV.
1263 1741 1303 1770 :24
1325 1746 1357 1771 et
1381 1739 1468 1771 Phil.
1494 1740 1519 1771 Ι.
1544 1740 1593 1777 36,
1628 1741 1684 1772 sed
1707 1746 1799 1781 putat
1832 1741 1911 1772 haec

1053 1802 1069 1824 e
1093 1794 1207 1833 poetae
1231 1793 1350 1824 veteris
1368 1793 1593 1824 recordatione
1608 1793 1743 1824 fluxisse
1756 1799 1851 1834 atque
1869 1803 1912 1825 ex

1052 1857 1157 1888 comp.
1180 1846 1292 1879 Ovidii
1315 1847 1416 1878 Trist.
1440 1848 1467 1878 1.
1481 1850 1508 1884 5,
1525 1848 1543 1878 9
1559 1847 1604 1878 sic
1623 1847 1810 1879 scribenda:
1834 1858 1914 1889 quae

1052 1901 1127 1931 milti
1151 1904 1224 1931 sunl
1248 1901 1348 1939 (imis)
1372 1901 1497 1931 inclusa
1521 1900 1676 1932 medullis.

1095 1953 1144 1984 De
1166 1953 1311 1985 oralione
1334 1954 1440 1984 Bruti.
1466 1954 1516 1985 Cf.
1541 1964 1589 1995 ep.
1615 1954 1630 1984 l
1656 1954 1695 1991 b.,
1720 1954 1748 1984 2.

1095 2007 1200 2049 hyone
1221 2025 1262 2030 —
1285 2018 1339 2047 eyo
1362 2008 1493 2038 scribam
1517 2013 1576 2041 cet.
1611 2007 1805 2039 Scabritiem
1843 2017 1913 2038 ora-

1053 2061 1151 2092 tionis
1176 2060 1292 2091 tollere
1316 2060 1416 2091 velim
1442 2061 1633 2091 scribendo:
1661 2059 1793 2102 Erqone‚
1816 2062 1850 2090 ut
1873 2077 1912 2081 —

1051 2114 1188 2154 scrip-sil,
1219 2125 1274 2155 eqo
1296 2114 1426 2144 scribam
1451 2121 1511 2145 cet.
1550 2114 1690 2144 Scribere
1713 2123 1837 2144 causam
1867 2119 1915 2145 est-

1052 2167 1192 2199 scribere
1215 2167 1400 2197 orationem
1424 2177 1483 2207 pro
1505 2177 1614 2197 causa.

1095 2218 1368 2264 Παρεγχείρησις
1389 2220 1520 2256 dicitur,
1556 2230 1658 2261 quum
1682 2224 1915 2261 argumentum

1053 2279 1095 2308 ab
1120 2278 1185 2308 alio
1209 2283 1383 2308 tractatum
1413 2277 1498 2308 alius
1530 2278 1592 2308 sibi
1621 2278 1831 2310 scribendum
1865 2288 1916 2309 su-

1054 2331 1123 2368 mit,
1147 2336 1184 2361 ut
1206 2331 1319 2361 docuit
1341 2331 1519 2362 Turnebus
1535 2331 1677 2362 Advers-
1692 2331 1774 2362 XII.
1791 2331 1840 2368 11,
1864 2331 1916 2362 cui

1053 2384 1268 2425 adstipulatur
1290 2384 1450 2415 Ernestus
1474 2384 1592 2415 Lexic.
1616 2384 1779 2415 Teehnol.
1801 2383 1915 2416 Graec.

1054 2448 1088 2468 m
1113 2447 1202 2468 voce.

1100 2479 1349 2531 Ἠρακλειὸεἷον
1373 2487 1498 2528 aliquid
1519 2497 1552 2518 a:
1581 2487 1706 2528 aliquid
1721 2496 1802 2528 opus
1817 2483 1914 2518 πολι·

1030 2541 1163 2600 Ιτικόν,
1199 2545 1296 2585 quale
1341 2545 1474 2584 scripsit
1520 2543 1713 2574 Heraclides
1749 2543 1916 2574 Ponticus.

147 2601 261 2640 spinae
283 2600 426 2637 affertur,
449 2601 608 2637 venturus,
633 2601 697 2631 nisi
719 2600 792 2641 quis
815 2601 902 2631 dicat
926 2600 1005 2631 talia
1054 2602 1148 2632 Idem
1171 2611 1253 2642 opus
1276 2600 1481 2641 significatur
1502 2600 1535 2630 h.
1560 2599 1580 2630 l.
1603 2599 1652 2636 27,
1677 2600 1705 2630 -2,
1722 2599 1824 2630 XVI.
1839 2600 1868 2635 2,
1885 2600 1914 2629 6.

147 2654 227 2684 vitia
239 2664 306 2684 non
318 2653 470 2684 dedecori
486 2662 555 2684 esse
567 2653 721 2684 familiari
731 2654 885 2684 sermoni.
895 2654 1006 2691 Recte,
1054 2654 1134 2686 XV.
1157 2655 1206 2691 13,
1231 2656 1260 2691 3,
1284 2664 1301 2685 e
1323 2664 1388 2694 quo
1406 2653 1478 2684 loeo
1494 2658 1628 2693 apparet
1643 2658 1788 2684 exeunte
1805 2662 1917 2684 mense

147 2715 236 2747 puto,
260 2713 490 2748 comparantur
511 2706 544 2737 in
564 2709 750 2746 potestatem
775 2717 850 2745 esse,
881 2707 914 2738 in
938 2717 1006 2738 con—

147 2764 281 2800 spui-lum
306 2772 382 2798 esse,
405 2762 446 2792 de
468 2761 586 2801 quibus
601 2761 667 2802 egit
678 2761 844 2801 Reisigius
859 2762 893 2792 in
907 2761 1006 2793 Scho-

148 2815 189 2845 lis
213 2816 230 2852 ξ
254 2814 314 2844 403
339 2819 369 2844 et
391 2813 545 2844 Handius
577 2814 624 2843 ll.
657 2825 686 2854 p.
710 2816 772 2844 344
800 2825 847 2855 sq.
894 2816 1008 2852 Quum
1030 2810 1033 2865 ξ

149 2870 277 2910 proprie
301 2869 417 2900 Cicero
439 2868 581 2899 scribere
603 2869 769 2905 debuerat,
802 2879 860 2909 quo
894 2868 946 2899 die
974 2868 1006 2898 in
1029 2879 1033 2916 1

150 2923 176 2952 T
175 2923 355 2953 asculanum
379 2924 528 2952 venturus
552 2921 651 2962 ibique
663 2921 799 2961 futurus
815 2931 918 2957 essem,
937 2931 1006 2951 ora-

150 2976 274 3006 tionem
299 2974 476 3005 contraxit.
1032 3007 1033 3012 ¹

192 3028 253 3059 Per
277 3028 382 3058 cidere
405 3027 493 3058 velim
517 3037 551 3058 o:
577 3027 735 3067 pervelim
759 3029 879 3059 videre.
904 3028 952 3058 Cf.
967 3029 1006 3058 ad

149 3084 175 3113 1.
202 3085 231 3119 4,
256 3084 282 3112 ὃ.

192 3137 374 3173 Luam-ium,
397 3137 436 3167 ad
466 3137 619 3174 Brutum,
651 3136 708 3176 qui
741 3136 910 3167 ciceronis
932 3146 1007 3166 con-

150 3191 258 3222 silium
287 3191 430 3233 avcipere
453 3191 614 3232 cupiebat.
656 3190 731 3221 Vid.
756 3200 804 3231 ep.
830 3190 857 3227 ]‚
881 3192 898 3220 5
929 3190 960 3220 h.
985 3190 1007 3220 l.
1030 3218 1033 3223 ,

1055 2707 1190 2741 Octobri
1213 2718 1240 2738 a.
1265 2707 1325 2739 710
1350 2707 1544 2738 Ciceronem
1567 2707 1651 2737 illud
1673 2707 1823 2737 noudum
1842 2707 1917 2737 scri-

1057 2762 1131 2792 bere
1155 2770 1348 2801 aggressum
1373 2769 1454 2791 esse.
1475 2759 1518 2789 Et
1540 2759 1677 2790 Beierus
1712 2759 1845 2800 quidem
1881 2759 1914 2789 in

1054 2813 1285 2854 disputatione,
1311 2822 1395 2853 quae
1419 2812 1540 2852 legitur
1572 2812 1605 2842 in
1642 2811 1752 2842 Iahnii
1791 2811 1916 2841 Annal.

1058 2867 1181 2898 Philol.
1206 2866 1251 2896 ΙΙ.
1275 2876 1305 2906 p.
1331 2865 1391 2896 342
1414 2874 1462 2905 sq.
1485 2864 1665 2905 suspicatus
1687 2871 1737 2896 est
1762 2863 1916 2894 omnibus

1031 2930 1033 2933 ’
1054 2921 1106 2951 his
1129 2920 1210 2950 locis
1234 2919 1285 2959 agi
1311 2920 1352 2950 (le
1376 2919 1469 2949 libris
1491 2918 1530 2948 de
1554 2918 1693 2959 Leyibus.
1719 2917 1785 2948 Sed
1809 2926 1863 2948 eos
1887 2928 1916 2947 a.

1055 2974 1116 3006 702
1138 2974 1190 3004 vel
1215 2973 1274 3005 703
1298 2973 1434 3013 scriptos
1458 2981 1538 3008 esse,
1573 2972 1630 3003 sed
1652 2981 1719 3002 non
1751 2971 1916 3001 absolutos

1055 3028 1236 3058 docuerunt
1261 3027 1410 3057 Mosei-us
1433 3025 1466 3055 in
1504 3024 1754 3055 Introductione
1787 3028 1818 3054 et
1852 3024 1915 3054 Ba-

1055 3080 1129 3110 kins
1152 3079 1186 3109 in
1218 3078 1480 3119 Prolegomenis.
1506 3095 1546 3099 —
1570 3075 1701 3117 Aliquid
1731 3076 1846 3116 scripsi
1886 3087 1914 3116 p.

1054 3133 1184 3174 aliquod
1220 3142 1237 3163 e
1269 3132 1471 3163 correctione
1502 3130 1743 3169 Wesenbergii,
1778 3130 1914 3161 Emend.

1055 3199 1085 3229 p.
1111 3189 1161 3218 54.
