2062 3565
184 140 273 180 354
585 138 668 179 ΕΡ.
703 137 778 177 ΑΙ)
810 137 857 176 Τ.
892 134 1241 176 POMPONIUM
1274 133 1537 175 ATTICUM.

186 274 346 315 fecisset
387 273 707 326 iudicassemque
756 270 847 321 hoc,
897 269 1006 324 quod
1053 268 1158 319 dico,
1204 269 1362 310 firmum
1411 268 1507 319 fore,
1549 283 1630 310 non
1673 268 1853 310 fecissem
1885 266 1943 318 id,

188 348 296 403 quod
342 347 524 388 dicturus
567 359 668 386 sum.
717 343 828 384 Duxi
878 343 983 384 enim
1030 356 1184 382 mecum
1229 340 1521 382 adolescentem
1563 340 1612 382 ad
1657 342 1844 383 Brutum.
1878 340 1942 381 Sic

188 422 225 463 ei
265 419 477 476 probatum
519 422 592 468 est,
633 415 740 471 quod
784 415 834 456 ad
876 420 916 456 te
960 413 1105 464 scribo,
1152 420 1197 454 ut
1239 413 1324 469 ipse
1357 412 1584 465 crediderit,
1617 429 1680 456 1116
1714 427 1943 470 sponsorem

185 494 362 549 accipere
394 490 570 534 noluerit
601 503 772 544 eumque
804 487 974 530 laudans
1007 487 1247 528 amicissime
1279 486 1524 527 mentionem
1557 487 1619 528 tui
1651 486 1804 537 fecerit,
1839 501 1944 527 com-

151 567 323 622 §plexus
373 564 654 618 osculatusque
703 562 914 603 dimiserit.
969 559 1240 612 Quamobrem
1289 561 1364 601 etsi
1414 560 1540 614 magis
1590 565 1664 611 est,
1706 559 1814 615 quod
1859 574 1946 614 gra-

183 639 287 681 tuler
328 637 419 688 tibi,
464 652 584 691 quam
629 634 735 690 quod
777 640 816 675 te
859 648 1009 688 rogem,
1043 638 1178 674 tamen
1213 633 1334 673 etiam
1366 648 1477 688 rogo,
1513 638 1572 684 ut,
1606 634 1641 674 si
1674 649 1774 688 quae
1809 633 1945 675 minus

183 718 300 753 antea
343 715 502 767 propter
548 709 822 751 infirmitatem
869 707 1011 748 aetatis
1055 711 1283 748 constanter
1328 706 1378 747 ab
1411 721 1457 747 eo
1490 708 1575 748 fieri
1608 707 1863 758 videbantur,
1898 722 1946 748 ea

184 785 338 827 iudices
381 783 497 824 illum
545 782 750 832 abiecisse,
791 781 972 835 mihique
1021 780 1158 821 credas
1190 780 1360 821 multum
1396 780 1604 822 allaturam
1637 781 1699 822 vel
1732 781 1949 836 plurimum

185 859 320 915 potius
353 857 402 899 ad
435 857 545 898 illius
578 855 774 897 iudicium
811 853 1129 895 confirmandum
1157 854 1436 894 auctoritatem
1458 859 1584 895 tuam.
1609 855 1650 895 3.
1675 855 1801 895 Bruto
1824 869 1947 910 quum

135 947 170 973 10
187 947 301 988 saepe
341 931 566 973 iniecissem
613 929 661 970 de
708 924 970 986 ὀμοπλοιῖιι,
1022 942 1104 968 11011
1153 926 1330 982 perinde,
1366 935 1485 982 atque
1519 942 1592 982 ego
1625 933 1821 983 putaram,
1856 927 1951 968 arri-

187 1022 278 1062 pere
324 1006 432 1046 visus
480 1008 554 1044 est.
605 1001 898 1044 Existimabam
941 998 1295 1059 μετεωρότερον
1341 1016 1440 1051 6556,
1490 1009 1530 1041 et
1579 1000 1738 1042 hercule
1780 1006 1878 1052 erat,
1912 1006 1952 1042 et

187 1079 357 1120 maxime
391 1078 439 1119 de
473 1077 594 1118 ludis.
638 1079 693 1117 At
724 1075 837 1126 mihi,
875 1090 999 1130 quum
1033 1074 1080 1116 ad
1118 1074 1251 1115 villam
1286 1074 1490 1125 redissem,
1526 1075 1601 1116 Cn.
1636 1074 1848 1124 Lucceius,
1882 1075 1952 1129 qui

187 1152 358 1193 multum
410 1153 538 1194 utitur
585 1152 726 1201 Bruto,
772 1151 949 1192 narravit
992 1149 1106 1190 illum
1152 1148 1264 1190 valde
1298 1149 1462 1198 morari,
1496 1164 1577 1190 non
1611 1149 1955 1203 tergiversantem,

188 1225 257 1266 sed
307 1231 620 1281 exspectantem,
672 1224 705 1265 si
739 1224 808 1278 qui
841 1223 942 1264 forte
977 1237 1106 1263 casus.
1164 1221 1306 1276 Itaque
1341 1221 1497 1272 dubito,
1533 1237 1583 1263 an
1619 1221 1836 1263 Venusiam
1870 1226 1957 1262 ten-

134 1313 167 1338 15
187 1298 278 1340 (lam
319 1305 360 1339 et
406 1297 465 1340 ibi
499 1303 726 1353 exspectem
764 1295 813 1336 de
846 1294 1096 1350 legionibus:
1133 1295 1167 1335 si
1201 1293 1386 1344 aberunt,
1422 1299 1468 1335 ut
1501 1293 1664 1349 quidam
1697 1292 1957 1344 arbitrantur,

192 1372 462 1428 Hydruntem,
505 1372 539 1413 si
578 1376 768 1413 neutrum
810 1370 886 1410 erit
932 1364 1180 1424 ἀσφαλές,
1219 1367 1357 1409 eodem
1391 1374 1578 1410 revertar.
1629 1366 1760 1409 Iocari
1791 1381 1854 1407 me
1886 1381 1958 1421 pu-

188 1447 276 1488 tas?
321 1447 486 1496 Moriar,
533 1446 565 1486 si
600 1445 811 1500 quisquam
845 1459 906 1484 me
941 1448 1051 1484 tenet
1084 1447 1239 1498 praeter
1273 1452 1326 1483 te.
1377 1442 1540 1483 Etenim
1575 1439 1852 1496 circumspice,
1887 1438 1956 1481 sed

189 1520 324 1562 †ante
359 1518 566 1561 erubesco.
613 1521 654 1559 4.
689 1517 725 1558 O
769 1517 853 1558 dies
887 1516 929 1557 in
964 1515 1154 1570 auspiciis
1196 1514 1341 1570 Lepidi
1374 1514 1505 1571 lepide
1540 1513 1760 1569 descriptos
1793 1518 1834 1554 et
1866 1518 1956 1568 apte

189 1593 238 1635 ad
286 1593 498 1635 consilium
541 1590 696 1632 reditus
737 1590 887 1631 nostri!
935 1589 1088 1644 Magna
1133 1585 1252 1642 ῥοπὴ
1297 1587 1345 1628 611
1394 1586 1725 1643 proficiscendum
1772 1586 1843 1641 (in)
1876 1586 1958 1627 tuis

137 1667 328 1709 2111116115.
380 1668 511 1720 Atque
557 1664 712 1705 utinam
759 1676 798 1704 te
848 1662 955 1703 illic!
1003 1661 1079 1703 Sed
1134 1668 1177 1702 ut
1222 1661 1444 1703 conducere
1496 1660 1670 1717 putabis.
1708 1663 1749 1701 5.
1786 1660 1957 1716 Nepotis

189 1740 397 1796 epistolam
441 1744 642 1794 exspecto.
694 1736 876 1792 f'upidus
922 1735 989 1776 ille
1024 1750 1217 1785 meorum,
1253 1736 1322 1791 qui
1356 1751 1415 1785 ea,
1452 1735 1598 1790 quibus
1633 1734 1804 1777 maxime
1839 1748 1957 1792 γαυ-

238 1918 274 1951 17
298 1917 354 1949 sed
373 1919 459 1954 ante,
479 1926 569 1958 quam
593 1914 739 1946 erubesco
763 1931 803 1936 —
827 1913 864 1943 19
889 1912 933 1943 ad
949 1912 1210 1954 proficiscendum
1233 1912 1297 1944 tuis
1321 1931 1358 1935 —-

238 2079 254 2117 ξ
280 2079 306 2107 13.
335 2076 431 2115 Quum
442 2084 534 2114 saepe
545 2073 732 2104 iniec-issem.
754 2071 892 2102 Iniz'cere
906 2072 1054 2102 absolute

196 2131 327 2172 ponitur
348 2140 406 2170 pro
422 2128 529 2159 obiter
547 2127 749 2158 mentionem
767 2126 813 2156 rei
835 2125 951 2156 facere.
976 2125 1052 2155 vid.

195 2185 288 2215 Fam.
312 2183 395 2214 X11.
420 2183 468 2220 16,
493 2183 521 2220 2,
546 2193 575 2223 p.
601 2182 717 2220 Quint.
741 2182 780 2211 68
806 2192 834 2221 p.
860 2181 983 2215 Tullio,
1005 2180 1054 2209 35.

197 2238 359 2270 Similiter
381 2237 524 2276 simplex
548 2236 661 2271 iacere,
686 2236 726 2265 de
742 2245 806 2275 quo
823 2235 891 2273 egit
904 2234 1055 2264 Kritzius

198 2291 239 2321 ad
262 2290 329 2321 Sal.
353 2290 427 2330 Iug.
453 2290 499 2325 11,
524 2292 553 2319 5.

240 2344 288 2374 De
310 2339 493 2388 ὃμοπλοίᾳ.
520 2340 568 2372 Cf.
594 2350 643 2381 ep.
671 2341 697 2377 l,
721 2341 739 2370 3
762 2340 794 2370 h.
819 2340 840 2370 l.

241 2398 289 2429 De
308 2397 493 2439 leyionibus.
518 2396 595 2426 Vid.
619 2395 698 2425 XV.
723 2395 773 2431 21,
786 2396 804 2425 3
819 2402 850 2425 et
867 2393 964 2424 XVI.
979 2396 1008 2430 4,
1027 2395 1057 2428 4,

241 2451 275 2482 Si
296 2453 437 2482 neutrum
463 2449 524 2480 erit
549 2445 713 2493 ἀσφαλές,
738 2448 844 2478 eodem
863 2449 1005 2477 revertar
1023 2457 1055 2480 0:

201 2510 230 2541 si
252 2518 357 2550 neque
379 2507 615 2543 Brundusium,
641 2498 746 2546 neque
769 2505 984 2545 Hydruntem
1006 2514 1058 2535 me

201 2569 270 2593 tuto
292 2561 441 2592 conferre
464 2565 586 2600 potero,
617 2565 760 2589 revertar
783 2558 814 2587 in
840 2567 914 2588 curn
939 2558 1057 2593 locum,

203 2615 259 2646 ubi
281 2624 369 2645 nunc
391 2623 474 2649 sum,
498 2611 664 2642 Puteolos.

244 2666 366 2698 Etenim
388 2665 598 2704 circumspice,
621 2664 677 2694 sed
696 2666 712 2700 †
736 2665 811 2693 ante
828 2662 980 2693 erubesco.
1004 2663 1055 2693 Ita

202 2722 292 2753 Med.
323 2720 390 2752 Sed
410 2720 491 2750 haec
515 2718 700 2758 significare
722 2727 825 2758 posse,
849 2717 936 2757 quod
964 2717 1061 2747 multi

204 2775 331 2811 volunt,
355 2773 387 2803 in
410 2782 444 2803 03
467 2775 550 2802 tuum
575 2771 627 2802 vel
651 2773 725 2801 ante
750 2771 856 2800 oculos
880 2770 936 2800 tibi
957 2769 1062 2800 dicere

204 2827 359 2862 erubesco,
380 2834 607 2866 pernegamus.
623 2823 768 2854 Possunt
792 2823 818 2853 si
835 2822 949 2853 Cicero
965 2822 1063 2862 scrip-

204 2881 247 2912 sit
269 2875 355 2913 ἆίντα
377 2889 411 2910 0:
436 2888 548 2909 coram.
572 2876 630 2907 Nil
652 2876 752 2913 iuvat,
775 2876 891 2916 quode
913 2874 1062 2914 margine
1082 2908 1084 2910 ,

207 2938 295 2970 Crat.
318 2937 467 2969 affertur:
490 2933 553 2965 Sed
573 2937 737 2974 antequam
752 2932 905 2969 erubesco,
918 2941 978 2962 nec
990 2931 1062 2963 Mo-

205 2991 269 3023 seri
292 2989 482 3031 explicatiO,
511 2986 626 3027 Symb.
650 2986 728 3018 Crit.
752 2985 834 3016 VII.
857 2995 888 3025 p.
911 2984 962 3014 16.

207 3154 354 3186 Caesari>
378 3153 484 3182 locum
510 3150 595 3180 furto
626 3155 753 3195 creatus
789 3147 893 3187 (Vell.
918 3146 977 3178 Par
1013 3147 1057 3176 Π.

1104 2074 1168 2114 62),
1192 2075 1261 2106 (1165
1285 2074 1452 2110 indicarat,
1475 2074 1596 2115 quibus
1618 2084 1760 2113 augures
1793 2075 1834 2105 ad
1856 2074 1962 2115 auspi-

1104 2129 1153 2159 cia
1177 2129 1335 2169 capienda
1368 2130 1479 2159 adesse
1509 2130 1676 2159 deberent.
1712 2128 1961 2160 conveniebant

1105 2185 1144 2213 ad
1167 2183 1341 2213 consilium
1370 2183 1491 2213 redjtus
1518 2183 1696 2214 ciceronis.
1736 2183 1850 2223 Lepide
1873 2183 1961 2214 addi-

1105 2243 1156 2265 tur
1178 2245 1195 2266 e
1229 2242 1315 2266 certa
1349 2235 1553 2276 Malaspinae
1585 2235 1799 2272 correctione,
1836 2245 1902 2266 non
1926 2241 1960 2265 ut

1105 2288 1250 2320 Orellius
1272 2289 1385 2320 scribit
1406 2298 1424 2319 e
1446 2289 1516 2319 cod.
1541 2289 1568 2319 F
1571 2289 1672 2320 aerni.

1148 2341 1187 2371 In
1210 2342 1272 2372 tuis
1289 2342 1401 2372 literis.
1426 2342 1709 2383 Praepositionem
1723 2341 1833 2372 addidi
1846 2351 1864 2372 e
1875 2341 1962 2372 coni.

1106 2396 1222 2427 Orellii
1246 2396 1380 2436 probata
1402 2396 1641 2436 Wesenbergio
1665 2407 1694 2437 p.
1731 2396 1782 2427 46.
1819 2394 1869 2426 Cf.
1892 2396 1961 2426 Mo-

1105 2450 1169 2480 seri
1194 2449 1308 2490 Symb.
1332 2450 1411 2481 Crit.
1438 2450 1536 2481 VIII.
1561 2461 1591 2491 p.
1615 2450 1664 2481 19.

1149 2506 1164 2543 ξ
1190 2506 1218 2533 5.
1243 2503 1380 2544 Nepotis.
1411 2504 1568 2541 Fuerunt,
1592 2504 1649 2544 qni
1672 2504 1726 2544 agi
1749 2510 1901 2544 putarent
1921 2503 1963 2534 de

1109 2558 1149 2594 Q.
1172 2557 1310 2588 Metello
1333 2557 1468 2598 Nepote,
1492 2558 1549 2598 qui
1564 2557 1740 2597 aliquoties
1762 2562 1964 2588 memoratur

1107 2611 1141 2641 in
1165 2611 1312 2651 epistolis
1334 2621 1361 2641 a.
1386 2612 1446 2642 696
1469 2618 1502 2642 et
1519 2611 1579 2643 697
1594 2611 1733 2651 scriptis.
1757 2610 1823 2642 Sed
1836 2610 1963 2641 etiamsi

1107 2664 1163 2695 ille
1186 2674 1214 2695 a.
1238 2664 1298 2696 700
1321 2664 1407 2695 inter
1430 2663 1545 2695 Scauri
1558 2664 1742 2695 laudatores
1757 2664 1864 2700 fuerit,
1881 2668 1963 2694 teste

1105 2719 1253 2750 Asconio
1277 2719 1310 2749 in
1334 2718 1448 2750 Seaur.
1470 2729 1500 2759 p.
1524 2718 1574 2754 28,
1598 2724 1708 2749 tamen
1729 2724 1803 2758 post
1814 2724 1882 2748 tam
1893 2717 1964 2748 ‹h'u-

1106 2781 1240 2804 turnum
1264 2774 1434 2804 silentium
1468 2780 1609 2803 statuere
1639 2772 1716 2803 licet
1748 2772 1814 2802 iam
1843 2771 1963 2802 obiisse

1107 2835 1139 2859 et
1161 2834 1249 2860 certe
1271 2839 1337 2859 non
1362 2829 1389 2859 is
1412 2835 1490 2865 erat,
1513 2838 1611 2869 quem
1630 2827 1747 2859 Cicero
1762 2827 1884 2859 eximie
1895 2827 1962 2858 lau-

1106 2882 1208 2912 daret.
1241 2883 1289 2912 At
1317 2882 1400 2912 nihil
1423 2882 1540 2919 obstat,
1563 2881 1740 2922 quominus
1769 2880 1961 2912 Cornelium

1105 2935 1269 2976 Nepotem
1306 2935 1445 2966 indicari
1477 2940 1667 2972 statuamus,
1701 2944 1799 2975 quem
1836 2939 1964 2966 constat

1081 3013 1083 3029 Λ
1107 2994 1182 3020 ante
1204 2999 1232 3019 a.
1257 2989 1315 3021 707
1340 2989 1580 3020 Chronicorum
1603 2989 1704 3020 libros
1725 2994 1792 3020 tres
1823 2988 1962 3020 edidisse

248 3044 266 3083 ξ
289 3045 318 3073 4.
345 3041 370 3072 O
391 3041 458 3072 dies
481 3040 514 3070 in
549 3038 700 3080 auspiciis
733 3037 841 3078 Lepidi
873 3037 976 3077 lepide
1009 3037 1060 3067 de·
1082 3031 1083 3037 ¹

204 3099 347 3138 scriptos.
368 3098 416 3128 M.
440 3095 586 3137 Lepidus
607 3093 758 3134 pontifex
780 3093 946 3123 maximus
969 3093 1003 3122 in
1020 3091 1058 3123 C.
1080 3114 1081 3119 ,

1108 3041 1246 3082 (Catull.
1271 3043 1300 3073 Ι.
1326 3043 1369 3084 l),
1392 3053 1458 3083 quo
1479 3052 1578 3083 opere
1591 3042 1800 3079 inclaruerat,
1817 3048 1851 3073 et
1862 3051 1961 3082 quem

1106 3095 1277 3128 Ciceronis
1301 3097 1498 3129 familiarem
1525 3097 1624 3129 fuisse
1647 3096 1838 3128 eSuetonio
1852 3096 1960 3130 (0665.

1106 3151 1169 3189 55),
1194 3150 1361 3180 Macrobio
1387 3150 1466 3189 (Sar.
1494 3151 1537 3180 11.
1564 3151 1595 3184 1)
1620 3149 1756 3189 aliisque
1779 3149 1908 3179 seimus.
