2062 3565
137 604 151 628 5

115 965 150 992 10

115 1326 148 1353 15

178 165 230 205 10
567 164 650 204 EP.
686 164 762 204 AD
795 163 840 203 T.
876 160 1225 203 POMPONIUM
1260 158 1525 200 ATTICL'M.

174 313 254 340 non
288 313 457 354 possem.
491 298 625 339 Infero
659 298 757 338 mari
792 296 922 346 nobis,
957 296 1110 336 incerto
1143 308 1278 345 cursu,
1313 293 1444 335 hieme
1471 294 1644 335 maxima
1666 293 1937 348 navigandum

173 375 245 412 est.
280 372 366 425 Age
398 372 492 422 iam,
526 385 616 411 cum
650 370 784 420 fratre,
819 384 870 410 an
904 369 988 410 sine
1022 381 1068 408 eo
1102 381 1193 408 cum
1226 366 1334 408 filio?
1358 371 1399 408 at
1422 365 1663 421 quomodo?
1694 367 1744 408 In
1768 372 1936 421 utraque

171 445 278 486 enim
311 459 352 485 re
385 459 539 485 summa
574 442 787 483 difficultas
821 442 910 491 erit,
945 454 1124 482 summus
1160 439 1284 481 animi
1319 440 1446 481 dolor.
1479 439 1562 491 Qui
1595 444 1730 481 autem
1762 440 1936 495 impetus

169 517 278 558 illius
312 517 387 558 erit
418 517 462 558 in
494 532 566 558 1105
600 515 784 557 absentes
817 514 1077 568 fortunasque
1110 514 1295 555 nostras?
1328 513 1470 554 Aerior
1493 529 1613 568 quam
1635 514 1678 555 in
1700 518 1935 564 ceterorum,

171 591 276 646 quod
310 589 470 646 putabit
502 590 667 630 fortasse
700 589 743 629 in
775 587 892 629 nobis
927 586 1124 629 violandis
1159 587 1312 642 aliquid
1346 602 1386 628 56
1419 587 1564 628 11311616
1598 587 1803 644 populare.
1852 589 1936 644 Age

168 663 262 712 iam,
304 663 374 703 has
417 661 639 717 compedes,
690 660 829 711 fasces,
864 662 1045 714 inquam,
1079 659 1152 701 hos
1185 659 1383 702 laureatos
1416 661 1552 701 efferre
1584 676 1632 702 ex
1667 661 1785 702 Italia
1819 676 1936 715 quam

169 736 378 777 molestum
428 737 510 776 est!
577 735 658 787 Qui
709 739 841 776 autem
893 735 1004 776 loeus
1038 735 1114 776 erit
1145 734 1262 775 nobis
1294 738 1424 785 tutus,
1459 739 1505 775 ut
1538 735 1617 776 iam
1651 734 1817 789 placatis
1850 740 1937 777 uta—

168 823 255 849 mur
298 807 501 858 fluctibus,
545 813 759 862 antequam
803 808 852 849 ad
908 808 1024 849 illum
1067 807 1320 849 venerimus?
1385 808 1476 860 Qua
1530 812 1663 849 autem
1719 812 1788 847 aut
1841 822 1935 862 quo,

167 881 269 923 nihil
314 881 474 922 scimus.
521 883 562 922 6.
598 883 653 922 At
687 882 720 922 si
754 882 936 923 restitero
970 886 1010 923 et
1043 869 1164 923 fuerit
1196 880 1313 922 nobis
1346 881 1388 922 in
1423 881 1497 922 hac
1531 886 1641 936 parte
1675 881 1798 931 loeus,
1829 880 1937 922 idem

167 956 309 1005 fecere,
344 954 448 1009 quod
483 955 525 996 in
559 954 712 996 Cinnae
747 955 1018 997 dominatione
1053 956 1100 997 L.
1137 955 1364 1010 Philippus,
1401 955 1508 1010 quod
1542 955 1590 996 L.
1622 954 1805 1004 Flaccus,
1829 953 1935 1008 quod

166 1027 218 1079 Q.
261 1027 436 1078 Mucius,
483 1042 642 1082 quoquo
690 1027 808 1069 modo
852 1043 897 1069 ea
938 1043 998 1069 res
1046 1028 1141 1069 huie
1187 1027 1348 1081 quidem
1395 1027 1554 1078 cecidit,
1598 1028 1668 1082 qui
1712 1032 1845 1068 tamen
1878 1026 1937 1068 ita

167 1100 296 1142 dicere
342 1099 508 1151 solebat,
555 1115 595 1141 se
639 1100 679 1141 id
723 1100 804 1142 fore
846 1101 994 1151 videre,
1037 1100 1144 1155 quod
1178 1100 1329 1141 factum
1363 1106 1435 1150 est,
1471 1100 1540 1141 sed
1574 1100 1691 1141 malle
1724 1115 1844 1155 quam
1878 1116 1937 1142 ar-

167 1178 318 1215 matum
353 1173 402 1215 ad
436 1174 588 1228 patriae
622 1173 779 1214 moenia
812 1174 1010 1215 accedere.
1072 1173 1199 1214 Aliter
1232 1173 1505 1229 Thrasybulus
1537 1178 1577 1214 et
1593 1174 1757 1215 fortasse
1780 1172 1939 1215 melius.

168 1247 245 1288 Sed
295 1252 355 1288 est
402 1251 510 1288 certa
558 1246 754 1302 quaedam
798 1247 868 1288 illa
913 1247 1042 1288 Mucii
1075 1247 1178 1288 ratio
1212 1251 1331 1302 atque
1365 1247 1578 1298 sententia,
1624 1252 1684 1288 est
1714 1247 1783 1288 illa
1817 1248 1935 1289 etiam

171 1319 402 1376 [Philippi],
438 1325 491 1371 et,
527 1335 650 1374 quum
685 1320 738 1361 sit
769 1335 943 1372 11606556,
980 1321 1124 1362 servire
1157 1321 1327 1376 tempori
1361 1326 1401 1362 et
1433 1336 1513 1362 non
1547 1321 1728 1362 amittere
1762 1326 1934 1376 tempus,

168 1409 292 1448 quum
334 1394 386 1434 sit
417 1393 571 1435 datum.
617 1394 693 1436 Sed
727 1394 771 1435 in
805 1394 880 1435 hoe
913 1395 999 1449 ipso
1034 1393 1185 1436 habent
1217 1400 1352 1436 tamen
1384 1394 1506 1435 iidem
1540 1394 1665 1435 fasces
1698 1394 1936 1436 molestiam.

168 1467 230 1508 Sit
277 1467 383 1508 enim
427 1466 544 1508 1101115
595 1468 759 1518 amicus,
798 1468 904 1522 quod
938 1469 1136 1510 incertum
1170 1473 1241 1518 est,
1274 1468 1341 1509 sed
1376 1468 1442 1517 sit,
1489 1467 1637 1508 deferet
1671 1467 1936 1523 triumphum.

169 1540 265 1580 Non
298 1539 489 1594 accipere,
525 1540 550 1583 †
571 1556 621 1581 ne
655 1541 924 1596 periculosum
958 1541 1024 1592 sit,
1059 1541 1304 1582 invidiosum
1338 1541 1387 1582 ad
1421 1540 1561 1581 bonos.
1596 1540 1632 1581 O
1665 1556 1762 1591 rem,
1785 1541 1936 1595 inquis,

170 1612 371 1654 difficilem
406 1616 445 1653 et
477 1612 824 1668 inexplicabilem!
862 1613 988 1667 Atqui
1023 1613 1260 1669 explicanda
1287 1618 1360 1654 est.
1386 1613 1467 1665 Qui
1491 1613 1516 1655 †
1534 1613 1640 1654 6111111
1665 1613 1750 1654 fieri
1776 1615 1936 1669 potest?

211 1801 229 1832 2
257 1811 298 1831 an
320 1800 418 1831 sine?
441 1800 594 1841 monastic)
618 1804 673 1832 aut
696 1811 752 1843 quo
776 1801 890 1832 modos
914 1819 950 1823 —

213 1969 322 2010 Insero
344 1969 697 2009 mari—7ttzviqaoedum
723 1972 782 2000 est.
804 1970 853 2000 Cf.
869 1969 931 2001 IX.
947 1971 995 2007 19,
1013 1972 1030 2001 3

170 2023 274 2064 bifero
297 2023 408 2065 (mari)
431 2023 654 2063 flammineas,
690 2029 721 2054 et
744 2023 821 2054 ibid.
846 2025 874 2061 5,
899 2024 915 2054 1
947 2024 1032 2054 navi-

166 2075 254 2117 yatz'o
277 2075 390 2116 insero.
434 2075 633 2106 Ablativum
657 2075 765 2106 eidem
788 2076 890 2106 verbo
921 2075 1032 2107 iunxit

1080 1971 1248 2003 voluntate
1271 1972 1306 2003 C.
1329 1972 1430 2004 Marii
1454 1973 1592 2003 iunioris
1622 1983 1678 2012 per
1703 1972 1936 2012 Damasippum

1079 2034 1095 2055 6
1118 2024 1208 2055 curia
1231 2025 1363 2065 fugiens
1384 2025 1420 2056 in
1444 2026 1609 2057 vestibulo
1631 2026 1720 2057 aedis
1743 2025 1865 2056 Vestae
1888 2030 1936 2056 est

1080 2077 1281 2109 interfectus.
1316 2078 1393 2109 Vid.
1418 2078 1486 2110 Cic.
1509 2079 1549 2110 de
1572 2078 1613 2109 N.
1637 2078 1676 2109 D.
1700 2078 1766 2108 ΙΙΙ.
1789 2078 1837 2108 80.
1860 2077 1934 2108 Liv.

169 2129 298 2160 Plinius
321 2129 364 2160 H.
388 2129 430 2159 N.
454 2129 516 2166 VI,
541 2129 602 2159 126
618 2128 647 2158 si
669 2128 753 2169 Τι’-φή
770 2128 944 2170 naviqetur.
967 2130 1031 2160 Ac-

170 2185 356 2216 cusativum
379 2184 489 2225 posuit
514 2183 632 2216 Cicero
657 2183 692 2214 in
716 2184 885 2215 locutione
907 2185 1034 2225 poetica

170 2239 244 2270 Fin.
270 2239 316 2270 II.
340 2238 400 2269 112
433 2238 461 2268 si
494 2237 529 2268 X
529 2247 618 2269 ern-es
642 2255 683 2260 —
707 2238 809 2268 maria
837 2238 1034 2276 (ambulasset,

174 2296 293 2324 terram
316 2292 506 2332 naviyasset.
541 2291 724 2332 Scriptores
745 2298 819 2332 post
841 2293 1033 2333 Augustum

173 2347 300 2387 saepius
322 2346 545 2377 accusativum
575 2350 781 2386 usurparunt,
813 2346 903 2377 velut
939 2345 1029 2378 Suet.

172 2399 205 2430 in
230 2398 344 2430 Claud.
367 2399 395 2428 1.

213 2451 285 2482 Cum
315 2451 437 2490 fratre,
462 2460 504 2480 an
532 2450 600 2480 sine
630 2459 664 2480 eo
692 2459 757 2480 cum
776 2449 881 2490 filio?
912 2454 945 2480 at
975 2462 1033 2492 quo

170 2504 286 2536 modo?
331 2504 382 2535 Ita
410 2504 491 2535 haec
521 2503 620 2534 verba
650 2503 823 2534 scribenda
858 2508 888 2534 et
920 2503 1035 2534 distin-

171 2559 303 2599 guenda
342 2558 506 2589 videntur.
544 2556 734 2588 Pronomen
769 2566 804 2587 eo
837 2567 904 2588 non
938 2567 1032 2598 posse

170 2612 282 2642 abesse
304 2610 388 2641 vidit
413 2609 612 2641 Schellerus.
636 2608 772 2646 Observ,
796 2619 826 2650 p.
850 2609 921 2641 187.
943 2609 1031 2640 Nam

169 2665 239 2696 sine
261 2674 431 2705 nunquam
454 2663 601 2694 adverbii
619 2663 688 2693 vini
704 2663 813 2694 habet.
836 2663 947 2704 Atque
960 2663 1029 2704 ipsa

170 2717 359 2759 depravatio
381 2717 415 2747 in
438 2716 528 2747 Med.
554 2715 582 2746 si
602 2725 668 2753 nec,
681 2716 832 2756 quodque
849 2721 1030 2747 correct-um

170 2777 219 2804 est
241 2772 310 2803 sine
332 2774 364 2802 et
387 2771 428 2802 ad
450 2780 567 2802 verum
579 2769 819 2801 inveniendum
832 2768 930 2801 ducit.
958 2771 1029 2802 Cum

162 2825 238 2867 filio
260 2835 302 2855 an
324 2822 499 2865 quomodo?
515 2822 550 2853 in
566 2822 683 2854 eodem
698 2821 784 2853 libro
800 2822 918 2854 vitiose
933 2824 1029 2865 scrip-

173 2885 243 2911 tum
266 2884 325 2910 est.
346 2877 500 2910 Handius
523 2877 558 2908 in
580 2877 675 2908 Turs.
702 2877 730 2907 Ι.
746 2887 777 2917 p.
801 2878 859 2908 551
883 2878 1030 2910 defendit

169 2936 238 2973 ant,
261 2933 348 2974 quod
369 2932 472 2964 Bosio
494 2931 640 2962 debetur.
673 2931 744 2971 Ego
767 2931 881 2972 scripsi
903 2934 938 2962 at
960 2943 1028 2974 quo-

170 2985 287 3017 modo?
316 2990 444 3017 secutus
472 2984 632 3015 iudicium
664 2983 832 3015 Gronovii.
867 2984 1027 3026 Supplen-

171 3040 250 3069 dum
273 3043 336 3069 est:
368 3047 443 3069 eum
465 3046 595 3069 mecum
617 3036 746 3068 traham
768 3036 803 3068 in
827 3041 954 3068 tantum
977 3048 1029 3079 pe-

172 3092 322 3122 riculum.

213 3146 282 3184 §fi
311 3144 346 3185 Q.
370 3144 492 3176 Mucias
515 3143 665 3184 pontifex
688 3143 854 3174 maximus
870 3154 896 3173 a.
913 3142 1027 3176 §mex

1078 2129 1166 2171 Epit.
1190 2130 1247 2161 lib.
1270 2131 1319 2161 86.
1346 2131 1489 2172 Appiam.
1512 2132 1552 2162 B.
1577 2131 1614 2162 C.
1639 2132 1665 2162 1.
1689 2132 1738 2162 88.

1121 2182 1177 2213 Est
1199 2184 1260 2214 illa
1283 2184 1377 2214 etiam
1408 2184 1594 2226 [Philippi]
1622 2185 1661 2216 L.
1685 2185 1830 2216 Marcius
1860 2183 1935 2215 Phi-

1079 2237 1194 2278 lippus,
1218 2237 1257 2268 L.
1281 2238 1436 2269 Valerius
1458 2238 1606 2276 Flaccus,
1631 2238 1671 2277 Q.
1695 2238 1826 2270 Mucius
1842 2237 1936 2270 Scae-

1080 2292 1155 2322 vola
1179 2292 1213 2322 in
1238 2291 1363 2323 Cinnae
1385 2293 1610 2324 dominatione
1639 2293 1673 2323 in
1703 2293 1783 2323 urbe
1813 2292 1935 2323 restite-

1078 2351 1165 2381 runt,
1190 2345 1303 2376 eadem
1328 2345 1477 2376 omnium
1499 2346 1560 2376 fuit
1583 2345 1666 2376 ratio
1689 2351 1785 2386 atque
1807 2350 1935 2376 senten-

1079 2397 1133 2428 tia.
1171 2397 1247 2428 Non
1270 2402 1375 2438 potest
1398 2398 1500 2437 igitur
1522 2398 1696 2438 Philippus
1719 2397 1840 2438 opponi
1862 2397 1934 2428 Mu-

1078 2451 1130 2482 cio
1151 2457 1181 2482 et
1205 2461 1326 2482 nomen
1350 2451 1492 2492 Philippi
1515 2452 1693 2483 delendum
1722 2457 1778 2482 est.
1818 2451 1935 2491 Neque

1077 2514 1158 2544 opus
1182 2510 1240 2541 est,
1264 2511 1299 2535 ut
1322 2505 1409 2545 quod
1432 2505 1565 2536 volebat
1597 2503 1752 2541 Orellius,
1783 2514 1842 2544 pro
1874 2503 1933 2534 illa

1077 2556 1237 2587 scribatur
1269 2557 1347 2588 alia.
1392 2558 1498 2588 Mucii
1536 2558 1720 2589 sententiae
1759 2557 1934 2598 opponitur

1077 2609 1277 2649 Thrasybuli
1301 2610 1485 2647 consilium,
1510 2611 1598 2651 quod
1621 2610 1804 2651 explicatur
1823 2609 1933 2640 verbis

1077 2673 1136 2693 aon
1158 2662 1303 2694 amittere
1325 2666 1452 2704 tempu&
1476 2675 1566 2705 quum
1588 2664 1630 2694 sit
1649 2663 1767 2694 datum.
1788 2663 1863 2694 Hoc
1875 2663 1933 2693 ita-

1077 2726 1140 2757 que
1163 2717 1258 2748 dicit:
1282 2717 1341 2748 Est
1355 2718 1412 2748 ubi
1426 2717 1615 2758 praevaleat
1629 2717 1731 2748 Mucii
1745 2716 1931 2752 consilium,

1076 2775 1125 2801 est
1148 2769 1204 2800 ubi
1227 2769 1475 2810 Thrasybulum
1497 2770 1618 2801 imitari
1643 2769 1762 2800 melius
1785 2769 1836 2800 sit.

1117 2821 1188 2852 Non
1213 2822 1352 2862 accipere
1374 2827 1434 2853 cet..
1456 2823 1637 2863 Egregiam
1648 2822 1828 2862 amplector
1840 2820 1932 2853 Orel-

1076 2876 1112 2907 lii
1134 2877 1370 2917 suspicionem:
1405 2877 1475 2908 Non
1497 2877 1637 2919 accipere
1659 2887 1704 2907 me
1723 2876 1931 2917 periculosum

1052 2923 1053 2927 ¹
1074 2933 1139 2967 θεέ,-
1164 2931 1316 2972 accipere,
1338 2931 1525 2963 invidiosum
1547 2932 1592 2963 ad
1613 2931 1736 2973 (potius
1757 2930 1854 2971 apud)
1883 2930 1930 2961 bo-

1051 2984 1052 2987 ’
1076 2992 1139 3014 7208.
1170 2983 1324 3016 Sermoni
1346 2985 1415 3015 vim
1437 2984 1573 3022 faciunt,
1597 2985 1654 3026 qui
1675 2983 1868 3025 particulam
1891 2993 1930 3013 ne

1074 3038 1105 3068 h.
1129 3039 1150 3069 l.
1174 3038 1341 3069 vindicare
1363 3039 1508 3070 student.

1119 3090 1179 3131 Qui
1200 3093 1216 3125 †
1238 3091 1316 3121 enim
1329 3091 1408 3131 fieri
1425 3092 1558 3131 potest?
1591 3091 1763 3122 Praeclare
1785 3089 1929 3123 Orellius

1075 3143 1107 3174 in
1132 3144 1185 3174 all.
1211 3144 1285 3175 edit.
1309 3144 1443 3185 corrigit
1467 3147 1567 3175 «ecdem
1593 3155 1650 3184 pro
1669 3144 1757 3181 enim,
1771 3143 1928 3174 invocans
