2062 3565
665 159 771 201 ΕΓΒ.
807 159 906 201 ΧΠ.
943 160 1025 200 ΕΡ.
1063 163 1259 202 44—47.
1760 169 1845 207 209

75 294 242 335 Caesare
291 293 423 334 vicino
464 295 698 351 scripseram
745 296 794 338 ad
841 301 895 347 te,
943 295 1038 351 quia
1083 310 1296 350 cognoram
1343 314 1390 339 ex
1432 300 1515 341 tuis
1549 300 1689 342 literis.
1746 302 1845 343 Eum

77 364 301 412 σύνναον
332 367 506 419 Quirino
541 370 644 412 malo
678 386 794 426 quam
831 370 974 412 Saluti.
1008 370 1070 411 Tu
1104 385 1194 411 vero
1219 372 1410 427 pervulga
1436 373 1632 415 Hirtium.
1668 374 1714 415 [d
1739 376 1845 416 enim

76 442 206 498 ipsum
240 445 422 496 putaram
458 443 563 497 quod
599 444 753 497 scribis,
788 451 847 496 ut,
883 459 1007 500 quum
1041 445 1249 500 ingenium
1285 447 1400 487 amici
1436 449 1562 490 nostri
1596 448 1845 504 probaretur,

77 511 324 565 ὑπόθεσις
357 515 612 571 vituperandi
647 519 812 560 Catonis
845 517 1093 560 irrideretur.

146 654 162 670 Α

77 694 164 715 nunc
188 683 309 723 legitur
332 683 365 714 in
389 683 483 724 epist.
506 683 556 722 47,
580 686 609 722 3,
634 695 718 726 quae
743 685 844 724 igitur
861 691 939 716 tem·
962 723 963 728 1
990 685 1053 715 vol.
1080 685 1145 716 ΙΙΙ.
1169 684 1209 716 P.
1233 685 1262 722 2,
1287 696 1316 726 p.
1339 685 1399 716 369
1423 695 1513 727 seqq.
1552 687 1599 718 De
1623 688 1700 720 aede
1726 688 1849 720 Salutis

77 738 164 778 poris
186 737 303 769 ordine
326 737 412 768 hanc
437 738 610 779 praecedit.
962 733 963 759 Ῐ
990 747 1017 768 a.
1043 738 1078 769 C.
1102 737 1200 768 Iunio
1223 738 1378 769 Bubulco
1404 749 1430 770 a.
1456 740 1515 770 451
1539 741 1572 771 111
1598 742 1712 771 eodem
1736 749 1847 772 moute

121 790 195 822 Eum
224 789 373 824 σύνναον
407 791 537 832 Quirino
561 791 643 821 malo
655 802 746 832 quam
762 791 877 823 Saluti.
902 793 940 823 Iu
990 795 1138 825 dedicata
1159 794 1225 825 vid.
1252 795 1376 826 ibidem
1400 806 1430 836 p.
1454 796 1513 828 :376
1537 808 1587 837 sq.
1619 798 1753 828 Acci-bo
1776 808 1849 827 cuni

77 849 162 880 colle
186 849 353 887 Quirinali
387 855 456 881 erat
487 849 649 890 templum
679 848 823 887 Quirini,
853 851 965 890 quod*
993 848 1064 878 ioco
1087 848 1203 879 Cicero
1233 849 1347 879 scribit
1378 858 1412 879 se
1447 850 1546 881 malle
1579 852 1752 881 Caesarem
1783 862 1851 881 csse

80 902 116 933 L.
144 902 295 943 Papirius
319 902 443 934 Cursor
465 902 670 934 Samnitibus
692 903 831 934 devictis
853 905 941 935 dedi·
995 901 1124 938 Quirini
1156 902 1409 933 contubernalem
1443 903 1562 941 (cxlii.
1592 904 1640 941 28,
1672 907 1717 945 53),
1754 915 1852 944 quain

78 955 166 986 cavit
188 961 220 986 et
242 955 386 987 hostium
408 956 522 997 spoliis
538 956 722 994 exornavit,
736 956 810 987 Liv.
831 956 941 987 X.4(5.
964 960 966 965 ’
992 955 1113 986 Salutis
1135 966 1166 987 o:
1193 957 1302 988 necari
1326 958 1432 998 potius
1459 968 1476 988 a
1499 959 1626 989 civibus
1650 959 1727 995 suis,
1751 967 1850 998 quam

79 1009 181 1039 Anno
204 1008 263 1041 705
288 1009 346 1040 illa
369 1010 464 1041 aedes
489 1009 566 1048 igne
590 1017 787 1050 consumpta
800 1016 858 1040 est.
881 1010 942 1040 Re·
966 1042 967 1047 ¹
991 1009 1124 1040 servari.
1148 1008 1286 1040 Salutem
1311 1010 1413 1041 Attici
1433 1011 1566 1042 vicinam
1584 1012 1762 1053 appellavit
1777 1024 1781 1039 ι
1789 1022 1853 1051 [110-

80 1063 215 1094 novavit
248 1063 355 1095 Iulius
386 1062 506 1095 Caesar
536 1068 633 1104 atque
667 1073 695 1094 a.
718 1063 778 1096 709
808 1063 944 1102 Quirini
966 1059 967 1074 ³
993 1073 1055 1103 que
1078 1073 1174 1104 supra
1201 1064 1260 1095 IV.
1286 1065 1313 1102 1,
1337 1067 1366 1095 4.

86 1121 192 1147 statua·
214 1116 259 1147 ibi
283 1117 390 1158 posita
412 1124 460 1149 est
482 1127 557 1148 cum
580 1117 643 1148 hoc
672 1117 769 1148 titulo
802 1116 868 1148 Deo
899 1117 944 1147 in·
1037 1116 1190 1157 Pervulya
1218 1117 1353 1149 Hirsiwm
1379 1128 1411 1148 a:
1437 1118 1541 1150 liii-tii
1560 1119 1691 1150 librum,
1706 1118 1808 1154 (1117,
1827 1119 1855 1149 3.

83 1170 174 1202 nicto.
218 1169 258 1201 cf.
289 1171 424 1202 Urlichs
453 1171 487 1202 in
517 1170 669 1211 descript.
700 1170 791 1200 urbis
821 1170 946 1202 Romae
968 1181 970 1200 1

660 1276 820 1319 XLVI.
888 1280 952 1331 (A.
996 1279 1040 1320 [J.
1080 1282 1121 1320 c.
1161 1281 1278 1335 709.)

146 1394 330 1445 Vincam,
381 1394 534 1450 opinor,
587 1394 766 1436 animum
810 1399 850 1435 et
898 1393 1081 1436 Lanuvio
1129 1411 1290 1451 pergam
1339 1397 1382 1438 in
1432 1398 1720 1439 Tusculanum.
1774 1401 1855 1438 Aut

82 1465 190 1510 eriim
236 1468 335 1510 mihi
378 1469 420 1510 in
466 1474 702 1524 perpetuum
748 1468 874 1510 fundo
918 1468 987 1509 illo
1031 1469 1246 1511 carendum
1291 1477 1352 1512 est
1386 1496 1442 1500 ——
1478 1487 1570 1513 nam
1604 1471 1716 1512 dolor
1749 1471 1856 1511 idem

82 1542 274 1593 manebit,
310 1547 469 1584 tantuin
504 1542 724 1584 modestius
759 1569 815 1572 —-
852 1547 922 1584 aut
954 1545 1090 1585 nescio
1124 1545 1221 1600 quid
1255 1545 1428 1595 intersit,
1465 1550 1601 1587 utrum
1624 1546 1720 1587 illuc
1746 1560 1853 1586 nune

84 1617 254 1668 veniam,
277 1623 350 1657 'an
394 1616 443 1657 ad
489 1615 625 1657 decem
671 1632 811 1658 annos.
862 1617 1005 1672 Neque
1054 1618 1159 1659 enim
1194 1619 1271 1660 ista
1304 1619 1429 1660 maior
1463 1619 1699 1671 admonitio,
1737 1634 1856 1674 qutun
1897 1649 1901 1655 ‚

82 1689 230 1745 quibus
263 1689 422 1731 assidue
457 1690 644 1732 conficior
677 1696 717 1732 et
750 1690 834 1732 dies
869 1698 909 1732 et
941 1698 1094 1733 noctes.
1129 1692 1240 1744 Quid
1273 1694 1394 1748 ergo?
1427 1693 1610 1749 inquies:
1647 1693 1750 1734 nihil
1769 1693 1856 1734 lite-

80 1764 174 1806 rae?
207 1764 258 1805 In
290 1763 364 1805 hac
399 1764 563 1819 quidem
596 1780 636 1806 re
674 1780 806 1806 vereor
840 1780 890 1806 ne
925 1766 1043 1807 etiam
1079 1770 1237 1817 contra;
1258 1780 1351 1807 nam
1369 1781 1495 1808 essem
1519 1767 1684 1808 fortasse
1704 1766 1855 1807 durior.

83 1837 256 1879 Exculto
291 1839 398 1880 enim
433 1838 504 1893 (in)
540 1839 673 1880 animo
707 1838 811 1880 nihil
844 1844 1013 1893 agreste,
1049 1839 1151 1881 nihil
1184 1839 1451 1881 inhumanum
1486 1846 1560 1882 est.

124 2005 143 2036 8
167 2007 184 2044 †
206 2005 304 2037 Est-sto
327 2006 410 2037 enim
432 2006 536 2037 animo
559 2023 599 2029 —

120 2167 254 2200 Eri-culto
278 2168 357 2200 enim
380 2168 413 2199 in
436 2168 540 2199 animo
563 2166 646 2198 nihil
673 2166 808 2207 αρν-θεία
841 2165 943 2199 Liber
966 2195 967 2201 ,
992 2163 1085 2195 venit
1108 2158 1231 2209 ξεστῷ,
1250 2163 1367 2196 merito
1382 2174 1401 2195 a
1415 2164 1557 2196 Graevio
1573 2166 1852 2206 esti-epudiatuni.

79 2222 168 2253 Med.
193 2222 293 2254 habet
315 2223 397 2258 mlo,
420 2221 543 2252 omissa
557 2220 667 2251 media
678 2219 815 2260 syllaba.
841 2220 942 2251 Recte
965 2207 968 2244 1
992 2221 1287 2262 Praepositiouem,
1308 2232 1391 2263 quae
1415 2222 1527 2254 abesse
1557 2232 1623 2254 11011
1656 2223 1767 2263 possit,
1799 2232 1853 2252 ex-

78 2276 266 2308 emendavit
289 2275 468 2307 Victorius.
493 2275 592 2314 Quod
615 2274 715 2305 Bosio
739 2274 773 2305 in
792 2280 941 2306 mentem
965 2278 968 2312 1
990 2277 1107 2308 cidisse
1130 2285 1203 2318 post
1225 2278 1304 2308 enim
1329 2278 1457 2309 monuit
1480 2278 1852 2320 Wesenbe1·gi11sp.i-u.

645 2379 829 2423 XLVII.
896 2384 960 2436 (A.
1003 2383 1048 2424 [s.
1088 2387 1128 2424 ε’.
1168 2384 1284 2439 709.)

144 2501 181 2541 1.
225 2499 287 2540 Tu
330 2498 468 2553 igitur,
515 2502 559 2538 ut
601 2496 809 2552 scripsisti,
853 2513 926 2539 nec
968 2498 1009 2539 id
1051 2499 1306 2541 incommodo
1339 2506 1424 2543 tuo.
1478 2501 1550 2543 Vel
1584 2500 1702 2542 binae
1737 2502 1842 2542 enim

78 2577 267 2629 poterunt
310 2572 460 2613 literae.
511 2571 729 2612 occurram
775 2571 909 2622 etiam,
955 2572 989 2613 si
1030 2588 1189 2615 necesse
1234 2575 1322 2615 erit.
1374 2575 1481 2629 Ergo
1512 2574 1554 2615 id
1589 2575 1766 2630 quidem,
1802 2585 1847 2615 ut

77 2648 239 2704 poteris.
273 2647 334 2687 De
367 2644 556 2695 Mustela,
591 2649 638 2685 ut
671 2643 825 2696 scribis,
871 2646 945 2687 etsi
979 2661 1168 2702 magnum
1203 2664 1303 2703 opus
1338 2654 1412 2690 est.
1447 2649 1507 2690 Eo
1532 2649 1659 2703 magis
1683 2648 1846 2689 delabor

78 2721 128 2763 ad
161 2720 358 2762 Clodiam.
391 2719 647 2773 Quamquam
679 2718 722 2759 in
756 2723 926 2773 utroque
961 2720 1232 2763 Faberianum
1266 2738 1412 2764 nomen
1446 2721 1734 2777 explorandum
1769 2729 1842 2770 est,
1888 2737 1901 2759 5

77 2795 126 2837 de
160 2810 239 2851 quo
271 2792 375 2836 nihil
418 2792 614 2842 nocuerit,
655 2792 689 2832 si
722 2792 871 2847 aliquid
909 2808 1001 2835 cum
1035 2794 1162 2836 Balbo
1196 2795 1273 2836 eris
1308 2795 1480 2846 locutus,
1517 2800 1556 2836 et
1589 2793 1765 2849 quidem,
1802 2801 1845 2834 ut

78 2883 140 2910 res
172 2872 246 2920 est,
280 2881 408 2909 emere
442 2881 514 2906 nos
549 2864 647 2907 velle
681 2880 753 2906 nec
787 2880 900 2921 posse
935 2867 1019 2908 sine
1046 2867 1124 2909 isto
1157 2869 1320 2910 nomine
1350 2884 1424 2910 nec
1449 2867 1593 2908 audere
1618 2882 1657 2906 re
1681 2867 1844 2906 incerta.

119 3031 137 3070 ξ
159 3030 188 3061 1.
214 3029 259 3062 Tu
281 3030 378 3071 iyitur
403 3040 457 3071 up.
482 3029 532 3061 fac
559 3029 610 3061 vel
633 3030 674 3060 ad
696 3039 749 3062 me
771 3031 858 3062 veni.
885 3030 937 3062 Ita
988 3031 1083 3064 Iubet
1105 3033 1259 3065 Atticum
1282 3034 1406 3071 venire,
1430 3034 1517 3074 quod
1547 3031 1618 3062 fieri
1648 3029 1748 3070 possit
1777 3029 1848 3059 sine

78 3083 298 3125 supplendum
320 3093 390 3115 esse
413 3090 547 3125 apparet
569 3092 611 3115 ex
632 3083 681 3122 iis,
698 3093 782 3124 quae
798 3093 939 3126 sequun-
987 3085 1196 3117 incommodo
1219 3096 1287 3117 suo.
1324 3087 1364 3117 In
1389 3096 1456 3127 seq.
1492 3083 1654 3116 sententia
1688 3091 1745 3122 pro
1768 3081 1847 3111 enim

78 3142 147 3167 tur:
193 3135 363 3168 occurram
386 3137 492 3174 etiam,
516 3136 544 3167 si
566 3145 692 3168 necesse
724 3137 786 3168 erit
820 3143 852 3169 et
887 3138 964 3203 sed!
987 3138 1062 3170 vide
1083 3148 1124 3170 ne
1147 3139 1357 3171 scribendum
1380 3139 1422 3169 sit
1446 3137 1552 3172 eliam,
1586 3142 1621 3166 ut
1653 3135 1714 3164 hoc
1745 3133 1846 3163 dicat:

79 3190 158 3220 haec
181 3199 301 3226 cor-arm
333 3196 402 3221 tuni
434 3199 475 3220 ex
507 3189 631 3220 ultimis
667 3190 775 3220 verbis
807 3200 856 3230 ep.
890 3190 941 3220 48.
987 3191 1038 3221 vel
1063 3192 1172 3222 etiam.
1198 3192 1224 3221 si
1249 3191 1361 3222 venire
1387 3201 1450 3220 11011
1474 3189 1604 3229 poteris,
1621 3187 1716 3217 binae
1736 3185 1847 3216 literae

145 3245 204 3288 II.
959 3247 964 3252 ’
1612 3245 1623 3282 l
1639 3247 1663 3281 *l-
