2062 3565
703 188 810 230 LIB.
846 189 898 230 X.
935 189 1017 230 ΕΡ.
1055 194 1094 231 4.
1132 193 1806 232 :197

46 323 267 382 pedibusue
311 322 512 378 Rhegium
545 339 596 366 an
631 325 725 366 hinc
759 325 895 366 statim
928 325 970 366 in
1005 340 1144 367 navem
1179 327 1204 367 †
1227 332 1268 367 et
1301 332 1445 377 cetera,
1480 325 1670 381 quoniam
1703 340 1808 367 com-

46 411 190 441 moror.
239 397 328 452 Ego
360 396 410 438 ad
443 402 483 438 te
519 398 692 453 [statim]
728 396 898 448 habebo,
933 397 1039 453 quod
1074 398 1259 450 scribam,
1294 399 1414 441 simul
1446 404 1493 441 ut
1526 399 1661 441 videro
1695 397 1810 441 Curi-

12 511 22 522 ,
47 485 177 515 onem.
210 470 271 512 De
301 470 447 512 Tirone
480 485 588 522 cura,
624 486 785 526 quaeso,
819 470 925 526 quod
959 471 1071 522 facis,
1105 477 1151 513 ut
1183 473 1305 521 sciam
1341 472 1439 528 quid
1471 473 1506 514 is
1539 478 1644 528 agat.

91 645 112 677 2
128 644 176 691 ψ
196 645 227 675 te
248 644 354 676 statim
378 643 493 675 habebo
515 662 556 668 —
579 645 674 676 ¹n'uzul
695 647 725 675 el
750 646 856 677 videro
878 664 919 669 —-

4 663 30 702 ἐς

0 811 21 854 j<
92 810 178 842 Hinc
199 819 217 842 e
240 809 400 842 Cumano.
425 811 465 841 111
487 811 700 851 sequentibus
721 811 826 842 verbis
839 820 909 851 gm-
995 809 1093 841 Simul
1122 813 1166 840 ut.
1197 811 1276 842 eod.
1307 811 1396 842 Med.
1425 821 1444 842 a
1466 811 1571 852 prima
1594 820 1693 842 manu
1715 809 1813 841 dabat

0 855 21 903 ’.’
52 864 125 896 vius
159 864 252 895 ulcus
288 864 393 902 video,
423 874 522 906 quain
553 864 656 904 vulgo
687 871 812 904 putant.
854 864 908 895 Sic
953 863 1047 894 simul
1076 866 1115 900 et,
1145 864 1233 904 quod
1263 868 1347 895 recte
1367 864 1537 895 dubitatur
1559 874 1599 894 an
1623 864 1664 894 sit
1686 862 1812 893 Tullia-

0 903 23 946 ῗῖ
50 917 154 950 ¹velim
182 927 312 949 sanare:
344 917 396 948 Me
424 920 529 948 tamen
559 918 692 948 consilio
721 918 804 955 iuva,
822 918 911 959 pedi·
956 927 1044 948 num.
1076 916 1191 948 Scribe
1219 917 1310 948 simul
1340 919 1383 955 ut,
1413 918 1502 958 quod
1523 918 1558 948 in
1582 917 1670 948 Med.
1693 925 1814 947 correc-

51 971 147 1004 basae
167 970 316 1011 Rheqium
343 980 427 1009 EAM,
456 982 499 1001 an
521 971 594 1002 hinc
615 970 725 1002 statim
748 972 782 1002 in
803 981 911 1003 navem
956 978 1027 1002 tum
1061 977 1119 1008 est,
1156 976 1211 1002 aut
1244 971 1331 1002 nude
1361 971 1463 1002 simul.
1485 971 1527 1002 cf.
1552 972 1592 1002 ad
1621 971 1666 1002 11.
1702 970 1751 1007 20,
1786 970 1814 1000 2.

0 1052 19 1065 ,.
53 1033 255 1062 RscmmAm
285 1034 363 1056 ΝΛΜ
395 1035 464 1056 cun
498 1035 563 1056 ini
599 1025 821 1057 COMMOROR?
860 1027 912 1058 Ex
958 1025 1063 1057 Paulo
1077 1030 1152 1056 ante
1165 1025 1273 1056 statim
1289 1025 1417 1056 seclusi.
1438 1025 1626 1056 Namrecte
1640 1023 1816 1055 Schutzius

0 1066 29 1131 ΞΞ
53 1080 188 1122 antiqua
208 1081 373 1112 scribendi
395 1081 522 1112 ratione
543 1091 619 1122 quor
638 1081 699 1111 iam
724 1068 914 1114 factum—est
958 1081 1113 1112 iudicavit
1151 1080 1234 1111 illud
1263 1086 1385 1111 temere
1415 1090 1457 1111 ex
1489 1078 1694 1111 antecedenti
1722 1087 1816 1108 versu

0 1130 26 1183 {f
53 1134 198 1177 quoniam
231 1133 330 1173 Quod
352 1133 496 1166 Orellius
518 1134 666 1165 volebat:
690 1145 747 1176 quo
761 1135 823 1165 iam
836 1145 914 1167 com·
959 1135 1133 1175 repetitum
1156 1143 1235 1165 esse.

0 1181 27 1232 ff
54 1189 181 1220 moror?
204 1198 244 1219 ne
267 1188 426 1219 Latinum
447 1188 581 1228 quidem
603 1194 661 1219 cst.

691 1321 737 1362 V.
805 1322 869 1373 (A.
913 1321 957 1362 U.
996 1320 1037 1360 C.
1077 1319 1194 1371 705.)
1476 1332 1530 1381 ,χ

123 1459 162 1499 1.
210 1458 269 1499 De
311 1463 396 1499 tota
439 1472 525 1499 mea
571 1458 813 1514 cogita-tione
858 1459 999 1514 scripsi
1044 1459 1093 1500 ad
1138 1469 1177 1500 te
1211 1465 1328 1500 antea
1356 1458 1466 1508 satis,
1502 1466 1547 1498 ut
1580 1456 1679 1498 mihi
1715 1457 1821 1497 visus

59 1545 162 1582 sum,
207 1530 436 1586 diligenter.
486 1531 547 1573 De
592 1531 657 1573 die
701 1532 804 1573 nihil
848 1548 942 1574 sane
978 1537 1108 1588 potest
1141 1532 1262 1573 scribi
1296 1532 1395 1573 certi
1427 1535 1582 1587 praeter
1615 1530 1705 1581 hoc,
1739 1545 1822 1571 non

59 1607 151 1646 ante
200 1604 338 1646 lunam
388 1620 547 1646 novam.
601 1609 641 1646 2.
689 1605 876 1647 Curionis
926 1621 1054 1647 sermo
1098 1604 1290 1661 postridie
1334 1603 1502 1646 eandem
1549 1602 1693 1644 habuit
1743 1602 1822 1644 fere

61 1692 271 1729 summam,
316 1678 395 1720 nisi
438 1679 545 1734 quod
595 1679 770 1734 apertius
818 1679 1060 1734 significavit
1108 1694 1148 1721 se
1194 1678 1336 1720 harum
1379 1692 1512 1719 rerum
1555 1677 1708 1718 exitum
1742 1691 1823 1716 non
1868 1696 1881 1720 5

57 1749 204 1792 videre.
239 1751 359 1804 Quod
391 1751 492 1792 mihi
526 1751 692 1793 mandas
726 1751 775 1793 de
809 1752 962 1804 Quinto
996 1751 1184 1807 regendO,
1224 1744 1518 1810 ’.Αρκαὸιέιν.
1552 1750 1702 1790 Tamen
1720 1748 1823 1790 nihil

57 1824 385 1880 praetermittam.
422 1826 555 1879 Atque
587 1825 745 1867 utinam
777 1830 824 1866 tu
862 1858 868 1865 .
906 1858 913 1865 .
949 1825 1025 1866 Sed
1061 1825 1264 1866 molestior
1297 1839 1379 1865 non
1411 1839 1492 1865 ero.
1528 1822 1750 1878 Epistolam
1773 1821 1823 1863 ad

59 1896 289 1939 Vestorium
322 1897 458 1939 statim
491 1897 633 1949 detuli,
668 1913 713 1940 ac
747 1898 861 1940 valde
893 1898 1093 1953 requirere
1127 1897 1294 1939 solebat.
1331 1900 1372 1938 ··3.
1406 1895 1665 1938 Commodius
1688 1900 1822 1936 tecum

58 1968 273 2011 Vettienus
315 1974 376 2011 est
417 1969 590 2022 locutus,
631 1986 752 2026 quam
786 1971 836 2012 ad
870 1986 932 2012 me
966 1971 1191 2027 scripserat.
1243 1969 1321 2012 Sed
1354 1969 1489 2010 mirari
1519 1968 1615 2009 satis
1648 1968 1824 2010 hominis

60 2041 347 2098 negligentiam
380 2059 461 2085 non
495 2059 611 2099 queo.
662 2044 800 2097 Quum
828 2045 940 2086 'enim
975 2044 1077 2086 milii
1108 2044 1353 2086 Philotimus
1386 2043 1554 2084 dixisset
1589 2058 1629 2084 se
1663 2042 1749 2084 HS.
1784 2056 1823 2083 1,.
1848 2058 1881 2084 ιο

61 2128 190 2156 emere
233 2115 282 2156 de
326 2116 521 2158 Canuleio
560 2117 831 2159 deversorium
863 2117 965 2159 illud
999 2133 1128 2173 posse,
1163 2116 1328 2158 minoris
1361 2115 1482 2157 etiam
1515 2121 1756 2172 empturum,
1791 2115 1824 2156 si

62 2185 298 2230 Vettienum
329 2203 545 2244 rogassem,
579 2191 730 2246 rogavi,
764 2196 825 2241 ut,
860 2191 893 2231 si
927 2190 1025 2246 quid
1057 2195 1205 2246 posset,
1239 2205 1285 2231 ex
1320 2204 1366 2230 ea
1399 2203 1554 2231 summa
1577 2187 1822 2230 detraheret:

74 2307 338 2316 *w—

38 2418 42 2419 .
109 2389 129 2430 5
147 2389 177 2420 2.
199 2388 351 2420 Summam
372 2389 612 2421 nonnullorum
633 2390 728 2421 codd.
747 2390 922 2431 scriptores
967 2391 1052 2429 vide,
1076 2391 1103 2422 si
1127 2391 1211 2423 tanti
1233 2397 1291 2428 est,
1314 2390 1348 2421 in
1372 2389 1517 2421 Acidalii
1539 2389 1648 2420 adnot.
1672 2387 1712 2418 ad
1735 2386 1822 2417 Vell.

39 2459 42 2462 Δ
65 2441 151 2474 male
172 2443 207 2473 in
229 2441 415 2473 sententiam
436 2447 618 2473 mutarunt.
629 2441 761 2484 Optime
775 2443 819 2480 id,
833 2443 923 2483 quod
942 2418 945 2470 1
967 2445 1015 2476 11.
1038 2445 1086 2476 19.

67 2504 86 2527 e
105 2495 255 2537 plmibus
276 2496 481 2537 argumentis
503 2496 597 2536 quasi
619 2497 780 2528 subducta
795 2497 922 2527 ratione
1011 2498 1112 2539 Atque
1127 2496 1246 2528 utinam
1261 2497 1296 2526 tu
1305 2518 1399 2527 ......
1415 2504 1458 2526 sc.
1470 2494 1625 2526 iuvenem
1640 2493 1822 2533 regendum

47 2549 214 2587 efficitur,
237 2549 422 2590 appellatur
441 2558 569 2580 summa.
591 2549 632 2581 cf.
654 2550 726 2581 Att.
746 2549 811 2581 IX.
827 2550 877 2587 18,
894 2550 924 2581 1.
945 2556 947 2569 ¹
968 2551 1158 2592 susciperes.
1180 2550 1221 2581 cf.
1245 2559 1294 2591 ep.
1317 2559 1394 2590 seq„
1418 2549 1450 2580 2.

66 2600 160 2634 Fam.
182 2602 210 2633 Ι.
232 2602 263 2640 9,
284 2602 335 2633 10.
945 2591 949 2650 ’ᾗ
1013 2604 1066 2635 Ad
1081 2603 1261 2639 Veslorium,
1284 2601 1508 2643 argentarium
1520 2599 1751 2635 Puteolanum,
1769 2598 1825 2638 qui

107 2648 308 2700 Ἀρκαδίαν·
331 2655 387 2686 EX
408 2654 542 2686 oraculo
561 2653 832 2686 Lacedaemoniis
843 2653 922 2684 Olim
946 2652 949 2691 ἱ
969 2659 1096 2700 saepius
1119 2658 1154 2688 in
1164 2657 1311 2698 epistolis
1323 2656 1523 2687 nominatur.
1535 2654 1575 2686 cf.
1591 2662 1723 2694 quoque
1737 2652 1824 2683 Plin.

69 2712 156 2750 dato,
177 2712 267 2753 quod
287 2716 396 2743 exstat
416 2711 503 2752 apud
524 2711 734 2742 Herodotum
755 2710 783 2740 Ι.
805 2709 854 2746 66,
870 2719 926 2740 na·
946 2704 950 2720 ²
969 2713 1015 2744 H.
1039 2712 1080 2743 N.
1104 2710 1277 2743 xxxin.
1301 2709 1362 2740 162
1384 2716 1417 2740 et
1440 2709 1571 2739 Vitruv.
1595 2707 1677 2737 vn.
1701 2707 1748 2736 11.

58 2758 143 2798 {tum
175 2770 244 2797 erat
278 2765 490 2806 proverbium
522 2756 710 2809 ’Δρκαὸἰαν
739 2755 773 2808 μ’
801 2761 924 2803 αἰτεῖς,
947 2730 951 2821 l
1013 2767 1032 2807 ξ
1055 2767 1085 2797 2.
1107 2765 1157 2796 De
1180 2763 1315 2804 negotio
1337 2772 1414 2794 cum
1438 2761 1594 2793 Vettieno
1618 2759 1683 2790 vid.
1698 2764 1826 2799 practer

67 2825 140 2863 squa
159 2823 345 2860 utebantur,
367 2828 404 2853 ut
435 2821 548 2853 scribit
575 2821 802 2861 Diogenianus
832 2819 926 2852 Cent.
948 2824 951 2859 Ι
972 2821 1004 2852 h.
1027 2821 1039 2851 l
1072 2829 1122 2861 ep.
1145 2820 1194 2856 11,
1218 2820 1246 2855 5,
1283 2818 1370 2848 unde
1399 2816 1498 2847 simul
1527 2815 1625 2846 iocum
1659 2811 1827 2844 Ciceronis

71 2874 121 2906 11.
131 2873 181 2911 69,
204 2871 260 2908 ἐπὶ
285 2877 353 2908 τῶν
379 2871 517 2919 μεγάλα
544 2870 564 2909 ἥ
592 2872 772 2919 ἀσύμφορα
790 2870 929 2906 airoth·-
948 2861 951 2908 i
972 2881 1170 2913 cognoscere
1191 2871 1278 2902 licet.
1316 2868 1463 2900 Homini-⁵·
1498 2866 1688 2908 neqliqentia
1717 2865 1750 2895 in
1788 2873 1826 2894 eo

71 2928 154 2964 'flemu-
179 2933 230 2964 Eo
252 2931 384 2972 respicit
406 2930 522 2962 Cicero
537 2936 570 2962 et
587 2931 645 2962 illa
660 2940 728 2962 vox
743 2930 925 2971 signifieat:
972 2925 1109 2958 fortasse
1131 2924 1329 2966 quaerenda,
1352 2922 1440 2964 quod
1463 2930 1551 2952 nunc
1574 2920 1708 2950 demum
1731 2916 1826 2949 Cice·

75 2996 145 3020 mm
166 2988 336 3020 difficilem
356 2988 494 3018 mandas
515 2987 579 3025 vel,
601 2988 691 3028 quod
705 2997 774 3028 seq,
785 2996 834 3028 ep,
852 2987 928 3018 scri·
971 2979 1046 3012 roni
1075 2979 1242 3010 nuntiarat
1274 2985 1308 3008 se
1344 2974 1569 3006 deversorium
1591 2972 1675 3003 illud
1696 2971 1823 3006 emisse,

78 3039 134 3079 bit,
162 3051 306 3083 maqnum
327 3049 402 3082 opus
428 3042 485 3072 est.
536 3040 657 3072 Postea
686 3046 798 3072 autem
828 3040 878 3078 12,
908 3039 927 3072 7
973 3042 1077 3075 quum
1098 3032 1191 3064 numi
1235 3030 1349 3062 Idibus
1370 3026 1568 3059 Novembris
1596 3024 1745 3056 solvendi
1780 3032 1827 3054 es·

47 3084 53 3093 '⁴
74 3092 197 3125 iterum
217 3094 258 3126 de
279 3093 322 3132 Q.
353 3093 426 3124 filio
453 3093 598 3134 regendo
626 3093 773 3124 scribens
800 3092 928 3133 negotii
950 3117 952 3130 ,
973 3093 1057 3120 sent·

74 3145 272 3186 gravitatem
293 3145 443 3177 cumulat
463 3145 653 3177 scribendo:
683 3144 928 3186 Peloponnesum
1018 3139 1209 3172 Commodius
1229 3139 1270 3169 de
1291 3137 1345 3168 die
1366 3134 1523 3177 pecuniae
1545 3131 1722 3163 solvendae
1739 3130 1826 3160 locu-

75 3197 174 3238 ipsam
194 3199 422 3231 mtiuebimuo.
440 3198 583 3230 Inutiles
594 3198 798 3231 coniecturas
811 3196 928 3230 deh.l.
952 3197 954 3206 ’
976 3201 1029 3227 tus
1059 3199 1128 3226 erat
1155 3202 1231 3223 cum
1259 3191 1383 3222 Attico.
1426 3189 1520 3219 Idem
1555 3195 1634 3216 mox
1665 3184 1829 3215 indicatur

1619 3242 1638 3269 7

138 3254 197 3296 II.
