2062 3565
158 146 245 185 234
563 144 647 185 ΕΡ.
682 141 757 182 AD
790 142 837 182 T.
871 139 1222 181 POMPONIUM
1254 139 1519 181 ATTICUM.

161 285 234 331 est,
278 281 410 335 ipsum
459 293 541 320 non
589 278 698 327 novi,
744 275 814 318 sed
853 275 975 316 audio
1019 273 1253 325 laudabilia,
1301 275 1350 316 de
1394 276 1531 316 Scrofa
1575 277 1696 318 etiam
1730 273 1922 331 proxime.

160 353 342 403 Accedit,
377 353 410 393 si
443 352 543 408 quid
575 351 652 392 1100
685 350 736 392 ad
769 364 867 400 rem,
891 345 1228 408 εὐγενέστερος
1251 353 1312 390 est
1333 349 1455 391 etiam
1478 364 1598 404 quam
1619 354 1745 406 pater.
1781 348 1922 390 Coram

158 426 284 481 igitur
327 430 368 466 et
410 425 570 481 quidem
617 438 813 480 propenso
858 422 992 463 animo
1035 421 1085 463 ad
1127 420 1395 477 probandum.
1447 422 1617 464 Accedit
1660 423 1782 473 enim,
1816 421 1924 477 quod

158 505 324 555 patrem,
359 504 405 540 ut
437 499 537 540 scire
570 502 610 539 te
645 501 757 553 puto,
792 496 882 552 plus
915 496 1035 537 etiam
1070 510 1191 551 quam
1223 510 1306 538 non
1339 495 1457 538 modo
1489 501 1550 547 tu,
1583 497 1654 538 sed
1686 511 1806 552 quam
1838 496 1925 551 ipse

121 583 134 607 5
157 574 247 624 scit,
281 587 370 614 amo
401 572 524 628 idque
557 577 598 613 et
629 570 772 612 merito
805 574 846 612 et
880 570 960 611 iam
994 569 1079 610 diu.

201 739 216 768 l
240 736 335 769 audio
357 734 536 768 laudabilia
576 750 589 761 n
602 734 651 766 De
673 734 786 773 Scrofa
797 736 840 766 ?''
862 735 978 767 Etiam.
1002 735 1149 768 Proxime
1170 736 1293 768 accedit
1316 755 1354 760 —

157 886 245 927 quod
268 884 399 926 generis
420 884 577 915 nobilitas
602 885 768 916 indicatur
789 885 941 925 sequenti
964 885 1016 916 do—
1064 886 1174 917 minus
1206 885 1401 916 Tullianum
1429 895 1499 917 esse
1527 895 1627 926 quam
1655 885 1694 916 ab
1723 886 1776 917 vel
1807 895 1846 915 est
1868 885 1927 916 ali-

156 951 244 970 mum.
284 939 424 970 Retineo
446 938 607 976 hominem,
632 939 731 979 idque
754 939 796 969 ad
817 939 958 979 figuram
985 945 1018 970 et
1065 948 1133 979 quo,
1157 939 1274 970 docere
1298 937 1382 969 nihil
1404 938 1532 976 attinet,
1556 944 1731 979 postquam
1746 938 1927 979 lexicogra-

157 992 274 1024 faciem
307 992 422 1024 refero.
461 992 578 1023 Cicero
612 992 739 1023 viderat
775 991 945 1023 hominem
985 998 1018 1024 et
1068 993 1125 1034 phi
1150 993 1306 1034 exempla
1327 992 1546 1033 collegerunt,
1581 999 1614 1024 et
1643 993 1798 1024 Handius
1830 993 1927 1024 Tui-s.

158 1045 326 1087 probabat,
349 1046 406 1076 sed
427 1044 603 1085 ingenium
627 1050 658 1076 et
681 1054 789 1076 mores
812 1055 879 1076 non
897 1055 1017 1086 eogno—
1066 1046 1112 1077 11.
1138 1056 1168 1087 p.
1200 1046 1270 1076 191.
1301 1044 1413 1086 Scrofa
1445 1045 1516 1076 sine
1546 1044 1647 1076 dubio
1677 1051 1726 1076 est
1754 1045 1840 1076 idem
1870 1044 1928 1077 ille

157 1103 247 1131 verat
269 1099 335 1130 nisi
357 1108 400 1130 ex
424 1098 567 1130 aliorum
589 1098 798 1130 testimoniis.
1068 1100 1129 1132 Cn.
1153 1100 1354 1132 Tremellius
1377 1099 1501 1137 Scrofa,
1539 1099 1644 1131 Attici
1666 1099 1847 1137 familiaris,
1870 1099 1926 1140 qui

199 1151 266 1184 Sed
283 1151 380 1182 audio
402 1150 590 1189 laudabzlia‚
612 1151 651 1182 cle
674 1150 787 1193 Scrofa
804 1152 1017 1192 etiamproa-z'-
1068 1155 1257 1186 nominatur
1280 1155 1323 1185 V.
1346 1156 1375 1192 4,
1398 1154 1428 1185 2.
1453 1154 1505 1185 VI
1541 1155 1568 1191 l,
1592 1154 1641 1185 13.
1666 1154 1745 1186 VII.
1770 1153 1797 1192 l,
1824 1154 1852 1185 3.
1875 1153 1928 1185 Fi-

156 1215 212 1235 me.
236 1204 378 1242 Accedit,
400 1204 429 1234 si
451 1204 526 1246 quid
547 1205 603 1236 hoc
625 1204 670 1235 ad
690 1215 762 1242 rem,
786 1202 1020 1250 εὐγενέστερος
1068 1207 1142 1245 lius,
1165 1217 1264 1248 quem
1287 1207 1436 1238 nominat
1469 1205 1612 1239 Orellius
1640 1207 1674 1238 in
1705 1205 1927 1244 Onomastico,

156 1264 202 1293 eet
228 1262 322 1293 etiam
346 1272 435 1304 quam
461 1264 564 1302 pater.
610 1262 810 1294 Incredibile
839 1262 928 1293 dictu
959 1268 1018 1300 est,
1068 1265 1166 1291 natus
1189 1266 1239 1291 est
1261 1270 1279 1291 e
1301 1269 1402 1301 prava
1425 1259 1695 1301 interpretatione
1725 1260 1823 1291 huius
1854 1260 1927 1297 loci,

155 1321 294 1357 quantas
317 1316 431 1348 turbas
455 1316 488 1347 h.
512 1316 533 1346 l.
559 1316 754 1348 excitaverit
787 1316 875 1347 mala
905 1317 1018 1348 verbo—
1068 1315 1178 1355 itaque
1199 1314 1418 1346 demonstrari
1441 1324 1509 1345 non
1532 1318 1646 1355 potest.

155 1380 229 1401 rum
251 1370 429 1401 distinctio.
454 1370 582 1401 Vemm
606 1370 733 1402 viderat
756 1369 943 1407 Schutzius,
963 1371 1019 1402 sed
1110 1365 1197 1411 Εὺγ.
1229 1385 1269 1389 -
1290 1378 1378 1408 quam
1398 1368 1493 1406 pater
1515 1377 1558 1398 sc.
1583 1372 1732 1398 materno
1755 1376 1884 1408 genere.

155 1424 275 1456 falsum
303 1424 396 1465 sequi
427 1425 553 1455 maluit.
594 1424 712 1455 Audire
740 1425 779 1455 de
807 1425 914 1466 aliquo
953 1435 1019 1455 non

744 1533 882 1573 ΧΧΠ.
950 1534 1014 1583 (A.
1058 1532 1101 1572 ια
1142 1534 1182 1571 a:
1224 1531 1338 1583 7097

221 1650 259 1688 l.
296 1649 354 1689 De
391 1649 567 1689 Varrone
603 1664 682 1689 11011
717 1648 801 1688 51110
836 1662 956 1689 causa
991 1646 1086 1700 quid
1122 1645 1198 1687 tibi
1223 1646 1377 1701 placeat
1401 1654 1482 1686 tam
1506 1645 1720 1701 diligenter
1743 1647 1924 1702 exquiro.

157 1722 388 1763 Occurrunt
430 1722 530 1763 mihi
571 1721 781 1777 quaedam,
828 1721 897 1762 sed
948 1736 995 1762 ea
1028 1735 1175 1762 coram.
1227 1720 1281 1760 Te
1316 1725 1449 1761 autem
1483 1716 1835 1777 ἀσμενέστατα
1868 1720 1928 1762 111-

157 1795 282 1846 texui,
330 1794 551 1850 faciamque
596 1795 637 1836 id
682 1794 874 1836 crebrius.
927 1793 1126 1835 Proximis
1170 1793 1275 1834 enim
1322 1793 1404 1834 tuis
1449 1792 1576 1834 literis
1608 1792 1781 1848 primum
1814 1798 1853 1834 te
1885 1793 1928 1834 id

123 1889 137 1914 5
158 1882 238 1909 non
287 1868 392 1910 nolle
437 1869 619 1923 cognovi.
670 1872 710 1910 2.
759 1868 819 1909 De
853 1868 1046 1909 Marcello
1081 1867 1293 1923 scripserat
1325 1866 1374 1907 ad
1410 1882 1471 1908 me
1505 1866 1668 1908 Cassius
1701 1871 1832 1918 antea,
1866 1864 1930 1909 τά

157 1940 291 1984 κατὰ
336 1942 490 2002 μέρος
533 1943 708 1984 Servius.
759 1942 796 1983 O
840 1957 921 1983 rem
970 1940 1178 1983 acerbam!
1225 1939 1289 1980 Ad
1333 1940 1459 1994 prima
1508 1939 1639 1981 redeo.
1686 1941 1727 1980 3.
1773 1941 1930 1996 Scripta

157 2022 294 2058 nostra
342 2032 540 2072 nusquam
585 2017 689 2058 malo
723 2032 806 2058 esse
843 2031 961 2071 quam
997 2015 1103 2071 apud
1139 2022 1192 2065 te,
1228 2013 1296 2055 sed
1331 2028 1377 2054 ea
1408 2019 1497 2055 tum
1530 2013 1635 2055 foras
1669 2013 1768 2066 dari,
1804 2029 1928 2070 quum

159 2090 318 2145 utrique
363 2095 544 2132 nostrum
590 2089 806 2131 videbitur.
862 2091 950 2144 Ego
995 2095 1034 2130 et
1079 2088 1261 2129 librarios
1294 2092 1386 2128 tuos
1419 2087 1536 2142 culpa
1570 2086 1694 2128 libero
1727 2103 1856 2142 neque
1890 2094 1928 2129 te

159 2178 316 2214 accuso,
364 2170 404 2205 et
447 2169 583 2206 tamen
629 2163 739 2205 aliud
781 2163 971 2218 quiddam
1017 2162 1065 2204 ad
1109 2167 1148 2203 te
1182 2161 1430 2216 scripseram,
1467 2160 1699 2202 Caerelliam
1734 2160 1926 2214 quaedam

108 2254 140 2280 ιο
158 2235 319 2288 habere,
354 2252 454 2292 quae
488 2237 567 2278 nisi
600 2252 623 2277 a
655 2241 694 2277 te
729 2235 905 2290 (habere)
939 2251 1020 2276 non
1054 2234 1244 2290 potuerit.
1295 2233 1422 2274 Balbo
1457 2233 1620 2288 quidem
1654 2233 1928 2289 intelligebam

159 2310 486 2351 satisfaciendum
537 2310 672 2360 fuisse,
723 2316 882 2351 tantum
927 2308 1110 2350 nolebam
1156 2313 1226 2348 aut
1270 2306 1494 2348 obsoletum
1537 2306 1665 2348 Bruto
1699 2311 1770 2347 aut
1801 2306 1929 2349 Balbo

158 2382 392 2424 incohatum
442 2383 543 2425 dari.
593 2384 781 2434 Varroni,
825 2383 944 2424 simul
989 2397 1034 2423 ac
1067 2387 1107 2423 te
1142 2381 1290 2432 videro,
1326 2381 1359 2422 si
1395 2380 1470 2422 tibi
1505 2379 1721 2431 videbitur,
1757 2380 1927 2422 mittam.

159 2456 268 2508 Quid
303 2461 437 2499 autem
471 2456 704 2508 dubitarim,
740 2472 865 2512 quum
899 2455 1036 2497 videro
1068 2462 1122 2506 te,
1157 2455 1272 2496 scies.
1313 2458 1350 2495 4.
1392 2453 1622 2496 Attributos
1656 2453 1763 2508 quod
1797 2454 1929 2510 appel-

159 2530 231 2581 las,
277 2530 391 2572 valde
435 2530 574 2585 probo.
619 2531 674 2572 Te
716 2530 764 2571 de
799 2529 961 2585 praedio
995 2529 1120 2570 Oviae
1155 2527 1328 2569 exerceri
1364 2527 1526 2568 moleste
1561 2526 1656 2568 fero.
1707 2527 1768 2568 De
1801 2527 1928 2569 Bruto

205 2695 242 2726 10
265 2695 328 2726 nisi
349 2706 369 2726 a
391 2697 424 2726 te
444 2705 507 2726 non
529 2714 570 2719 —
594 2696 633 2726 12
654 2696 835 2726 inchoatum
859 2713 899 2718 -—
923 2696 962 2725 14
984 2694 1078 2725 valde
1097 2693 1192 2733 probe
1215 2712 1255 2716 —

204 2843 233 2883 ξ.
256 2843 286 2874 2.
312 2842 358 2873 De
380 2841 546 2873 Marcello.
567 2841 633 2872 vid.
658 2842 709 2872 ad.
734 2851 784 2882 ep.
810 2841 857 2878 lO,
882 2841 898 2871 1
917 2841 956 2872 h.
978 2815 1000 2871 1.
1042 2836 1045 2869 ἶ
1068 2840 1219 2871 librarios
1242 2845 1314 2871 tuos
1338 2839 1528 2871 liberabam.
1553 2839 1618 2869 vid.
1643 2847 1692 2879 ep.
1716 2847 1786 2878 sup.
1811 2837 1830 2876 ξ
1853 2838 1882 2866 5.

205 2896 258 2927 Ad
271 2896 378 2937 prima
402 2895 505 2927 redeo.
529 2894 697 2926 Ciceronis
720 2895 823 2926 fuisse
852 2900 946 2935 puto:
978 2872 1046 2931 adl
1109 2893 1297 2924 Incohatum
1325 2903 1359 2924 o:
1400 2903 1468 2924 non
1501 2893 1700 2923 absolutum.
1729 2891 1770 2922 cf.
1800 2889 1864 2922 Off.
1900 2892 1930 2922 1.

162 2949 272 2990 priora
294 2948 387 2980 redeo
409 2954 466 2980 aut
486 2947 531 2978 ad
549 2947 676 2987 privata
707 2947 812 2978 redeo.
848 2947 1023 2978 Utrumvis
1043 2936 1048 2992 Ι
1070 2948 1146 2979 153:
1169 2946 1390 2988 contemplatio
1412 2949 1549 2977 naturae
1571 2955 1681 2977 manca
1697 2947 1728 2975 et
1741 2944 1904 2975 incohata.

166 3010 308 3046 praestat
329 3009 416 3036 certe
437 3004 616 3044 scripturae
638 3003 786 3034 traditae.
1044 3019 1048 3047 3
1112 3003 1130 3042 ξ
1152 3003 1182 3033 4.
1204 3001 1384 3032 Αίίνίῠιιίοε
1404 3000 1486 3042 quod
1507 3000 1659 3042 appellas,
1675 2997 1768 3030 valde
1776 2998 1876 3039 probo
1889 3009 1926 3030 a:

207 3060 226 3099 ξ
250 3060 278 3090 3.
301 3058 343 3089 Et
365 3062 470 3090 tamen
491 3057 583 3089 aliud
606 3058 755 3099 quiddam
777 3057 823 3088 ad
843 3059 874 3087 te
895 3056 1024 3097 scripse·
1045 3051 1047 3113 1
1069 3056 1157 3097 quod
1179 3064 1244 3092 eos,
1266 3055 1323 3096 qui
1346 3055 1430 3086 mihi
1457 3055 1588 3091 debent,
1617 3054 1658 3085 de
1687 3053 1847 3084 solvendo
1869 3053 1924 3084 ad-

33 3126 50 3142 ι
165 3124 232 3144 ram
255 3123 290 3153 a:
318 3120 351 3144 et
375 3118 485 3144 tamen
508 3112 731 3153 superioribus
745 3111 848 3143 literis
866 3110 911 3141 ita
926 3111 1024 3151 scrip·
1046 3121 1047 3133 ¹
1070 3118 1186 3141 mones
1207 3115 1295 3140 recte
1317 3109 1388 3149 agis
1435 3108 1484 3139 De
1506 3106 1705 3138 attribuendo
1734 3107 1768 3138 in
1801 3106 1863 3138 hac
1892 3116 1927 3140 re

169 3177 284 3205 seram,
315 3167 408 3210 quasi
435 3166 565 3208 culpam
600 3165 632 3197 in
664 3172 696 3197 te
735 3164 927 3202 conferrem,
961 3174 1025 3206 qua
1046 3146 1048 3181 l
1071 3163 1143 3194 dixi
1165 3162 1206 3193 ad
1227 3172 1274 3203 ep.
1300 3162 1328 3199 2,
1354 3162 1367 3192 1
1392 3162 1423 3194 h.
1450 3162 1470 3193 l.
