2062 3565
744 151 850 193 LIB.
888 153 1002 194 XVI.
1038 152 1121 194 ΕΡ.
1159 154 1230 194 15.
1790 153 1875 194 375

896 289 1031 331 ΤΝοιι
1067 288 1199 339 modo,
1235 289 1303 330 sed
1338 289 1591 344 iniquissimo
1625 288 1759 330 fenore
1795 302 1876 329 ver-

1039 361 1145 402 Nam
1179 360 1229 402 de
1261 361 1470 402 Terentiae
1505 361 1665 402 nomine
1697 360 1791 402 Tiro
1823 360 1873 401 ad

105 301 253 337 xeram,
295 291 342 328 ut
382 288 602 342 sepositum
651 287 828 329 haberet.

105 373 238 401 suram
282 359 411 401 facere
457 360 646 402 Aurelius
688 366 850 402 coactus
896 366 970 402 est.

105 447 166 473 me
210 432 371 488 scripsit
411 437 450 474 te
501 432 633 474 dicere
678 449 821 475 numos
867 448 890 475 a
936 432 1145 475 Dolabella
1187 436 1283 475 fore.
1344 434 1447 475 Male
1481 450 1572 476 eum
1605 433 1724 476 credo
1756 433 1873 475 intel-

103 506 260 557 lexisse,
305 507 339 548 si
384 507 596 562 quisquam
648 507 749 548 male
795 507 1002 562 intelligit,
1050 508 1184 562 potius
1230 507 1332 549 nihil
1366 508 1624 549 intellexisse.
1673 507 1735 548 Tu
1765 508 1871 549 enim

104 580 153 622 ad
199 595 260 622 me
293 580 489 635 scripsisti
530 580 689 621 Cocceii
725 595 959 635 responsum
993 585 1034 621 et
1065 580 1209 621 iisdem
1245 596 1368 636 paene
1405 580 1533 622 verbis
1568 581 1681 622 Eros.
1716 582 1759 621 6.
1796 580 1872 621 Ve-

104 651 296 696 niendum
341 658 402 712 est
446 654 572 708 igitur
616 654 677 695 vel
723 654 763 695 in
808 654 935 709 ipsam
979 654 1190 695 flammam.
1240 655 1416 709 Turpius
1450 660 1510 695 cst
1543 654 1651 695 enim
1685 654 1871 710 privatim

103 727 242 770 cadere
291 742 411 783 quam
456 727 630 782 publice.
683 729 825 784 Itaque
871 728 1012 769 ceteris
1056 727 1104 768 de
1149 727 1283 778 rebus,
1327 743 1424 781 quas
1459 727 1507 768 nd
1542 743 1603 769 me
1638 727 1871 769 suavissime

103 801 311 856 scripsisti,
346 801 580 857 perturbato
614 802 748 843 animo
784 818 865 843 non
910 801 1022 857 potui
1058 806 1103 841 ut
1136 815 1369 841 consueram
1405 800 1633 842 rescribere.
1679 801 1872 843 Consenti

101 875 144 916 in
177 874 252 916 hac
285 889 380 916 cura
414 890 583 925 mecum,
619 883 664 918 ut
699 891 759 918 me
793 875 1026 932 expediam;
1063 873 1211 929 quibus
1245 878 1380 914 autem
1417 873 1548 924 rebus,
1576 874 1685 916 venit
1708 874 1871 930 quidem

145 1063 163 1094 8
184 1065 201 1100 †
226 1062 375 1094 Consenti
397 1063 430 1094 in
453 1064 513 1095 hac
536 1074 621 1103 cura,
646 1065 695 1095 ubi
718 1074 784 1096 sum
809 1083 849 1087 —

100 1254 240 1288 rogarat.
275 1247 391 1279 Cicero
413 1249 473 1280 filii
497 1254 615 1289 rogatu
639 1251 834 1290 promiserat
857 1256 889 1281 et
913 1259 961 1280 re·
1009 1250 1091 1280 sima
1114 1250 1335 1280 correctione:
1358 1249 1388 1279 si
1416 1248 1581 1290 quidquam
1604 1248 1687 1279 male
1708 1248 1872 1289 intelliyit.

99 1305 237 1341 ceperat,
260 1305 296 1331 ut
317 1301 471 1332 Montani
495 1302 630 1333 nomine
663 1302 785 1333 Planco
808 1302 960 1339 solveret.
1009 1301 1126 1342 Itaque
1159 1312 1225 1332 non
1249 1301 1330 1331 male
1359 1300 1571 1332 intellexerat
1592 1301 1682 1338 Tiro,
1712 1301 1769 1332 sed
1790 1300 1875 1331 nihil

104 1352 155 1384 Uli
177 1353 216 1385 de
237 1364 293 1385 suo
315 1355 466 1396 proxime
488 1356 530 1386 ad
551 1356 690 1386 ductum
714 1356 813 1393 Med.‚
838 1356 871 1386 in
895 1365 961 1396 quo
1009 1354 1231 1391 intellexerat,
1256 1361 1288 1385 et
1312 1353 1466 1385 Ciceroni
1489 1354 1583 1394 quasi
1606 1354 1648 1385 ab
1672 1354 1786 1386 Attico
1808 1354 1871 1386 sibi

99 1412 148 1439 est
179 1410 213 1439 uc
245 1408 320 1440 inde
353 1420 419 1446 suo,
453 1410 578 1450 scripsi,
612 1410 770 1451 quoniam
810 1410 842 1441 id
874 1410 962 1450 quod
1008 1409 1132 1439 dictum
1155 1408 1396 1449 perscripserat,
1419 1408 1460 1439 de
1482 1418 1547 1448 quo
1570 1408 1703 1439 Atticus
1726 1417 1768 1440 ne
1779 1409 1871 1449 cogi·

99 1460 283 1493 Lambinus
314 1462 423 1493 attulit
453 1471 470 1493 e
494 1462 597 1493 Torn.
620 1462 738 1502 utfide
759 1473 817 1493 sua
841 1462 960 1493 falsum
984 1445 987 1516 l
1008 1468 1135 1493 tavei-at.
1157 1463 1299 1502 quidem.

99 1514 238 1546 videtur.
272 1514 390 1555 Neque
412 1515 503 1546 enim
525 1515 658 1546 Marcus
681 1515 770 1546 filius
793 1525 832 1547 ea
855 1521 961 1547 aetate
984 1526 987 1558 ᾗ

98 1575 177 1605 erat,
211 1574 248 1599 ut
278 1568 344 1599 fide
372 1568 486 1600 iubere
518 1575 638 1609 posset.
676 1568 743 1600 Sed
776 1562 986 1600 verecunde¹

98 1625 225 1662 poterat
248 1621 382 1663 patrem
404 1632 531 1663 rogare,
555 1628 590 1653 ut
613 1623 673 1653 illa-
695 1623 834 1663 pecunia
857 1624 960 1655 detra-

97 1673 230 1705 heretur
251 1675 292 1706 de
315 1684 363 1712 eo,
386 1676 474 1716 quod
496 1675 560 1706 sibi
583 1676 617 1706 in
630 1686 781 1707 annuum
793 1682 960 1717 sumptum

98 1732 167 1758 erat
189 1727 417 1759 constitutum.
457 1728 574 1759 Cicero
596 1734 689 1768 pater
712 1729 892 1760 liberaliter
913 1738 961 1760 re-

98 1782 274 1822 sponderat
296 1791 330 1813 se
354 1791 420 1813 non
444 1783 661 1814 deducturum
684 1792 754 1814 esse
776 1783 868 1814 afilii
883 1792 959 1824 pen-

97 1833 191 1866 sione
213 1844 334 1865 annua.

139 1889 156 1921 †
170 1886 241 1917 Non
271 1888 368 1925 modo,
391 1888 449 1918 sed
468 1888 662 1930 iniquissimo
677 1892 804 1927 fenore.
837 1889 890 1919 Ad
912 1898 958 1919 sa-

98 1940 244 1971 nandum
278 1939 310 1971 h.
342 1940 364 1971 l.
397 1941 578 1981 aliquando
600 1941 755 1982 putabam
778 1942 856 1972 satis
879 1950 958 1978 esse,

97 1994 126 2024 si
149 1994 344 2026 scriberem:
381 1994 451 2026 Non
476 1995 604 2032 modico,
628 1995 687 2026 sed
708 2002 779 2032 cet„
802 1996 890 2036 quod
914 1995 958 2026 vi·
980 2011 983 2048 ἔ

95 2048 158 2079 deo
181 2048 314 2079 Baitero
335 2058 467 2090 quoque
489 2049 523 2080 in
548 2055 695 2080 mentem
719 2043 858 2080 venisse.
893 2048 958 2081 Sed

96 2110 186 2131 nunc
218 2110 342 2139 vereor,
375 2107 411 2132 ut
444 2100 560 2133 Cicero
583 2101 653 2142 ipse
675 2102 737 2132 hoc
761 2103 957 2142 probaturus

96 2154 222 2192 fuisset,
253 2165 357 2195 quum
390 2156 466 2187 talis
499 2156 664 2187 sententia
693 2166 760 2187 non
791 2156 959 2197 aptissime

96 2217 174 2238 cum
193 2208 403 2248 praecedenti
432 2209 614 2240 cohaereat.
650 2210 760 2247 Qua-re
783 2209 890 2249 potius
913 2218 959 2240 as-

97 2261 221 2293 sentior
252 2261 418 2294 Lambino
452 2263 577 2304 aliquid
609 2263 772 2294 excidisse
794 2263 960 2300 statuenti,

96 2315 204 2346 velut:
231 2315 300 2346 Non
322 2316 410 2347 modo
432 2326 492 2347 non
509 2317 604 2355 jecit.

1052 1514 1171 1544 Cocceii
1203 1524 1392 1554 responsum.
1426 1513 1612 1545 uCoceeius
1641 1524 1726 1545 unus
1758 1524 1776 1546 e
1797 1524 1869 1555 pro-

1008 1568 1211 1599 curatoribus
1245 1567 1440 1599 Dolabellae
1468 1568 1582 1599 Attico
1611 1568 1787 1608 pecuniam
1817 1567 1869 1600 Ci-

1007 1622 1135 1653 ceronis
1169 1623 1304 1653 nomine
1338 1622 1461 1662 petenti
1499 1622 1545 1654 ita
1576 1623 1798 1664 responderat,
1834 1628 1871 1654 ut

1008 1675 1204 1715 sperandum
1228 1676 1312 1706 nihil
1335 1674 1473 1705 omnino
1505 1675 1703 1707 videretur.''
1747 1675 1869 1707 Manu-

1007 1728 1082 1759 tius.

1051 1782 1068 1822 ξ
1103 1782 1131 1812 6.
1164 1782 1284 1813 Cadere
1312 1792 1346 1814 o:
1377 1794 1444 1815 non
1468 1792 1562 1824 posse
1585 1788 1679 1821 stare,
1702 1783 1868 1816 creditori-

1008 1836 1066 1866 bus
1097 1836 1163 1866 suis
1192 1846 1259 1867 non
1289 1837 1486 1869 satisfacere.
1524 1836 1573 1868 Cf.
1606 1836 1696 1868 Suet.
1727 1836 1804 1870 Oth.
1829 1839 1865 1868 5:

1007 1888 1112 1930 Neque
1133 1888 1360 1926 dissimulabat,
1385 1890 1447 1920 nisi
1467 1889 1638 1929 principem
1659 1899 1694 1921 se
1706 1892 1794 1921 stare
1806 1900 1867 1921 non

999 1952 1091 1984 posse
1099 1957 1109 1979 ,·
1134 1943 1275 1985 nihilque
1296 1944 1430 1982 refiert-e,
1453 1944 1491 1974 ab
1515 1944 1604 1974 hoste
1624 1944 1659 1974 in
1682 1943 1761 1982 acie,
1776 1955 1819 1975 an
1832 1945 1867 1975 in

1005 1996 1077 2032 foro
1111 1996 1167 2026 sub
1199 1996 1406 2027 creditoribus
1439 1995 1576 2028 caderet.
1612 1996 1766 2029 Similem
1798 1997 1867 2029 vim

1004 2050 1103 2081 habet
1126 2059 1280 2087 corruere,
1303 2057 1339 2081 ut
1361 2051 1395 2081 in
1419 2049 1492 2082 Cat.
1513 2050 1561 2082 11.
1583 2051 1621 2081 21
1644 2050 1674 2080 si
1695 2053 1783 2082 stare
1805 2061 1867 2082 non

998 2105 1143 2143 possunt,
1167 2104 1325 2132 corruant.

1053 2155 1201 2187 Consenti
1223 2155 1256 2185 in
1279 2155 1339 2185 hac
1372 2165 1447 2186 cura
1482 2165 1609 2196 mecum,
1637 2158 1672 2186 ut
1699 2166 1746 2188 me
1777 2167 1853 2198 expe

1007 2208 1102 2239 diam.
1124 2208 1177 2238 Ex
1200 2207 1294 2238 libris
1317 2208 1427 2239 editur
1459 2207 1609 2240 Consenti
1630 2208 1664 2239 in
1686 2209 1747 2240 hac
1779 2219 1866 2248 cura,

1007 2263 1058 2294 ubi
1080 2272 1156 2300 snm,
1180 2263 1268 2303 quod
1291 2272 1399 2304 neque
1420 2263 1580 2294 Latinum
1602 2268 1660 2301 est,
1684 2268 1715 2295 et
1733 2263 1868 2296 inanem

1014 2317 1267 2359 explicationem
1291 2317 1448 2349 eontinet.
1473 2317 1656 2348 Consentire
1677 2318 1766 2349 enim
1782 2319 1868 2351 nude

138 2368 298 2400 Aurelius.
311 2369 405 2400 Bene
423 2368 586 2400 Corradus
603 2370 746 2400 coniecit
758 2369 848 2400 hunc
861 2370 962 2401 fuisse
984 2383 987 2415 ᾗ
1008 2371 1151 2411 positum
1174 2379 1240 2400 non
1264 2379 1313 2400 est
1334 2380 1400 2400 una
1421 2370 1614 2407 deliberare,
1650 2375 1682 2402 et
1705 2371 1763 2411 qui
1785 2371 1867 2403 dicit

96 2420 251 2452 Montani
273 2428 529 2462 procuratorem.
554 2421 631 2452 Non
643 2422 810 2453 diversum
824 2428 902 2462 puto
919 2422 962 2452 ab
984 2430 987 2460 ι
1008 2426 1041 2456 in
1066 2427 1127 2455 hac
1149 2435 1226 2456 eura
1251 2435 1317 2456 non
1348 2425 1440 2456 addit
1472 2425 1523 2455 ubi
1550 2435 1628 2463 sum,
1660 2431 1717 2456 aut
1744 2425 1778 2455 in
1806 2437 1866 2467 qua

97 2483 137 2505 eo
165 2474 318 2512 Aurelio,
353 2475 409 2515 qui
440 2481 644 2506 memoratur
671 2476 713 2506 ad
742 2475 835 2506 Fam.
859 2474 959 2506 XVI.
984 2480 987 2534 Ι
1007 2489 1084 2515 sum,
1108 2479 1196 2520 quod
1220 2478 1353 2509 Mosero
1375 2476 1490 2518 Symb.
1514 2477 1596 2510 Crit.
1620 2478 1681 2509 VI.
1704 2489 1734 2518 p.
1760 2477 1798 2508 16
1820 2487 1868 2510 re-

96 2527 148 2565 24,
172 2527 189 2558 1
213 2537 326 2559 mense
349 2527 441 2559 Maio
465 2538 494 2559 a.
518 2527 589 2560 710.

139 2581 255 2612 Numos
295 2592 316 2613 a
349 2581 518 2613 Dolabella
549 2582 628 2622 fore
667 2592 699 2613 a:
739 2583 884 2613 solutum
919 2582 959 2614 iri

97 2636 273 2668 Terentiae
304 2637 345 2668 (le
375 2646 424 2674 e0,
446 2637 536 2677 quod
560 2636 735 2668 Dolabella
758 2637 957 2668 numerabit.

96 2691 151 2723 Ita
172 2697 206 2724 et
227 2701 286 2723 nos
308 2691 493 2732 loquimur:
523 2692 580 2722 dat
608 2691 666 2723 het
701 2692 778 2731 geld
819 2701 882 2722 van
917 2691 957 2722 D.

98 2744 150 2775 zal
172 2744 305 2776 komen.

138 2796 172 2828 Si
192 2797 351 2839 quisquam
373 2797 454 2828 male
476 2796 638 2837 intelliyic.
669 2796 857 2837 Malaspina
878 2796 960 2828 haee

97 2850 242 2891 explicat
275 2859 293 2881 e
326 2850 469 2891 quadam
505 2849 668 2880 sermonis
697 2849 872 2889 elegantia,
895 2859 958 2890 qua

97 2903 329 2943 significabant
361 2902 508 2943 aliquem
539 2902 574 2933 in
603 2911 642 2932 eo
675 2911 806 2942 genere,
829 2902 869 2932 de
894 2911 960 2942 quo
983 2937 985 2943 Α

97 2963 214 2997 agatur
235 2957 318 2988 alios
340 2965 503 2997 superare.
531 2955 723 2987 Secundum
745 2966 821 2986 eum
844 2955 960 2986 Cicero

96 3010 219 3042 voluit:
252 3010 343 3041 Male
371 3010 453 3041 Tiro
475 3009 654 3046 intellexit,
677 3014 713 3040 ut
736 3009 794 3050 qui
818 3008 959 3049 pessime

97 3065 151 3095 vel
172 3065 280 3106 potins
302 3064 388 3096 nihil
418 3064 597 3095 intellexit.
634 3063 721 3094 Mihi
743 3069 858 3094 contra
880 3063 960 3093 haec

98 3127 166 3148 non
188 3117 231 3148 ad
251 3117 555 3158 reprehensionem,
578 3117 636 3147 sed
651 3116 762 3157 potius
774 3117 814 3146 ad
828 3115 958 3146 laudem

97 3170 232 3205 Tironis
255 3170 365 3202 addita
390 3171 552 3206 videntur,
575 3170 663 3209 quod
685 3169 844 3200 obtinebo
863 3167 959 3199 lenis·
982 3129 986 3207 l

1008 2532 1220 2562 scribendum
1245 2531 1425 2562 videbatur.
1462 2531 1516 2562 Ex
1550 2541 1618 2561 uno
1647 2529 1756 2562 Oxon.
1786 2535 1817 2562 et
1850 2540 1867 2562 e

1008 2589 1080 2619 cod.
1101 2587 1208 2627 Regio
1230 2592 1364 2618 notatur
1396 2586 1556 2623 constitui,
1586 2587 1673 2627 quod
1701 2596 1767 2617 non
1797 2596 1868 2627 pro-

1007 2641 1116 2672 basset
1137 2639 1291 2676 Orellius,
1317 2639 1343 2670 si
1367 2639 1561 2670 attendisset
1593 2638 1635 2669 ad
1664 2638 1782 2669 verba:
1815 2636 1868 2668 ubi

1007 2703 1054 2724 me
1075 2692 1247 2734 expediam,
1278 2702 1337 2733 pro
1359 2701 1425 2732 quo
1448 2692 1566 2723 saltem
1587 2690 1799 2722 scribendum
1821 2699 1867 2721 es—

1007 2750 1057 2777 set
1078 2745 1268 2785 expedirem.
1308 2744 1494 2784 Aliquanto
1517 2743 1636 2774 meiius
1669 2747 1746 2778 erat,
1778 2742 1867 2781 quod

1007 2798 1169 2830 Graevius
1191 2798 1321 2830 invenit
1358 2798 1391 2828 in
1423 2797 1493 2827 cod.
1528 2796 1663 2827 Balliol.
1693 2794 1864 2830 constitue,-

1008 2853 1066 2884 sed
1087 2852 1171 2883 mihi
1191 2852 1323 2892 quidem
1357 2850 1439 2881 nihil
1476 2850 1539 2880 nisi
1572 2849 1736 2888 glossema
1771 2857 1866 2879 verae

1007 2907 1187 2947 scripturae
1211 2904 1352 2936 consenti
1375 2913 1445 2935 esse
1468 2904 1607 2934 videtur.
1639 2902 1704 2933 Pro
1727 2901 1778 2932 ubi
1799 2911 1866 2931 sum

1007 2959 1042 2990 in
1065 2957 1176 2990 Oxou.
1208 2965 1232 2996 ψ
1256 2962 1287 2988 et
1320 2956 1406 2987 Ball.
1441 2960 1510 2986 erat
1545 2954 1687 2991 invisum,
1723 2954 1756 2985 in
1794 2954 1865 2984 cod.

1007 3013 1090 3052 Reg.
1112 3012 1145 3042 in
1168 2999 1266 3047 usnm,
1299 3019 1382 3049 quae
1406 3010 1473 3049 ipsa
1496 3009 1674 3048 scripturae
1695 3007 1866 3038 diversitas

1007 3075 1062 3097 me
1083 3065 1196 3101 movit,
1231 3070 1267 3094 ut
1295 3063 1494 3102 corrigerem
1533 3071 1654 3098 mecum,
1686 3070 1752 3101 quo
1782 3059 1866 3091 sacto

1008 3118 1117 3149 omnis
1139 3117 1315 3148 difficultas
1338 3115 1473 3146 tollitur.
1513 3113 1697 3145 consentire
1719 3122 1784 3143 cum
1806 3112 1867 3142 ali-

1007 3180 1065 3212 quo
1087 3180 1156 3202 csse
1181 3171 1200 3201 i.
1227 3180 1256 3210 q.
1281 3169 1467 3210 conspirare
1490 3177 1564 3198 cum
1589 3166 1708 3207 aliquo,
1739 3165 1864 3207 aliquid
