2062 3565
746 152 850 195 Llss.
889 154 1001 196 xlv.
1039 154 1120 197 ΕΡ.
1162 156 1228 195 13.
1784 161 1867 198 ,285

968 342 1016 378 Α.

477 445 743 483 ANTONIUS
772 446 972 484 CONSUL
1000 448 1035 485 S.
1067 448 1110 486 Ι).
1142 450 1194 487 M.
1226 448 1486 487 CICERONI.

168 553 207 594 1.
241 552 587 609 Occupationibus
622 559 682 596 est
716 554 865 596 factum
902 556 1000 597 meis
1033 561 1074 598 et
1107 558 1242 600 subita
1275 564 1346 600 tua
1374 559 1632 615 profectione,
1663 575 1712 601 110
1735 565 1866 601 tecum

101 639 231 670 coxam
266 625 315 667 de
350 626 423 667 hac
457 642 497 668 re
531 642 702 683 agerem.
767 628 899 679 Quam
933 628 984 669 ob
1019 644 1180 672 causam
1214 647 1364 683 vereor,
1399 646 1448 672 110
1483 631 1664 674 absentia
1698 648 1784 673 mea
1817 633 1870 674 le.-

101 699 186 741 vior
218 700 272 742 sit
305 700 411 757 apud
442 705 497 742 te.
531 701 688 754 Quodsi
722 701 882 743 bonitas
915 706 986 743 tua
1020 704 1273 759 responderit
1305 705 1457 747 iudicio
1491 722 1593 757 meo,
1629 705 1735 761 quod
1770 722 1868 747 sem-
1908 725 1922 750 ε,

99 787 169 828 per
201 772 325 815 habui
358 773 407 815 de
441 778 492 826 te,
523 774 723 830 gaudebo.
761 777 801 816 2.
826 776 863 816 A
887 774 1054 817 Caesare
1079 777 1192 832 petii,
1217 784 1264 819 ut
1286 779 1377 820 Sex.
1403 778 1590 820 Clodium
1615 778 1868 830 restitueret3

98 846 322 903 impetravi.
356 847 455 890 Erat
486 847 588 889 mihi
621 848 664 890 in
698 848 831 889 animo
865 849 1077 890 etiamtum
1111 850 1168 891 sic
1201 851 1263 891 uti
1299 850 1490 893 beneficio
1524 852 1625 903 eius,
1650 853 1752 894 situ
1776 868 1869 894 con·

98 920 297 962 cessisses.
353 920 445 973 Quo
489 921 616 977 magis
660 920 813 973 laboro,
857 926 904 962 ut
946 927 1018 963 tua
1064 922 1269 964 voluntate
1314 923 1356 964 id
1401 940 1470 980 per
1503 941 1565 967 me
1599 925 1727 968 facere
1761 942 1869 968 nunc

103 995 235 1037 liceat.
269 994 425 1047 Quodsi
458 995 660 1037 duriorem
693 1000 733 1037 te
767 995 854 1037 eius
887 996 1054 1038 miserae
1086 1002 1126 1038 et
1159 997 1327 1039 afflictae
1361 997 1546 1040 fortunae
1579 999 1758 1055 praebes,
1788 1015 1869 1041 non

107 1068 346 1111 contendam
381 1085 454 1125 ego
487 1069 678 1112 adversus
706 1075 760 1120 te,
795 1085 1036 1126 quamquam
1070 1071 1206 1113 videor
1240 1071 1383 1113 debere
1412 1074 1517 1114 tueri
1539 1075 1870 1116 commentarium
1893 1090 1926 1116 10

106 1142 300 1185 Caesaris.
355 1142 432 1185 Sed
475 1143 717 1194 mehercule,
764 1144 797 1186 si
831 1143 1061 1186 humaniter
1094 1149 1134 1186 et
1167 1146 1368 1201 sapienter
1400 1152 1441 1188 et
1473 1147 1698 1190 amabiliter
1731 1149 1775 1190 in
1807 1164 1869 1190 me

105 1216 280 1272 cogitare
320 1216 394 1268 vis,
439 1216 597 1258 facilem
641 1217 819 1274 profecto
863 1223 902 1259 te
947 1217 1157 1274 praebebis
1190 1224 1230 1261 et
1263 1220 1370 1262 voles
1404 1222 1451 1262 P.
1486 1221 1687 1273 Clodium,
1721 1223 1871 1278 optima

103 1289 147 1331 in
180 1305 249 1346 spe
283 1305 450 1346 puerum
493 1292 727 1347 repositum,
762 1292 990 1334 existimare
1033 1308 1114 1334 non
1159 1298 1199 1334 te
1233 1294 1475 1336 insectatum
1509 1310 1607 1347 esse,
1644 1311 1768 1351 quum
1800 1312 1868 1352 po-

102 1363 242 1415 tueris,
277 1363 425 1405 amicos
458 1370 659 1421 paternos.
696 1366 738 1406 3.
771 1365 929 1417 Patere,
964 1365 1143 1418 obsecro,
1176 1372 1216 1408 te
1249 1382 1320 1423 pro
1354 1382 1395 1408 re
1427 1367 1592 1423 publica
1625 1368 1752 1410 videri
1783 1384 1869 1424 ges-

104 1438 201 1480 sisse
234 1438 480 1480 simultatem
513 1453 606 1480 cum
638 1443 751 1495 patre
785 1440 886 1481 eius.
936 1440 1034 1481 Non
1067 1441 1354 1497 contempseris
1387 1440 1491 1482 hanc
1525 1440 1732 1484 familiam.
1783 1443 1867 1485 Ηο-
1890 1458 1923 1484 15

103 1512 257 1554 nestius
305 1513 413 1553 enim
457 1516 498 1553 et
544 1511 739 1554 libentius
790 1512 1030 1568 deponimus
1079 1513 1315 1555 inimicitias
1367 1514 1425 1555 rei
1472 1513 1657 1570 publicae
1707 1517 1869 1559 nomine

103 1592 307 1642 susceptas
352 1601 471 1641 quam
517 1587 806 1628 contumaciae.
871 1587 940 1628 Me
984 1586 1130 1628 deinde
1176 1588 1261 1629 sine
1307 1587 1358 1628 ad
1389 1587 1494 1629 hanc
1528 1588 1757 1644 opinionem
1789 1590 1869 1631 iam

102 1675 210 1702 nunc
244 1659 414 1715 dirigere
447 1674 616 1715 puerum
651 1665 691 1701 et
723 1665 861 1702 tenero
895 1661 1029 1702 animo
1063 1661 1148 1703 eius
1183 1661 1420 1717 persuadere
1443 1677 1525 1704 non
1549 1678 1633 1704 esse
1653 1663 1868 1706 tradendas

101 1733 270 1788 posteris
303 1733 550 1774 inimicitias.
586 1733 842 1789 Quamquam
875 1738 988 1775 tuam
1022 1733 1238 1786 fortunam,
1274 1734 1428 1787 Cicero,
1465 1734 1514 1776 ab
1548 1738 1658 1779 omni
1690 1737 1867 1794 periculo

102 1806 238 1849 abesse
270 1812 424 1849 certum
457 1807 599 1859 habeo,
633 1813 769 1850 tamen
802 1807 974 1850 arbitror
1006 1808 1123 1850 malle
1157 1813 1196 1850 te
1231 1808 1408 1864 quietam
1443 1814 1691 1853 senectutem
1725 1817 1765 1853 et
1797 1812 1866 1854 110-
1887 1824 1923 1851 20

101 1881 304 1923 norificam
337 1881 472 1936 potius
507 1896 621 1936 agere
655 1897 774 1936 quam
808 1882 1034 1924 sollicitam.
1085 1883 1293 1924 Postremo
1325 1898 1414 1925 meo
1447 1884 1535 1926 iure
1566 1889 1606 1926 te
1640 1884 1715 1926 hoc
1748 1884 1868 1926 bene-

101 1955 236 1996 ficium
276 1969 386 2010 rogo.
444 1955 562 1997 Nihil
594 1956 701 1997 enim
735 1972 816 1998 non
849 1961 920 1998 tua
951 1971 1071 1998 causa
1104 1956 1195 1998 feci.
1243 1957 1364 2009 Quod
1397 1959 1432 2000 si
1464 1974 1546 2001 non
1579 1959 1763 2015 impetro,
1797 1962 1868 2015 per

99 2043 162 2070 me
196 2027 337 2069 Clodio
371 2027 540 2070 daturus
573 2044 656 2070 non
688 2045 791 2081 sum,
823 2035 872 2072 ut
903 2030 1120 2085 intelligas,
1156 2031 1297 2086 quanti
1331 2031 1439 2088 apud
1473 2048 1535 2075 me
1556 2033 1772 2075 auctoritas
1795 2038 1865 2075 tua

99 2101 165 2152 sit,
200 2106 319 2158 atque
353 2117 400 2143 eo
432 2107 472 2143 te
507 2101 803 2157 placabiliorem
836 2104 1040 2159 praebeas.

139 2267 232 2299 Haec
253 2268 393 2308 epistola
414 2268 559 2299 Antonii
582 2274 615 2299 et
638 2267 810 2300 Ciceronis
826 2268 867 2299 ad
883 2277 956 2300 eam
976 2294 978 2320 ζ
1003 2269 1135 2309 patroni
1173 2269 1353 2301 incensam.
1391 2270 1469 2303 Vid.
1503 2272 1628 2304 Ascon.
1667 2273 1701 2304 in
1742 2274 1860 2305 Milon.

98 2321 266 2362 responsio
288 2327 457 2362 suspectae
479 2328 574 2353 erant
596 2321 838 2363 Peerlkampio.
869 2321 955 2353 Mihi
975 2338 977 2360 1
1001 2332 1032 2362 p.
1058 2324 1107 2354 55.

97 2383 157 2405 1100
190 2374 258 2412 ina,
287 2374 440 2406 dissolute
471 2385 504 2406 οι
530 2376 739 2416 negligenter
760 2376 953 2417 conscripta,
975 2389 978 2426 †
1043 2376 1146 2408 Etiam
1177 2380 1251 2417 tum,
1282 2389 1386 2420 quum
1416 2379 1537 2412 Caesar
1565 2381 1647 2412 1111111
1681 2382 1764 2412 illud
1785 2392 1860 2413 con-

96 2427 239 2458 Antonii
260 2427 397 2468 ingenio
419 2428 566 2468 indigna,
590 2437 695 2469 neque
718 2429 798 2460 haec
821 2439 840 2460 a
863 2429 952 2461 eice-
975 2450 977 2473 3
999 2431 1108 2462 cessit.

95 2481 185 2512 ronis
207 2481 356 2513 emtione
384 2486 415 2513 et
439 2482 586 2512 moribus
609 2482 785 2514 abhorrere
807 2483 953 2514 videtur.
1041 2484 1111 2515 Non
1144 2487 1175 2516 te
1208 2485 1395 2518 insectatum
1427 2498 1505 2519 esse.
1546 2489 1655 2530 Magis
1688 2489 1858 2530 perspicue

57 2534 60 2536 ’
96 2534 137 2565 111
161 2533 330 2566 Ciceronis
352 2534 489 2575 epistola
511 2540 588 2566 sunt
601 2535 707 2566 multa
718 2535 816 2567 nimis
832 2536 948 2567 blande
998 2539 1180 2580 scripsisset
1201 2541 1317 2572 ordine
1340 2541 1472 2573 inverso
1494 2545 1526 2573 te
1547 2554 1607 2574 non
1630 2543 1690 2574 ins.
1711 2553 1788 2574 esse.

94 2586 222 2628 scripta,
243 2596 329 2628 quae
351 2587 392 2618 ab
413 2596 452 2619 eo
474 2587 593 2628 scripta
618 2588 659 2617 ad
681 2588 870 2618 Antonium
883 2588 951 2619 1101-
974 2609 976 2621 ›
1041 2593 1060 2633 ἓ
1091 2595 1119 2625 3.
1153 2594 1383 2628 contumaciae.
1413 2597 1652 2638 Interpretatur
1685 2598 1856 2629 Manutius

95 2641 158 2678 les;
193 2641 251 2672 sed
272 2646 443 2682 propterea
465 2650 538 2672 eam
563 2641 709 2681 spuriam
730 2641 949 2681 pronunciare
990 2645 1113 2686 privati
1143 2647 1220 2685 odii,
1250 2654 1364 2679 contra
1395 2649 1565 2690 vulgarem
1599 2651 1742 2682 nominis
1776 2651 1854 2687 vini,

94 2704 162 2726 non
183 2695 295 2726 audeo.
997 2711 1095 2742 quam
1130 2703 1275 2744 explicat
1307 2703 1487 2745 Seyffertus
1523 2706 1564 2737 ml
1596 2706 1689 2737 Lael.
1721 2716 1751 2746 p.
1782 2706 1855 2737 353.

136 2749 154 2788 ἓ
187 2749 216 2780 1.
246 2747 294 2779 Ne
322 2748 464 2780 absentia
495 2760 541 2780 me
569 2748 668 2779 levior
689 2749 731 2779 sit
753 2749 839 2789 apud
860 2752 892 2780 te
913 2759 947 2780 0:
972 2764 975 2800 1
999 2753 1211 2787 Contumeliae
1232 2757 1443 2788 scribendum
1465 2767 1535 2789 esse
1558 2757 1641 2788 vidit
1664 2760 1700 2789 C.
1718 2757 1756 2788 F.
1772 2758 1854 2789 Her-

94 2811 136 2833 ne
163 2802 274 2833 minus
304 2802 507 2834 auctoritatis
540 2811 613 2832 mea
646 2801 773 2842 rogatio
808 2803 895 2843 apud
917 2808 950 2834 te
996 2816 1136 2839 mannus
1160 2808 1193 2839 in
1218 2809 1340 2841 Philol.
1364 2810 1429 2841 111.
1456 2810 1526 2841 106.

93 2853 246 2886 habitura
268 2855 311 2886 sit
322 2862 455 2897 propter
469 2855 662 2887 absentiam.
687 2855 763 2886 Non
780 2856 949 2896 probanda
1038 2859 1092 2890 Me
1121 2860 1235 2892 deinde
1263 2868 1324 2893 cet.
1360 2863 1408 2893 M.
1430 2863 1600 2894 Antonius
1622 2872 1679 2903 per
1699 2862 1853 2893 Fulviam

93 2911 142 2938 est
168 2908 252 2939 coni.
281 2907 327 2939 H.
355 2907 516 2949 Stephani
549 2918 610 2938 non
632 2913 708 2940 ante
730 2919 839 2939 vereor
863 2909 948 2940 inse·
995 2914 1131 2946 vitricus
1154 2923 1223 2948 erat
1246 2916 1285 2948 P,
1309 2916 1418 2948 Clodii
1440 2918 1511 2948 filii.

92 2963 204 2994 rentis.
969 2975 973 3009 Ι
1036 2968 1127 3000 Nihil
1147 2970 1229 3002 enim
1251 2981 1313 3002 non
1336 2973 1392 3002 tua
1416 2981 1513 3002 causa
1527 2971 1609 3010 feci.
1630 2971 1761 3001 Literae
1786 2980 1850 3000 non

135 3016 154 3056 ξ
180 3015 208 3046 2.
241 3015 312 3048 Seae.
337 3016 488 3048 Clodium.
510 3016 548 3048 P.
571 3016 680 3048 Clodii
705 3018 871 3056 clientem,
893 3019 948 3049 ho·
970 3016 972 3023 '
994 3022 1200 3056 erubescunt.
1223 3024 1260 3056 Si
1284 3025 1401 3056 Cicero
1433 3034 1552 3065 rogare
1574 3025 1745 3065 potuisset:
1772 3024 1851 3063 quid

91 3067 216 3099 minem
238 3068 417 3109 impurum,
440 3078 539 3110 quem
561 3068 677 3101 Cicero
699 3071 820 3112 passim
832 3071 865 3102 in
878 3081 946 3102 orae
993 3083 1083 3115 ergo,
1113 3077 1256 3112 Antoni.
1279 3087 1355 3109 mea
1383 3087 1481 3108 causa
1502 3076 1631 3107 fecisti?
1656 3087 1719 3107 non
1745 3077 1849 3106 multa

89 3119 236 3152 tionibus
257 3126 330 3162 post
350 3122 492 3153 reditum
514 3122 635 3154 habitis
657 3124 816 3164 exagitat.
845 3126 946 3155 Anno
966 3133 970 3175 j
990 3134 1069 3167 puto
1090 3129 1179 3161 hunc
1202 3131 1373 3162 nominare
1395 3130 1547 3170 potuisse.

91 3174 151 3207 702
172 3175 406 3206 condemnatus
430 3175 531 3207 suerat
556 3177 598 3208 ob
626 3178 750 3209 curiam
773 3179 806 3209 111
831 3178 945 3210 funere
965 3208 967 3213 ,
