2062 3565
283 182 336 220 22
678 177 762 218 ΕΡ.
797 176 873 217 AD
905 174 951 215 T.
986 171 1337 214 POMPONIUM
1370 171 1636 213 ATTICUM.

279 328 364 354 esse
397 312 657 368 perfectorem
689 308 824 351 volo.”
861 312 902 350 2.
938 308 1029 349 Hoc
1063 306 1221 348 Gnaeus
1255 311 1389 347 noster
1423 321 1547 361 quum
1566 314 1685 349 antea
1707 322 1932 364 nunquam,
1957 315 2043 352 tum

277 386 321 427 in
354 385 429 427 hac
462 398 581 425 causa
612 382 776 424 minime
821 380 1026 436 cogitavit.
1075 379 1309 421 Dominatio
1343 380 1524 434 quaesita
1558 381 1608 422 ab
1640 386 1812 436 utroque
1843 387 1918 435 est,
1960 398 2043 426 non

277 457 320 498 id
354 462 501 507 actum,
535 456 652 498 beata
684 461 725 497 et
756 456 925 496 honesta-
958 454 1099 495 civitas
1131 458 1179 495 ut
1211 459 1327 495 esset.
1362 454 1451 496 Nec
1484 470 1576 497 vero
1609 455 1675 497 1110
1698 455 1837 498 urbem
1863 456 2043 512 reliquit,

278 528 383 584 quod
426 544 511 570 eam
555 530 660 571 tueri
703 544 785 570 non
829 534 976 584 posset,
1010 542 1085 569 nec
1117 528 1292 579 Italiam,
1328 528 1435 583 quod
1470 544 1515 570 ea
1547 529 1774 585 pelleretur,
1809 529 1879 570 sed
1911 530 1988 572 hoc
2021 546 2044 572 a

241 615 255 640 5
275 602 404 658 primo
438 602 641 657 cogitavit,
677 616 813 643 omnes
847 606 985 650 terras,
1010 601 1146 642 omnia
1168 601 1294 642 maria
1317 616 1487 652 movere,
1512 617 1623 658 reges
1646 601 1837 644 barbaros
1859 603 2042 654 incitare,

274 679 414 731 gentes
456 674 558 717 feras
602 680 773 716 armatas
813 675 856 716 in
899 674 1061 715 Italiam
1105 673 1318 725 adducere,
1363 675 1562 716 exercitus
1607 676 1800 718 conficere
1832 677 2042 719 maximos.

275 748 414 790 Genus
456 748 559 790 illud
603 749 757 791 Sullani
799 749 912 804 regni
956 747 1193 803 iampridem
1235 748 1450 803 appetitur,
1496 749 1648 800 multis,
1695 749 1764 804 qui
1805 764 1886 791 una
1931 754 2040 802 sunt,

273 814 544 877 cupientibus.
594 825 659 864 An
705 837 842 864 censes
874 821 979 864 nihil
1010 822 1116 863 inter
1148 836 1216 862 eos
1249 822 1475 873 convenire,
1509 822 1662 864 nullam
1695 823 1921 878 pactionem
1955 823 2041 865 fieri

271 896 478 952 potuisse?
513 895 645 937 Hodie
679 900 824 951 potest.
860 895 937 937 Sed
970 895 1105 936 neutri
1139 892 1327 946 σκοπὸς
1359 899 1420 937 est
1451 895 1533 946 1110,
1570 902 1616 937 ut
1646 911 1720 938 nos
1753 895 1861 938 beati
1886 897 2011 939 simus
2025 916 2036 949 3

218 983 253 1009 10
270 973 438 1024 uterque
480 983 644 1023 regnare
685 968 786 1009 vult,
831 970 870 1009 3.
920 968 1032 1009 Haec
1077 983 1097 1009 a
1138 972 1178 1009 te
1211 967 1407 1009 invitatus
1440 967 1614 1010 breviter
1647 969 1829 1024 exposui.
1864 969 2042 1012 Voluisti

270 1042 377 1083 enim
420 1057 497 1093 me,
539 1041 636 1097 quid
681 1041 729 1083 de
774 1041 838 1083 his
871 1041 985 1083 malis
1019 1041 1222 1091 sentirem,
1257 1040 1479 1082 ostendere.
1531 1039 1872 1100 ΙῙροθεσπίζω
1902 1026 2043 1100 igitur,

268 1119 404 1156 noster
450 1114 598 1166 Attice,
643 1130 724 1156 non
769 1114 983 1165 1101101008,
1027 1118 1074 1155 ut
1116 1113 1198 1164 illa,
1242 1114 1306 1155 cui
1340 1128 1456 1155 nemo
1490 1113 1676 1165 credidit,
1711 1114 1780 1156 sed
1814 1114 2042 1158 coniectura

269 1188 515 1244 prospiciens
526 1204 536 1231 ι

516 1281 679 1336 Iamque
711 1281 812 1322 mari
846 1295 980 1334 mamm
1018 1314 1024 1321 .

217 1391 248 1417 15
269 1388 350 1415 11011
394 1373 535 1424 multo,
579 1373 759 1428 inquam,
805 1389 920 1416 secus
964 1388 1128 1429 possum
1173 1374 1410 1426 vaticinari,
1459 1382 1569 1416 tanta
1604 1376 1800 1418 malorum
1834 1376 2042 1433 impendet

272 1443 442 1498 Ἰλιὰς.
490 1471 548 1478 -
589 1448 722 1502 Atque
756 1447 831 1489 1100
865 1452 1001 1489 nostra
1033 1447 1191 1503 gravior
1225 1453 1285 1489 est
1319 1463 1452 1498 causa,
1489 1449 1558 1504 qui
1591 1449 1701 1490 domi
1735 1465 1887 1502 sumus,
1922 1465 2042 1506 quam

268 1520 442 1570 illorum,
489 1520 557 1574 qui
599 1536 681 1562 una
727 1521 988 1571 transierunt,
1033 1520 1140 1575 quod
1182 1520 1242 1562 illi
1288 1521 1314 1563 †
1333 1520 1495 1575 quidem
1529 1521 1698 1563 alterum
1732 1527 1934 1575 metuunt,
1969 1539 2042 1566 008

269 1598 498 1648 utrumque.
535 1596 575 1634 4.
610 1594 692 1636 Cur
724 1594 864 1649 igitur,
899 1593 1047 1649 inquis,
1082 1594 1372 1635 remansimus?
1409 1593 1481 1635 Vel
1514 1593 1591 1635 tibi
1630 1596 1851 1650 paruimus,
1875 1596 1938 1638 vel
1960 1612 2040 1638 non

268 1667 527 1717 occurrimus,
562 1667 623 1708 vel
656 1667 729 1709 hoc
759 1666 835 1709 fuit
868 1668 1028 1709 rectius.
1067 1692 1122 1698 ——
1158 1667 1410 1718 conculcari,
1445 1668 1625 1722 inquam,
1659 1669 1845 1711 miseram
1879 1669 2039 1712 Italiam

311 1786 349 1820 17
374 1787 425 1818 illi
449 1787 571 1829 quidem
598 1804 638 1809 -

270 1908 300 1938 et
324 1915 471 1947 eapressa
493 1905 610 1947 qffiqies
631 1914 705 1945 opp.
730 1902 854 1933 umbrae
889 1905 918 1933 et
943 1902 1129 1943 jsfflyz'nibas
1151 1900 1155 1968 1
1177 1902 1343 1942 strataque.
1372 1900 1413 1931 Iu
1437 1900 1579 1932 Helmst.
1604 1901 1692 1932 idem
1715 1901 1844 1932 invenit
1867 1899 2039 1938 Graevius,

270 1959 333 1993 Off.
355 1960 424 1992 III.
445 1959 495 1990 69.
518 1977 559 1982 —
583 1958 728 1997 Quintus
747 1957 840 1994 liber,
859 1957 947 1988 unde
960 1956 1130 1998 sequentia
1152 1971 1155 1976 v
1178 1956 1235 1987 sed
1251 1958 1392 1987 manunt.
1417 1957 1445 1988 E
1468 1957 1541 1988 cod.
1562 1957 1658 1998 Hisp.
1681 1961 1830 1988 notatur:
1853 1974 1894 1979 —
1916 1960 2041 1988 manent

269 2013 439 2053 desumpta
461 2017 547 2049 sunt,
570 2011 636 2043 fere
660 2017 745 2042 totus
769 2009 876 2050 periit.
1152 1981 1156 2044 l
1178 2021 1282 2052 nrmq:
1307 2020 1362 2041 cnr
1385 2018 1447 2042 cet.
1470 2010 1519 2042 De
1542 2011 1677 2056 reliquis
1700 2011 1793 2042 libris
1816 2015 1952 2043 tacetur.
1975 2011 2041 2042 Bu-

314 2067 332 2106 §
355 2068 385 2097 3.
406 2066 477 2096 Non
507 2065 672 2096 hariolans
702 2074 734 2095 o:
766 2074 834 2112 000
866 2063 1062 2101 vaticinans,
1094 2070 1130 2094 ut
1153 2059 1155 2068 '
1177 2063 1327 2095 chelerus
1350 2063 1450 2094 verba
1472 2069 1586 2094 sanata
1610 2063 1743 2104 putabat
1765 2063 1876 2095 deleto
1906 2063 2039 2105 quidem.

271 2118 453 2150 Cassandra
499 2134 511 2143 u
524 2118 587 2149 Dei
619 2118 710 2148 iussu
733 2127 799 2147 non
832 2126 978 2157 unquam
1007 2116 1131 2147 credit-a
1179 2116 1256 2147 Vid.
1279 2116 1368 2146 Mus.
1390 2116 1496 2147 Rhen.
1520 2115 1622 2147 XIII.
1645 2126 1675 2156 p.
1701 2115 1772 2147 589.
1801 2115 1889 2146 Mihi
1911 2119 2040 2147 senten-

271 2173 440 2205 Teuciis.”
465 2172 628 2203 Postridie
650 2177 759 2202 tamen
783 2172 823 2201 ad
847 2171 927 2202 haec
950 2170 1019 2211 ipsa
1032 2170 1130 2211 respi-

271 2228 362 2259 ciens
385 2227 507 2264 scribit,
529 2227 647 2257 harum
669 2226 838 2256 literarum
872 2223 1128 2255 vaticinationem

263 2281 387 2322 falsam
410 2290 476 2312 esse
498 2280 595 2320 cuffio.
620 2280 698 2310 Vid.
721 2289 770 2319 ep.
795 2279 843 2315 12,
868 2279 895 2309 1.

314 2334 442 2375 Iamque
470 2332 550 2363 mari
582 2342 690 2372 mayno
700 2355 775 2363 .....
809 2331 894 2363 Sunt
923 2332 1024 2363 verba
1055 2330 1130 2362 Cas-

272 2389 410 2420 sandrae
432 2388 466 2418 in
489 2387 592 2418 Ennii
617 2387 814 2418 Alexandro
835 2386 987 2417 Helenae
1001 2392 1131 2426 raptum

273 2447 306 2474 et
328 2441 446 2473 Troiae
478 2440 646 2472 excidium
676 2439 896 2470 vaticinantis.
940 2439 993 2470 En
1023 2444 1130 2470 totum

274 2497 385 2527 locum
408 2504 450 2526 ex
477 2494 551 2525 aliis
573 2493 743 2525 Ciceronis
766 2493 846 2524 locis
871 2503 887 2523 a
912 2493 1004 2524 Viris
1027 2492 1130 2523 doctis

273 2548 506 2590 compositum:
786 2554 789 2556 ⁴

358 2601 497 2642 Iamque
521 2600 605 2631 mari
626 2609 748 2639 magno
771 2599 883 2630 classis
906 2599 969 2630 cita

357 2653 506 2690 Texitur,
529 2652 667 2684 exitium
693 2661 833 2682 examen
856 2652 955 2692 rapit;

356 2706 536 2743 Adveniet,
558 2704 626 2736 fera
650 2704 905 2735 velivolantibus

358 2759 508 2791 Navibus
530 2758 707 2798 complebit
731 2767 847 2788 manus
871 2758 976 2788 litora.
1153 2748 1157 2779 ¹

316 2815 454 2846 Eritium
476 2824 508 2845 v.
531 2814 551 2844 2
573 2823 631 2854 pro
655 2812 818 2843 atilionem
842 2813 967 2843 dictum
990 2823 1058 2844 esse
1078 2815 1132 2844 (lo-

275 2874 326 2900 cet
356 2867 472 2899 Cicero
500 2864 590 2898 Orat.
623 2866 691 2901 155,
730 2870 761 2895 et
789 2865 847 2895 illa
877 2866 976 2896 verba
1002 2865 1131 2896 aritium

275 2930 405 2951 examen
428 2918 512 2960 rupit
533 2918 596 2948 hoc
626 2917 788 2948 indicant:
819 2917 982 2947 malorum
1013 2927 1131 2957 agmen

275 2985 293 3004 v
328 2973 451 3004 nubem
474 2970 587 3002 adfert.
613 2969 728 3001 Cetera
751 2969 858 3010 plana.

318 3027 408 3068 Quod
435 3026 486 3056 illi
518 3027 535 3059 ἦ·
562 3024 682 3066 quidem
722 3025 854 3054 alterum
890 3026 1038 3061 metuunt,
1076 3034 1132 3055 uos

273 3085 447 3122 ulnamque.
478 3079 599 3111 Nescio
631 3079 718 3109 unde
744 3078 825 3109 haec
856 3079 953 3109 lectio
984 3078 1128 3115 fluxerit,
1153 3090 1155 3116 ς

234 3176 237 3179 .
275 3137 332 3168 secl
355 3135 469 3176 primis
491 3132 670 3165 editoribus
691 3131 803 3162 deberi
825 3132 980 3172 suspicor.
1004 3133 1043 3162 In
1062 3133 1129 3164 Me-
1152 3138 1155 3178 '3

273 3190 365 3222 dice«)
398 3195 462 3220 est:
494 3185 575 3228 qnod
595 3186 645 3215 illi
667 3185 718 3226 qm⁴
741 3185 875 3215 alierum
900 3188 1052 3215 mannan(
1076 3196 1130 3215 m)—
1152 3194 1155 3213 1

1154 2729 1156 2736 ,
1179 2715 1234 2735 rus
1271 2706 1391 2743 esset,”

1179 2169 1224 2200 tia
1245 2179 1313 2200 non
1337 2168 1501 2200 satisfacit.
1532 2168 1560 2199 E
1583 2169 1743 2199 librorum
1773 2168 1854 2199 Mss.
1887 2168 2040 2199 ductibus

1177 2222 1240 2253 hoc
1263 2231 1358 2253 eruo:
1382 2221 1465 2263 quod
1485 2221 1537 2251 z'llz'
1559 2221 1647 2261 seqm‘
1669 2221 1805 2252 alteram
1828 2220 1959 2258 malunt,
1982 2230 2039 2251 nos

1177 2277 1330 2306 neutrum.

1221 2328 1239 2367 ξ
1262 2329 1292 2358 4.
1321 2326 1375 2358 Vel
1397 2327 1454 2359 tibi
1471 2328 1648 2368 paruimus,
1677 2332 1738 2359 cet.
1781 2327 1863 2358 Tres
1892 2326 2037 2358 rationes

1181 2381 1296 2414 Cicero
1318 2383 1448 2414 videtur
1470 2383 1595 2420 afferre,
1618 2392 1676 2413 cur
1700 2381 1895 2414 remanserit
1916 2381 1950 2412 in
1973 2381 2037 2413 Ita-

1178 2436 1232 2474 lia,
1256 2446 1317 2468 nec
1339 2447 1414 2468 cum
1436 2437 1597 2478 Pompeio
1619 2445 1710 2467 mare
1734 2435 1909 2467 transierit.
1932 2435 1986 2466 Ex
2002 2434 2039 2466 il—

1179 2492 1219 2522 lis
1242 2491 1346 2532 prima
1370 2496 1401 2523 et
1425 2492 1519 2523 tertia
1541 2491 1616 2522 talis
1649 2496 1707 2528 est,
1738 2496 1774 2521 ut
1802 2499 1902 2521 nemo
1934 2489 1970 2520 in
1999 2489 2039 2520 iis

1177 2545 1324 2581 haereat;
1358 2545 1535 2575 secundam
1569 2543 1619 2575 vel
1646 2553 1707 2574 non
1742 2542 1936 2574 occurrimus
1970 2551 2037 2573 non

1178 2597 1341 2638 intelligo.
1364 2598 1451 2628 Nam
1473 2606 1582 2638 neque
1595 2596 1740 2628 Manutii
1753 2595 1931 2636 explicatio
1945 2609 1959 2621 υ
1971 2605 2038 2626 000

1179 2651 1270 2682 licuit
1293 2652 1389 2682 nobis
1411 2651 1607 2692 Pompeium
1629 2651 1727 2688 adire,
1751 2659 1855 2691 quum
1883 2650 2039 2681 discessu-

1435 2714 1544 2746 neque
1587 2703 1768 2735 &Vielandii
1811 2703 2039 2744 interpretatio

1186 2774 1196 2781 ψ
1211 2759 1282 2790 weil
1307 2769 1342 2790 er
1363 2759 1427 2789 mir
1450 2768 1492 2789 zu
1515 2758 1643 2789 schnell
1675 2757 1876 2794 ent-u’ischte,
1901 2766 1958 2787 um
1980 2756 2038 2787 ihn

1181 2812 1338 2842 einhijlen
1361 2821 1401 2841 zu
1430 2811 1590 2842 ko'nnen''
1618 2810 1671 2841 his
1701 2809 1810 2841 verbis
1838 2808 2038 2841 continetur.

1182 2865 1229 2896 Ut
1252 2872 1338 2902 sunt,
1362 2864 1447 2895 nihil
1470 2864 1561 2894 aliud
1583 2864 1713 2900 dicitur,
1733 2873 1848 2904 quam:
1871 2861 2038 2897 Remansi,

1178 2918 1257 2959 quia
1280 2918 1310 2949 ei
1332 2927 1399 2948 non
1423 2918 1549 2949 occurri
1573 2927 1606 2948 0:
1630 2917 1707 2958 quia
1728 2915 1882 2947 remansi.
1912 2915 1966 2946 Ex
1987 2914 2039 2945 his

1154 2992 1155 2999 1
1178 2972 1311 3012 ineptiis
1334 2972 1500 3012 quomodo
1530 2981 1583 3002 1110
1614 2970 1798 3011 expediam,
1830 2969 1952 3000 neseio.
1982 2967 2039 2999 Se-

1178 3024 1312 3065 quentia
1335 3033 1465 3064 quoque
1488 3023 1592 3054 foedis
1605 3022 1745 3053 maculis
1761 3026 1837 3053 sunt
1852 3029 2037 3061 conspersa,

1177 3086 1327 3120 recteque
1350 3079 1518 3110 Victorius
1551 3078 1782 3110 animadvertit
1803 3077 1891 3108 hanc
1921 3076 2037 3117 episto-

1178 3132 1245 3163 lam
1265 3142 1282 3162 a
1298 3132 1441 3163 librariis
1453 3132 1599 3172 undique
1616 3131 1755 3171 pessime
1775 3139 1846 3161 esse
1857 3134 2035 3169 acceptam.

1221 3186 1417 3222 stamineam,
1442 3187 1575 3226 inquam,
1599 3190 1657 3216 cet.
1682 3184 1772 3216 Haec
1803 3188 1891 3214 arcte
1922 3183 2035 3213 cohae-
