2062 3565
750 161 858 205 LIB.
893 161 993 204 XII.
1029 162 1113 205 ΕΡ.
1151 165 1203 205 21

1787 164 1871 204 185

109 312 155 340 eo
189 312 302 354 posse
336 297 472 340 videor
506 299 762 341 contendere.
799 298 970 341 Venales
1003 304 1109 342 certe
1143 306 1239 342 sunt
1273 301 1410 352 Drusi,
1446 302 1612 343 fortasse
1635 306 1676 343 et
1692 301 1877 343 Lamiani

110 378 150 415 et
181 371 377 415 Cassiani.
412 371 490 414 Sed
525 387 672 414 coram.
708 374 749 414 3.
785 373 844 415 De
877 374 1065 416 Terentia
1096 390 1178 417 non
1214 391 1377 432 possum
1412 376 1661 418 commodius
1687 375 1875 427 scribere,

111 461 229 503 quam
260 449 308 487 tu
341 443 497 487 scribis.
533 445 722 488 Officium
755 447 808 489 sit
840 446 958 489 nobis
991 448 1340 505 antiquissimum3
1377 450 1410 491 si
1443 449 1541 505 qnid
1574 464 1648 492 nos
1682 450 1881 501 fefellerit,

110 519 218 562 illius
261 518 366 560 malo
410 534 473 560 me
517 534 638 575 quam
681 521 758 562 mei
807 522 1024 577 poenitere.

112 593 197 635 HS.
228 595 267 600 “

1076 525 1116 563 4.
1161 522 1286 565 Oviae
1327 522 1374 565 C.
1422 523 1542 566 Lollii
1576 524 1754 567 curanda
1788 532 1883 567 sunt

232 605 269 637 C.
323 594 459 649 Negat
501 594 602 636 Eros
635 610 748 650 posse
784 596 868 638 81110
901 611 978 648 me,
1014 596 1146 648 credo,
1182 597 1289 652 quod
1324 597 1559 654 accipienda
1591 598 1726 654 aliqua
1759 599 1812 640 sit
1844 604 1885 641 et
1923 611 1937 635 5

111 656 244 709 danda
276 667 520 710 aestimatio.
555 668 711 710 Vellem
744 669 820 711 tibi
854 669 1035 711 dixisset.

110 745 248 797 parata
291 756 365 783 nec
408 742 448 783 in
496 757 542 784 eo
585 742 672 798 ipso
718 743 925 794 mentitur,
958 759 1029 799 per
1061 748 1101 785 te
1136 745 1278 786 confici
1311 745 1458 801 potuit.

1094 672 1136 712 Si
1168 671 1273 712 enim
1310 687 1372 713 res
1405 676 1479 723 est,
1514 676 1562 713 ut
1593 672 1694 713 mihi
1727 672 1882 723 scribit,

1510 745 1559 786 Id
1594 761 1811 801 cognoscas
1844 752 1885 788 et

111 815 298 858 conficias
330 815 465 858 velim.
502 818 543 858 5.
578 815 701 863 Quod
734 832 797 859 me
828 818 872 859 in
906 817 1036 860 forum
1070 833 1201 870 vocas,
1234 835 1280 861 00
1312 834 1445 871 vocas,
1478 820 1587 862 unde
1621 820 1743 862 etiam
1766 819 1884 862 bonis

110 888 210 930 meis
242 887 361 931 rebus
394 889 613 945 fugiebam.
647 889 757 943 Quid
791 890 899 932 enim
932 891 1033 933 mihi
1067 906 1159 933 cum
1193 891 1292 944 foro,
1327 892 1413 934 sine
1445 893 1623 945 iudiciis,
1649 893 1734 936 sine
1757 895 1882 945 curia,

109 963 153 1005 in
186 963 322 1006 oculos
355 963 657 1006 incurrentibus
684 964 749 1016 iis,
785 980 884 1019 quos
918 980 1045 1020 aequo
1080 966 1214 1007 animo
1253 966 1389 1008 videre
1424 982 1504 1008 11011
1538 968 1728 1023 possum?
1762 967 1883 1020 Quod
1904 986 1936 1012 ιο

111 1042 247 1080 autem
293 1038 477 1080 homines
522 1054 544 1080 a
590 1054 653 1081 me
686 1039 889 1096 postulare
923 1038 1080 1092 scribis,
1115 1044 1162 1082 ut
1196 1041 1348 1083 Romae
1381 1041 1471 1093 sim,
1505 1057 1636 1097 neque
1672 1041 1806 1097 [mihi,
1840 1046 1886 1082 ut

112 1112 254 1165 absim,
299 1111 517 1155 concedere
561 1114 649 1169 aut]
692 1113 718 1158 †
736 1118 935 1169 quatenus
980 1129 1048 1156 eos
1081 1114 1183 1156 mihi
1216 1115 1448 1167 concedere,
1482 1116 1563 1158 iam
1595 1116 1751 1174 pridem
1785 1117 1885 1159 scito

112 1202 211 1239 esse,
256 1201 380 1242 quum
424 1201 552 1227 unum
599 1191 639 1228 te
682 1186 809 1243 pluris
854 1202 974 1243 quam
1018 1202 1155 1230 omnes
1200 1188 1290 1231 illos
1322 1193 1477 1245 putem.
1527 1190 1593 1232 Ne
1625 1206 1689 1232 me
1723 1190 1886 1246 quidem

111 1264 338 1313 contemno,
382 1275 551 1316 meoque
594 1260 747 1303 iudicio
790 1261 918 1303 multo
960 1266 1064 1304 stare
1104 1262 1209 1304 malo
1255 1278 1376 1318 quam
1409 1264 1590 1306 omnium
1623 1264 1885 1320 reliquorum.

112 1334 257 1390 Neque
296 1339 432 1376 tamen
474 1334 708 1390 progredior
751 1335 928 1391 longius,
973 1350 1093 1390 quam
1137 1335 1239 1378 mihi
1272 1336 1496 1379 doctissimi
1528 1337 1712 1380 homines
1746 1354 1886 1381 conce·
1904 1354 1938 1380 15

113 1406 230 1460 dunt,
274 1423 444 1464 quorum
488 1407 638 1464 scripta
674 1408 823 1461 omnia,
870 1424 1133 1465 quaecunque
1175 1414 1272 1452 sunt
1315 1410 1358 1452 in
1391 1426 1477 1452 eam
1512 1412 1769 1465 sententiam,
1803 1428 1885 1455 non

157 1576 176 1606 9
199 1574 275 1606 mihi
296 1575 399 1618 [cum]
414 1575 494 1617 foro
516 1594 557 1600 —-
580 1575 617 1608 11
640 1575 764 1614 scribis,
787 1576 839 1619 [ut
862 1575 978 1608 Romae
998 1575 1068 1614 sinz,
1091 1586 1190 1618 neque
1222 1577 1309 1616 milti,
1345 1579 1378 1609 ut
1409 1576 1518 1616 absim,
1549 1577 1745 1621 concedere}
1777 1582 1834 1610 aut
1868 1582 1886 1617 †

108 1626 275 1671 quatenus*
292 1647 334 1652 —

155 1788 227 1821 Hoc
247 1788 369 1832 quidem
381 1788 528 1830 fecisset,
540 1789 666 1820 etiamsi
683 1788 783 1820 Rario
797 1788 977 1820 admonitus
1003 1806 1005 1819 ι

113 1845 205 1875 esset.
228 1844 342 1876 Verba
354 1843 447 1875 vides
460 1843 675 1876 vehementer
687 1848 850 1885 corrupta.
872 1842 976 1874 Pleri-

114 1908 178 1941 que
200 1900 396 1941 interpretes
418 1899 630 1931 scribendum
652 1904 786 1940 putant:
809 1898 934 1930 etiamsi
954 1909 974 1929 α

115 1953 218 1985 Ranio
240 1953 421 1985 admonitus
444 1955 535 1991 esset,
558 1958 590 1985 et
602 1953 748 1985 Ranium
764 1953 860 1985 illum
875 1952 976 1984 fuisse

115 2008 256 2040 scribam
279 2008 435 2050 aliquem,
460 2013 517 2039 aut
553 2008 710 2040 libertum
742 2008 839 2050 Bruti
874 2007 976 2048 suspi-

114 2070 242 2096 cantur.
266 2064 426 2096 Ernestus
448 2064 610 2095 malebat:
644 2062 716 2094 Hoc
739 2062 861 2105 quidem
874 2062 975 2104 fecis-

114 2127 173 2155 ses,
196 2117 320 2148 etiamsi
340 2117 379 2148 ab
403 2116 468 2148 atio
490 2116 671 2148 admonitus
685 2127 749 2147 non
762 2125 846 2147 esses
862 2125 898 2147 o:
921 2121 976 2147 tua

115 2178 242 2213 sponte.
265 2172 352 2204 Mihi
373 2172 480 2213 magis
502 2172 629 2213 placet:
653 2170 725 2202 Hoc
745 2170 978 2213 quidemfieis-

114 2229 162 2258 set
184 2226 279 2258 etiam
301 2226 428 2258 librarii
448 2226 611 2258 admonitu
632 2226 704 2257 vel:
728 2225 824 2257 etiam
847 2237 867 2257 a
882 2226 977 2258 libra·

115 2279 164 2311 rio
195 2279 383 2311 admonitus.
409 2298 450 2303 —
472 2279 611 2311 Fecisset
647 2284 712 2311 est:
750 2284 908 2320 rogasset,
942 2284 979 2310 ut

116 2334 310 2375 corrigeres,

158 2387 176 2427 ξ
199 2388 228 2419 2.
241 2387 275 2418 Si
300 2406 335 2410 —
348 2399 369 2418 α,
383 2387 515 2420 Faberio
534 2387 659 2430 aliquid
671 2387 801 2420 recedit.
815 2387 978 2419 Faberius

117 2450 187 2477 erat
208 2444 339 2477 debitor
361 2443 542 2477 Ciceronis.
565 2445 644 2476 Vid.
667 2445 718 2483 25,
741 2445 769 2476 1.
793 2445 843 2482 51,
867 2444 885 2475 3
907 2445 939 2475 h.
955 2445 977 2476 l.

116 2499 273 2537 Pecunia,
296 2509 397 2540 quam
419 2500 541 2539 redigit
561 2500 712 2537 creditor,
731 2500 772 2530 ad
784 2508 861 2531 eum
873 2498 979 2530 redire

116 2553 236 2585 dicitur
244 2567 252 2591 3
276 2553 423 2584 recedere
445 2554 506 2584 hac
528 2554 563 2584 in
586 2563 622 2585 re
644 2563 712 2584 non
735 2558 784 2584 est
804 2553 977 2584 usitatum.

116 2606 249 2639 Scribe:
273 2606 358 2638 redit
380 2607 434 2639 vel
455 2606 598 2637 redierit.

161 2659 355 2692 Contendere
376 2670 411 2692 o:
435 2669 569 2701 operam
591 2660 679 2696 dare,
704 2667 741 2691 ut
762 2659 874 2691 hortos
889 2669 977 2690 com-

118 2723 240 2754 parem.

159 2767 178 2807 ξ
199 2768 230 2798 4
254 2765 352 2798 Om'ae
373 2773 434 2798 cet.
471 2765 513 2797 cf.
536 2775 585 2807 ep.
609 2766 659 2804 24,
685 2766 712 2796 1.
736 2766 787 2797 30.
809 2766 838 2797 2.
873 2764 977 2796 XIII.

117 2819 168 2857 22,
191 2821 221 2850 4.

1071 1794 1090 1833 ξ
1113 1794 1142 1823 5.
1168 1791 1257 1830 Quid
1276 1792 1353 1824 mihi
1378 1802 1445 1824 cum
1466 1794 1546 1835 foro
1578 1804 1633 1836 np.
1668 1794 1795 1836 negotii
1818 1793 1890 1826 est?

1028 1845 1069 1877 cf.
1093 1846 1165 1878 Att.
1190 1847 1217 1878 1.
1242 1847 1291 1886 16,
1316 1848 1356 1878 10
1377 1847 1464 1889 quid,
1484 1847 1598 1890 inquit,
1613 1847 1730 1879 homini
1742 1847 1893 1890 Arpinati

1028 1912 1094 1933 cum
1118 1902 1208 1944 aquis
1231 1903 1375 1935 calidis?
1405 1914 1437 1945 p.
1459 1903 1575 1943 Quint.
1606 1904 1655 1935 55.
1693 1903 1778 1945 Quid
1802 1903 1888 1939 milei,

1024 1956 1139 1999 inquit,
1163 1966 1231 1987 oum
1254 1956 1318 1988 ista
1335 1968 1452 1988 summa
1469 1956 1667 1999 diliqentia?
1688 1958 1732 1989 Et
1745 1957 1791 1989 sic
1806 1967 1887 1989 sem-

1025 2020 1084 2052 per
1104 2011 1303 2052 praepositio
1325 2011 1466 2049 additur,
1490 2011 1590 2043 etiam
1611 2021 1715 2052 quum
1733 2011 1774 2043 de
1790 2011 1888 2043 rebus

1025 2075 1134 2097 sermo
1156 2070 1215 2098 est.
1237 2066 1339 2098 Recte
1361 2066 1466 2107 igitur
1488 2075 1555 2096 cum
1577 2066 1612 2097 in
1625 2066 1776 2098 Mediceo
1791 2071 1889 2098 antea

1026 2123 1186 2154 omissum
1208 2129 1372 2154 corrector
1395 2123 1465 2155 eius
1488 2123 1565 2154 libri
1588 2123 1725 2154 addidit.
1748 2123 1798 2154 De
1814 2123 1888 2155 aliis
1950 2116 1957 2121 ⁸

1025 2178 1121 2209 codd.
1145 2188 1213 2209 non
1237 2178 1314 2209 satis
1337 2182 1476 2209 constat.
1498 2176 1566 2209 Sed
1587 2187 1605 2209 e
1628 2177 1714 2209 libro
1736 2177 1888 2218 Hispano

1026 2241 1092 2263 cum
1128 2232 1249 2263 diserte
1282 2231 1426 2263 affertur.
1472 2231 1609 2264 Poterat
1638 2231 1738 2264 etiam
1771 2232 1886 2264 scribi:

1029 2284 1114 2325 Quid
1135 2284 1212 2315 milti
1225 2284 1368 2326 sorum?

1073 2338 1112 2369 Ut
1134 2338 1250 2370 Romae
1271 2338 1338 2377 sim,
1362 2350 1460 2381 neque
1482 2339 1567 2378 milti,
1593 2341 1628 2371 nt
1652 2339 1760 2378 absim,
1783 2349 1888 2371 conce-

1026 2392 1112 2424 dere.
1138 2393 1232 2425 Haec
1254 2403 1338 2434 quae
1360 2403 1380 2424 a
1401 2393 1491 2425 Med.
1514 2394 1655 2436 aliisque
1678 2395 1799 2426 absunt
1819 2405 1888 2436 par-

1027 2447 1088 2478 tim
1121 2454 1209 2479 certe
1239 2453 1317 2480 sunt
1347 2449 1542 2480 necessaria.
1586 2449 1676 2480 Nam
1708 2449 1888 2481 dicendum

1027 2506 1104 2539 erat,
1129 2501 1210 2542 quid
1231 2501 1385 2533 homines
1407 2503 1622 2543 postularent.
1647 2502 1742 2542 Quae
1765 2503 1887 2534 addun-

1027 2559 1097 2586 tur:
1120 2556 1176 2585 aut
1198 2556 1354 2596 quatenus
1370 2564 1422 2586 eos
1437 2555 1514 2586 mihi
1531 2555 1701 2587 concedere
1716 2556 1888 2588 continent

1026 2607 1173 2649 aliquam
1195 2608 1437 2640 restrictionem
1461 2618 1585 2647 eorum,
1621 2619 1704 2651 quae
1735 2609 1887 2650 proxime

1025 2661 1238 2702 praecedunt,
1261 2661 1318 2692 sed
1340 2672 1409 2693 non
1435 2662 1518 2694 bene
1537 2662 1755 2694 enuntiatam.
1778 2662 1886 2694 Mure-

1026 2722 1079 2747 tus
1101 2722 1134 2747 et
1155 2714 1316 2747 Graevius
1339 2725 1377 2747 ea
1409 2716 1551 2748 delenda
1586 2718 1776 2749 censebant.
1811 2717 1885 2757 Ego

1001 2769 1114 2815 ¹hunc
1136 2770 1247 2801 locum
1269 2770 1506 2811 interpolatum
1529 2775 1561 2802 et
1583 2776 1777 2813 corruptum
1806 2777 1885 2812 puto

1001 2819 1005 2849 ἰ
1025 2828 1058 2854 et
1080 2822 1127 2854 sic
1138 2822 1286 2854 fortasse
1307 2823 1565 2855 restituendum:
1592 2823 1684 2865 Quod
1705 2843 1744 2848 —
1762 2823 1884 2860 scribis,

165 2873 266 2906 Oredo
286 2891 327 2896 —
350 2873 538 2904 aestimatio.
583 2872 809 2914 Cogitandum
846 2873 979 2904 videtur
1001 2871 1005 2908 Ι
1024 2878 1060 2907 ut
1088 2876 1204 2907 Romae
1236 2875 1304 2914 sim,
1342 2886 1439 2918 neque
1471 2877 1603 2918 quietem
1630 2877 1791 2909 consulari
1808 2877 1884 2907 mihi

118 2927 159 2958 de
180 2925 411 2958 aestimatione
433 2925 678 2967 possessionum
702 2934 745 2957 ex
767 2925 876 2957 edicto
898 2925 978 2956 Iulii
1000 2913 1004 2950 Ι
1024 2928 1201 2966 concedere,
1241 2928 1304 2960 iam
1335 2928 1461 2970 pndem
1497 2930 1578 2961 scito
1611 2936 1673 2962 cet.
1718 2930 1883 2962 Corradus

119 2981 268 3014 Caesaris
289 2981 439 3014 facienda
461 2991 518 3022 per
539 2981 688 3018 arbitros,
711 2982 752 3012 de
775 2990 840 3022 qua
861 2991 977 3012 consu-

117 3035 211 3067 lendi
240 3035 361 3067 Caesar
391 3036 430 3066 B.
461 3037 498 3066 C.
523 3035 588 3066 111.
613 3035 629 3065 1
661 3040 695 3066 et
724 3034 904 3067 Suetonius
940 3035 976 3066 in

120 3086 213 3119 Caes.
235 3088 286 3120 42.
308 3088 359 3119 Ea
381 3087 568 3119 aestimatio
580 3087 766 3128 acmffienda
789 3094 860 3119 erat
882 3098 901 3118 a
923 3088 976 3119 de-

120 3140 224 3172 bitore
244 3145 415 3183 praesente
438 3147 471 3175 et
499 3140 608 3172 danda
638 3141 691 3174 vel
722 3141 881 3176 solvenda
912 3151 978 3174 cre-

119 3193 227 3226 ditori.

1024 2981 1092 3012 iam
1113 2982 1296 3023 suspicatus
1319 2986 1368 3014 est
1389 2992 1460 3014 voc.
1484 2982 1647 3014 consulari
1659 2992 1718 3024 per
1733 2991 1884 3023 compen-

1023 3035 1116 3067 dium
1139 3045 1200 3066 cos.
1224 3036 1385 3078 scriptum
1406 3036 1509 3068 latere
1532 3037 1567 3068 in
1590 3047 1652 3068 eos.

1071 3088 1280 3131 Quaecunque
1318 3091 1393 3121 sunt
1425 3090 1459 3120 in
1499 3100 1565 3121 eam
1605 3089 1791 3121 sententiam
1828 3099 1883 3130 up.

1023 3143 1154 3184 scripta.
1186 3143 1359 3184 Exemplis
1382 3144 1468 3175 hanc
1492 3143 1669 3176 formulam
1707 3142 1883 3175 illustravit

1023 3195 1178 3229 Handius
1201 3196 1298 3228 Turs.
1320 3196 1387 3228 111.
1409 3207 1440 3238 p.
1464 3197 1535 3228 325.
