2062 3565
0 2993 11 3009 ‘'1'
0 2927 14 2981 ·xnv
0 2759 18 2915 ‘fflgssfl—,W'r
0 2679 12 2748 (⁵‘⁷‘*
0 2636 5 2650 ”
0 2583 6 2599 ”“
0 2540 2 2546 ”
0 2512 1 2515 ⁴

692 177 797 233 ΜΒ.
835 179 909 220 xl.
946 177 1027 219 ΕΡ.
1066 178 1136 217 21.
1174 179 1244 216 22.
1764 172 1835 210 1τή

79 310 240 365 possim.
296 311 461 354 Sullana
512 315 680 363 confers,
726 316 768 356 in
818 313 966 369 quibus
1011 313 1145 354 onmia
1193 326 1336 366 genere
1387 311 1473 366 ipso
1533 306 1844 364 praeclarissima

79 381 254 434 fuerunt,
289 384 561 429 moderatione
596 388 730 444 paullo
763 388 897 429 minus
925 392 1159 442 temperata.
1195 386 1306 426 Haec
1340 388 1474 425 autem
1509 380 1705 424 eiusmodi
1739 383 1847 427 sunt,

78 459 127 496 ut
168 454 380 500 obliviscar
426 462 502 502 mei
551 463 760 518 multoque
801 460 953 511 malim,
1001 459 1108 515 quod
1155 457 1342 500 omuibus
1391 458 1444 498 sit
1489 455 1645 505 melius,
1680 467 1847 509 quorum

80 527 248 570 utilitati
293 546 422 573 meam
465 533 595 576 iunxi.
645 535 707 576 Tu
753 534 802 575 ad
849 549 911 574 me
946 538 1082 574 tamen
1117 532 1234 573 velim
1268 545 1386 586 quam
1422 528 1651 584 saepissime
1685 524 1849 574 scribas,

79 617 205 659 eoque
253 605 395 660 magiS‚
445 608 553 662 quod
597 613 800 664 praeterea
845 622 963 649 nemo
1014 605 1155 648 scribit
1164 624 1175 657 5
1225 620 1270 646 ac
1315 605 1348 645 si
1395 617 1545 652 omneS‚
1591 606 1682 642 tuas
1717 604 1850 641 tamen
1891 605 1904 629 ὃ

79 676 251 718 maxime
284 684 569 734 exspectarem.
604 681 725 734 Quod
759 679 902 722 scribis
935 679 1051 721 illum
1085 694 1154 734 per
1188 694 1249 719 me
1283 677 1439 729 Quinto
1473 675 1555 716 fore
1579 673 1850 729 placatiorem,

80 749 221 807 scripsi
254 751 304 792 ad
337 756 377 794 te
411 759 528 796 antea
561 771 653 797 eum
687 755 823 796 statim
855 754 1010 805 Quinto
1044 753 1125 793 filio
1160 751 1296 793 omnia
1319 749 1525 798 tribuisse,
1550 747 1677 789 nostri
1702 745 1852 786 nullam

82 824 343 867 mentionem.
377 826 492 869 Vale.

87 987 127 1019 cf.
153 989 202 1026 24,
226 991 255 1021 5.
277 990 450 1024 Praeclare
474 994 624 1025 Kochius
647 995 778 1026 monuit
799 994 830 1024 h.
855 994 878 1025 1.
896 1003 950 1035 po·
972 1011 975 1020 »
998 993 1161 1024 rationem
1183 990 1324 1022 habeam
1346 989 1518 1030 nolimque
1530 999 1588 1030 per
1604 988 1779 1020 Caesarem
1797 987 1857 1018 sal-

87 1040 152 1072 tius
174 1042 385 1076 scribendum
407 1054 494 1077 esse:
535 1045 573 1076 Ut
595 1058 641 1078 me
664 1057 790 1090 meaque
811 1046 856 1078 ad
877 1048 948 1077 tem-
972 1064 975 1082 f
996 1056 1076 1077 vum
1098 1055 1178 1078 esse.

81 1103 145 1134 pus
168 1096 402 1128 accommodem.
972 1087 975 1107 ¹
1040 1099 1175 1140 Quorum
1198 1097 1337 1128 utilitati
1365 1107 1463 1127 meam
1494 1096 1594 1126 inme-i.
1632 1095 1778 1135 Elegans
1809 1099 1857 1126 est

130 1150 495 1191 Generez‘pso.uQ11ia
515 1162 576 1193 pro
598 1153 771 1185 nobilitate
803 1158 836 1185 et
868 1153 950 1194 opti·
972 1140 1086 1204 {quod
1129 1151 1290 1184 Gmevius
1329 1151 1493 1192 proponit,
1523 1160 1649 1191 quorum
1685 1148 1856 1178 uilitatem

87 1204 229 1236 matibus
253 1205 379 1237 bellum
402 1207 567 1246 gestumf'
589 1206 669 1237 E1·.n
972 1208 974 1237 ’.
996 1215 1093 1236 meam
1115 1204 1203 1241 duxi,
1227 1208 1284 1236 sed
1311 1213 1378 1235 non
1408 1203 1638 1234 necessarium.

132 1256 170 1287 Ut
193 1256 361 1290 obliviscar
382 1258 442 1290 mei
464 1269 496 1290 o:
521 1265 558 1290 ut
579 1260 710 1291 nullam
722 1269 816 1292 meae
832 1259 948 1291 salutis
971 1244 975 1285 l
1549 1242 1590 1296 .

665 1367 808 1409 XXII.
874 1367 940 1420 (A.
982 1367 1028 1407 U.
1067 1367 1109 1407 C.
1148 1365 1267 1416 707.)

152 1482 191 1522 l.
236 1481 462 1537 Diligenter
504 1482 603 1524 mihi
650 1482 887 1524 fasciculum
920 1481 1099 1523 reddidit
1132 1479 1251 1521 Balbi
1283 1478 1532 1520 tabellarius.
1566 1478 1715 1532 Accepi
1749 1478 1858 1518 enim

88 1569 109 1594 a
157 1559 197 1597 te
244 1555 392 1606 literas,
437 1555 586 1611 quibus
630 1555 777 1598 videris
826 1556 966 1606 vereri,
1017 1558 1064 1596 ut
1107 1553 1296 1609 epistolas
1341 1552 1431 1593 illas
1475 1550 1709 1606 acceperim,
1759 1564 1858 1605 quas

87 1627 250 1682 quidem
286 1628 433 1670 'vellem
479 1629 579 1671 mihi
621 1645 830 1685 nunquam
872 1628 1066 1670 redditas.
1120 1629 1334 1668 Auxerunt
1378 1625 1486 1667 enim
1531 1623 1631 1666 mihi
1665 1623 1856 1674 dolorem,

86 1715 174 1751 nec,
224 1701 257 1742 si
300 1702 344 1743 in
387 1702 562 1758 aliquem
610 1702 863 1752 incidissent,
910 1701 1132 1757 quidquam
1177 1699 1271 1741 novi
1304 1698 1549 1741 attulissent.
1605 1697 1716 1749 Quid
1749 1696 1857 1738 enim
1897 1705 1911 1729 ⁵

86 1778 170 1814 tam
217 1775 511 1830 pervulgatum,
562 1791 682 1831 quam
725 1775 835 1816 illius
884 1776 928 1816 in
969 1790 1031 1816 me
1081 1774 1219 1816 odium
1263 1778 1304 1814 et
1352 1787 1480 1828 genus
1512 1771 1588 1812 hoc
1621 1770 1856 1811 literarum?

87 1846 195 1902 quod
239 1862 290 1888 ne
334 1848 480 1890 Caesar
521 1849 684 1904 quidem
726 1848 777 1889 ad
817 1848 916 1890 istos
948 1847 1108 1889 videtur
1141 1847 1310 1898 misisse,
1345 1861 1424 1902 quo
1456 1844 1565 1886 illius
1598 1843 1856 1899 improbitate

89 1920 370 1972 offenderetur,
417 1921 501 1973 sed,
543 1921 676 1972 credo,
726 1921 787 1962 uti
826 1921 984 1962 notiora
1019 1924 1157 1961 nostra
1199 1919 1303 1961 mala
1336 1923 1482 1961 essent.
1536 1918 1644 1959 Nam
1677 1915 1785 1972 quod
1816 1921 1857 1957 te

91 1995 213 2036 vereri
246 1993 403 2046 scribis,
438 2010 488 2036 ne
520 1994 581 2036 illi
615 1993 765 2046 obsint,
811 1995 927 2051 eique
960 1995 1018 2036 rei
1051 1994 1216 2044 mederi,
1249 2009 1300 2036 ne
1333 1994 1466 2049 rogari
1498 1988 1659 2048 quidem
1694 2005 1735 2032 se
1769 2004 1857 2046 pas-

87 2082 154 2109 sus
196 2072 258 2109 est
297 2067 346 2110 de
385 2068 478 2120 ill03
528 2068 636 2124 quod
678 2068 843 2124 quidem
884 2068 984 2110 mihi
1029 2068 1239 2109 molestum
1275 2083 1357 2109 non
1391 2072 1465 2118 est,
1499 2065 1601 2108 illud
1634 2062 1856 2114 molestius,
1876 2073 1910 2100 10

86 2140 183 2182 istas
214 2141 514 2197 impetrationes
548 2145 705 2183 nostras
738 2141 841 2182 nihil
876 2140 1019 2182 valere.
1057 2143 1097 2181 2.
1132 2140 1255 2191 Sulla,
1286 2146 1337 2191 ‚ut
1369 2141 1525 2196 opinor,
1560 2153 1647 2180 cras
1681 2137 1756 2179 erit
1790 2136 1854 2177 hic

87 2227 180 2254 cum
212 2213 398 2255 Messala.
433 2214 613 2256 Currunt
646 2214 696 2256 ad
729 2214 846 2256 illum
878 2214 985 2270 pulsi
1017 2229 1040 2255 a
1073 2213 1285 2265 militibus,
1321 2215 1391 2270 qui
1423 2229 1464 2255 se
1497 2217 1648 2268 negant
1673 2225 1853 2266 usquam,

88 2287 166 2328 nisi
199 2288 439 2344 acceperint.
489 2288 597 2342 Ergo
629 2287 697 2330 ille
732 2288 812 2330 huc
845 2287 993 2338 veniet,
1028 2287 1135 2343 quod
1169 2302 1250 2329 non
1283 2286 1495 2342 putabant,
1528 2285 1641 2329 tarde
1675 2283 1853 2339 quidem.

129 2451 149 2484 7
171 2451 300 2490 misisse,
323 2452 449 2494 [qnasi]
471 2462 530 2493 quo
551 2470 591 2477 —
618 2453 652 2483 ll
680 2452 730 2484 hic
753 2452 815 2484 erit
839 2453 1005 2493 (ordinem
1027 2453 1153 2485 mutavi
1175 2463 1251 2484 cum
1273 2452 1370 2484 scidis
1393 2450 1558 2493 Wirzeb.)
1581 2469 1621 2478 ·-

129 2603 149 2643 §
171 2601 199 2634 1.
221 2601 256 2633 Si
276 2603 311 2634 in
333 2604 467 2646 aliquem
490 2603 679 2636 incidissent
701 2616 735 2637 o:
769 2606 796 2637 si
819 2617 887 2638 non
912 2607 947 2638 in
995 2607 1117 2639 ticulae
1140 2617 1208 2649 quo,
1233 2616 1318 2648 quae
1340 2610 1414 2648 post
1435 2604 1649 2645 negationem
1673 2602 1726 2640 (ne
1740 2598 1856 2641 —qui·

89 2663 186 2693 meas,
211 2656 268 2687 sed
288 2656 324 2687 in
347 2656 472 2688 alienas
487 2667 605 2689 manus
620 2659 861 2699 pervenissent.
883 2659 948 2690 Ne·
995 2660 1078 2702 dem)
1102 2661 1187 2692 nihil
1210 2661 1300 2692 aliud
1323 2665 1371 2692 est
1393 2659 1459 2691 nisi
1479 2657 1581 2700 quasi.
1603 2656 1644 2688 cf.
1662 2653 1856 2686 Wesenber-

89 2718 153 2751 que
174 2714 284 2742 tamen
307 2711 423 2753 aliquis
444 2713 531 2753 apud
554 2711 750 2745 Ciceronem
774 2719 829 2745 aut
843 2714 948 2745 bonos
995 2714 1069 2755 gius
1090 2714 1231 2746 Emend.
1253 2724 1283 2756 p
1309 2713 1378 2744 113.

88 2769 237 2796 auctores
258 2765 392 2811 ponitur
412 2776 471 2807 pro
493 2765 560 2797 alio
580 2777 649 2808 quo,
680 2768 768 2808 quod
799 2767 881 2799 olim
904 2773 948 2799 te-
1038 2765 1086 2797 Ve
1107 2766 1216 2808 royari
1238 2766 1360 2808 quidem
1382 2774 1416 2795 se
1435 2773 1547 2806 passus
1576 2764 1623 2793 esc
1656 2761 1695 2791 cle
1728 2760 1783 2790 illo
1817 2769 1850 2789 .·›·

88 2825 179 2849 mere
199 2817 367 2849 decretum
389 2824 421 2850 et
443 2828 461 2849 a
474 2818 682 2860 Zumptioad
695 2819 827 2851 Verrin.
839 2829 871 2860 p.
887 2795 973 2850 886ἰ
996 2820 1117 2852 Caesar
1138 2821 1225 2852 ultro
1247 2820 1375 2860 Quinto
1398 2819 1478 2856 filio,
1507 2817 1606 2859 patris
1636 2816 1769 2856 culpam
1798 2813 1855 2843 de

87 2871 272 2913 repetitum,
295 2877 383 2904 recte
407 2872 582 2914 explosum
605 2877 653 2904 est
675 2883 694 2904 a
715 2873 888 2912 Madvigio
908 2873 972 2905 ad
970 2876 1121 2917 precari
1142 2876 1300 2917 cupienti,
1323 2875 1436 2906 omnia
1458 2872 1582 2905 tribuit.

87 2923 164 2956 Fin.
186 2924 254 2956 ΠΙ.
277 2925 326 2956 63.
350 2924 391 2956 cf.
414 2925 531 2956 Haasii
553 2925 623 2956 obs.
638 2925 831 2965 adReisigii
849 2924 953 2957 Scho·
970 2910 972 2962 l
1037 2928 1123 2959 Istas
1143 2928 1379 2969 impetrationes
1411 2929 1537 2957 nostras
1569 2924 1652 2955 nihil
1686 2922 1790 2953 valere
1820 2934 1851 2951 ,1-

88 2977 138 3009 las
161 2978 232 3015 351,
255 2979 382 3010 Bakius
405 2979 445 3009 ad
467 2978 550 3019 Leg.
573 2989 605 3019 p.
616 2979 690 3010 424.
715 2977 865 3020 Seyffert,
877 2978 950 3010 Pal.
969 2966 972 3036 j
997 2983 1040 3020 id,
1063 2983 1151 3024 quod
1162 2983 1386 3024 impetramus,
1406 2980 1490 3012 n1h1l
1502 2989 1583 3016 esse
1597 2978 1765 3010 neminem
1779 2985 1854 3006 con-

89 3029 194 3063 Cicer.
215 3041 246 3073 p.
267 3031 328 3062 166
350 3037 384 3064 et
412 3032 454 3063 ad
481 3031 636 3064 Laelium
663 3043 694 3075 p.
724 3033 787 3065 232
816 3037 848 3065 et
877 3032 1095 3070 408‚1fidere
1129 3046 1223 3077 posse
1256 3035 1373 3067 veniae
1406 3044 1425 3065 a
1458 3032 1597 3065 Caesare
1623 3032 1725 3062 datae.
1764 3028 1854 3070 impe-

89 3083 148 3123 qui
168 3083 288 3116 docent.
310 3083 444 3125 aliquem
466 3084 564 3125 plane
585 3084 707 3117 referre
728 3084 785 3117 Gr.
805 3095 900 3117 τινα.
998 3089 1097 3120 trotio
1116 3090 1281 3121 rarissime
1299 3089 1334 3120 in
1358 3092 1507 3120 veterum
1530 3084 1658 3126 scriptis
1688 3082 1820 3123 legitur.

135 3140 202 3182 Quo
222 3159 264 3165 -
285 3140 511 3184 offenderetur.
548 3140 649 3180 Quod
677 3141 730 3172 his
757 3141 952 3183 proponitur
1040 3143 1058 3183 ς
1081 3143 1111 3174 2.
1133 3142 1208 3173 Nisi
1242 3141 1422 3182 acceperint
1450 3139 1636 3182 pecuniam,
1659 3135 1853 3168 mercedem.

90 3195 182 3236 quasi
203 3202 289 3228 recte
311 3196 395 3227 vidit
417 3196 577 3228 Ernestus
608 3206 679 3228 esse
704 3197 870 3237 glossema
880 3206 950 3237 par·
970 3192 973 3213 ¹
998 3195 1093 3226 Idem
1119 3195 1256 3225 verbum
1280 3193 1429 3224 absolute
1452 3192 1593 3231 legimus
1617 3189 1660 3219 V.
1682 3188 1732 3224 21,
1755 3189 1784 3218 5.
