2062 3565
186 195 241 231 54-
586 188 669 229 ΕΡ.
705 187 779 227 ΑΒ
813 186 858 225 Τ.
895 181 1244 224 POMPONIL'M
1278 180 1541 222 ATTICIM.

1038 339 1086 376 A.

617 419 813 457 CAESAR
843 418 949 454 IMP.
981 418 1017 454 S.
1048 416 1094 453 D.
1125 413 1372 452 CICERONI
1404 413 1508 450 lMP.

249 502 384 551 Quum
436 498 630 539 Furnium
677 502 858 536 nostrum
906 499 1066 535 tantum
1099 492 1302 543 vidissem,
1338 506 1467 546 neque
1501 491 1613 545 loqui
1646 505 1774 546 neque
1809 490 1946 532 audire

186 588 272 614 meo
321 570 528 612 commodo
573 570 807 625 potuissem,
852 582 1104 624 properarem
1146 572 1265 621 atque
1307 580 1432 607 essem
1482 565 1525 606 in
1567 565 1711 605 itinere
1761 564 1948 619 praemis-

184 646 238 686 sis
280 646 358 685 iam
404 643 645 699 legionibus,
696 642 908 697 praeterire
952 646 1087 682 tamen
1129 655 1211 681 non
1254 640 1381 695 potui,
1427 639 1525 694 quin
1568 644 1608 680 et
1651 637 1864 680 scriberem
1898 637 1948 679 ad

148 730 162 755 5
183 724 222 760 te.
263 723 303 758 et
348 717 462 757 illum
506 717 706 757 mitterem
751 716 977 770 gratiasque
1022 728 1179 768 agerem
1192 733 1203 765 3
1246 713 1321 755 etsi
1354 714 1429 754 hoc
1463 718 1502 753 et
1534 712 1611 753 feci
1645 726 1760 766 saepe
1793 716 1834 752 et
1866 726 1949 753 sae-

183 791 272 847 pius
308 790 403 830 mihi
438 788 617 830 facturus
652 788 808 829 videor:
844 788 901 828 ita
925 787 972 827 de
996 802 1058 828 me
1083 787 1257 828 mereris.
1291 785 1496 841 Imprimis
1519 800 1542 826 a
1563 789 1602 826 te
1626 789 1732 840 pet-o,
1758 783 1948 838 quoniam

183 862 338 905 confido
371 877 432 902 me
479 861 658 902 celeriter
691 861 741 902 ad
789 860 926 901 urbem
964 864 1190 909 venturum,
1226 865 1271 900 ut
1304 865 1343 900 te
1376 857 1434 899 ibi
1468 857 1639 908 videam,
1675 863 1721 899 ut
1752 862 1823 898 tuo
1856 872 1948 899 0011-

184 936 285 986 31110,
331 934 473 990 gratia,
518 933 730 988 (lignitate,
776 948 847 987 ope
894 933 1074 973 oninium
1118 947 1249 973 rerum
1295 931 1354 972 uti
1387 931 1550 986 possim.
1603 929 1665 970 Ad
1699 930 1949 985 propositum

185 1013 369 1049 revertar.
419 1006 684 1047 Festinationi
736 1021 843 1046 meae
892 1004 1158 1058 brevitatique
1200 1004 1406 1045 literarum
1452 1003 1648 1057 ignosces.
1700 1003 1870 1058 Reliqua
1902 1019 1950 1045 ex

131 1091 164 1116 10
187 1081 336 1122 Furnio
371 1094 600 1135 cognosces.

226 1271 431 1312 Properarem
454 1271 575 1312 pendet
597 1281 613 1301 a
637 1282 724 1311 quum
749 1272 834 1310 quod
869 1270 964 1300 initio
994 1279 1045 1309 110-
1068 1265 1165 1307 1111113
1188 1267 1245 1297 otii
1269 1272 1383 1297 nactus
1413 1275 1478 1301 ero,
1510 1265 1561 1296 his
1589 1265 1630 1296 de
1659 1265 1757 1296 rebus
1787 1265 1880 1304 plura
1909 1265 1950 1295 ad

184 1325 284 1355 situm
307 1323 362 1354 hic
383 1324 492 1354 omitti
516 1329 651 1364 poterat.
675 1324 790 1364 Neque
813 1332 893 1363 opus
917 1329 963 1353 est
978 1332 1046 1362 par·
1069 1306 1071 1355 l
1091 1324 1123 1349 te
1145 1319 1296 1356 scribam,
1332 1318 1384 1349 vel
1408 1323 1442 1349 ut
1463 1317 1677 1349 Hofmannus
1701 1317 1948 1358 interpretatur:

185 1377 284 1408 ticula
306 1379 337 1407 e!
360 1383 435 1408 ante
456 1376 518 1407 1100
542 1376 688 1413 verbum,
721 1382 755 1406 ut
786 1375 932 1406 Kochius
963 1375 1046 1406 exis·
1069 1362 1071 1413 1
1092 1372 1132 1401 ad
1155 1371 1197 1407 id,
1221 1371 1310 1411 quod
1334 1371 1367 1401 in
1392 1370 1544 1401 manibus
1567 1370 1682 1406 habco,
1706 1369 1819 1401 redibo
1832 1375 1864 1401 et
1874 1369 1951 1401 huic

187 1430 290 1460 kimat.
1069 1421 1072 1441 '
1092 1425 1248 1465 epistolae
1270 1425 1370 1456 finem
1395 1424 1522 1455 faciam.

227 1481 476 1522 Adpropositum
490 1483 632 1513 revertar
645 1491 678 1511 o:
698 1481 762 1511 alio
775 1488 928 1521 tempore,
943 1490 1045 1520 quum
1069 1469 1073 1507 !

798 1587 894 1626 Vll.
963 1588 1027 1638 (A.
1070 1586 1113 1626 [J.
1153 1585 1193 1624 C.
1234 1585 1350 1638 1115.)

254 1705 292 1743 1.
340 1703 583 1757 Scripseram
628 1702 675 1742 ad
724 1711 760 1741 te
803 1700 1026 1756 epistolam,
1071 1714 1189 1753 qua-m
1234 1698 1368 1740 darem
1411 1712 1471 1739 1v.
1518 1698 1579 1740 Id.
1616 1698 1692 1739 Sed
1726 1714 1772 1740 eo
1806 1699 1870 1740 die
1902 1700 1951 1749 is,

188 1777 254 1817 cui
286 1776 380 1817 dare
413 1776 629 1826 volueram,
665 1791 746 1816 non
781 1782 842 1815 est
874 1774 1090 1829 profectus.
1126 1773 1248 1813 Venit
1282 1778 1415 1813 autem
1449 1787 1495 1813 eo
1528 1773 1615 1827 ipso
1653 1771 1718 1813 die
1750 1771 1818 1812 flle
1852 1771 1952 1812 0010-

187 1849 307 1904 111103,
358 1863 476 1904 quem
522 1848 678 1890 Salvius
728 1847 884 1888 dixerat
899 1866 908 1897 ;
960 1846 1097 1905 attulit
1139 1845 1362 1887 uberrimas
1410 1850 1501 1886 tuas
1533 1845 1683 1896 literas,
1718 1859 1819 1899 quae
1853 1844 1953 1888 mihi

151 1940 165 1966 5
183 1923 375 1978 quiddam
410 1924 529 1978 quasi
580 1951 599 1973 n
615 1921 815 1964 animulae
860 1919 1155 1962 1·estillarunt.’'
1209 1919 1447 1960 Recreatum
1492 1918 1598 1959 enim
1642 1933 1703 1959 me
1735 1932 1818 1959 non
1852 1932 1953 1973 queo

183 1995 328 2038 dicere.
378 1995 456 2038 Sed
497 1996 614 2052 pla-ne
660 1992 716 2038 τὸ
761 1993 983 2050 συνέχον
1026 1992 1206 2034 effecisti.
1253 1992 1340 2047 Ego
1384 1991 1492 2032 enim
1535 2005 1616 2045 11011
1656 1991 1736 2032 iam
1780 1990 1822 2032 id
1863 2005 1952 2046 ago,

181 2068 282 2110 mihi
326 2068 455 2119 crede,
496 2073 542 2109 ut
584 2083 791 2124 prosperos
833 2067 964 2107 exitus
999 2080 1233 2120 consequar.
1279 2064 1345 2106 Sic
1378 2065 1486 2105 enim
1518 2064 1649 2115 video,
1683 2079 1758 2105 nec
1792 2063 1953 2106 duobus

184 2141 247 2183 his
292 2141 394 2182 vivis
436 2156 510 2183 nec
554 2140 630 2182 hoc
664 2156 747 2182 uno
781 2155 854 2182 nos
887 2153 1065 2194 unquam
1099 2153 1183 2179 rem
1216 2136 1418 2192 publicam
1452 2136 1676 2178 habituros.
1727 2137 1792 2178 Ita
1824 2152 1954 2192 neque

185 2213 235 2256 de
278 2213 360 2255 otio
404 2218 541 2255 nostro
587 2228 701 2270 spero
741 2213 820 2254 iam
865 2226 939 2253 1100
984 2211 1108 2252 ullam
1153 2208 1411 2251 acerbitatem
1454 2224 1608 2250 recuso.
1669 2209 1807 2251 Unum
1850 2210 1954 2252 illud

135 2302 172 2327 10
186 2285 511 2336 extimescebam,
545 2301 596 2327 110
630 2286 727 2341 quid
759 2286 932 2340 turpiter
966 2285 1151 2333 facerem,
1184 2283 1248 2325 vel
1281 2283 1426 2334 dicam,
1459 2283 1541 2324 iam
1564 2283 1796 2325 effecissem.
1822 2287 1863 2326 2.
1887 2285 1953 2327 Sic

186 2375 280 2415 ergo
312 2358 474 2410 habeto,
508 2358 699 2400 salutares
732 2364 771 2399 te
805 2358 904 2400 mihi
938 2358 1072 2399 literas
1105 2357 1276 2408 misisse,
1317 2371 1447 2411 neque
1481 2356 1610 2398 solum
1643 2356 1716 2398 has
1736 2356 1957 2412 longiores,

187 2433 334 2489 quibus
366 2431 470 2474 nihil
502 2436 634 2487 potest
665 2446 749 2472 esse
783 2430 1034 2486 explicatum,
1069 2429 1172 2471 nihil
1205 2429 1433 2485 perfectius,
1478 2429 1547 2471 sed
1581 2429 1703 2471 etiam
1743 2429 1832 2471 illas
1866 2429 1954 2471 bre-

186 2506 328 2556 viores,
378 2505 422 2545 in
466 2502 613 2559 quibus
659 2500 734 2544 hoc
784 2502 884 2543 inihi
931 2501 1270 2543 iucundissimum
1318 2501 1409 2552 fuit,
1462 2502 1675 2543 consilium
1724 2503 1953 2559 factumque

186 2583 369 2619 nostrum
402 2592 425 2619 a
457 2577 577 2618 Sexto
621 2576 795 2631 probari,
844 2581 1149 2630 pergratumque
1183 2574 1284 2616 mihi
1315 2579 1358 2615 tu
1394 2575 1537 2625 fecisti,
1572 2590 1594 2616 a
1628 2590 1707 2630 quo
1741 2575 1857 2631 diligi
1889 2592 1952 2618 me

135 2671 169 2697 15
188 2656 228 2692 et
273 2650 370 2705 quid
410 2653 564 2690 rectum
607 2649 659 2688 sit
699 2648 873 2703 intelligi
915 2648 1010 2689 scio.
1060 2647 1238 2703 Longior
1291 2663 1383 2689 vero
1426 2652 1498 2688 tua
1549 2647 1718 2703 epistola
1765 2664 1848 2690 non
1891 2665 1953 2691 me

187 2723 331 2774 solum,
366 2722 436 2764 sed
477 2736 585 2762 meos
626 2736 763 2762 01111103
793 2720 1060 2776 ,00811111ᾶ1110
1103 2721 1264 2762 levavit.
1315 2721 1457 2775 Itaque
1488 2726 1578 2761 utar
1609 2725 1681 2762 tuo
1713 2722 1880 2763 consilio
1913 2727 1954 2763 et

227 2908 246 2948 ξ
271 2909 298 2939 1.
320 2907 384 2938 Ille
405 2906 564 2947 celeripes,
586 2900 756 2942 ποδώκης·
786 2906 901 2937 100030
924 2906 968 2937 ita
995 2916 1045 2946 ap·
1094 2907 1239 2944 effecisti,
1264 2917 1366 2948 quum
1388 2917 1441 2938 me
1463 2917 1529 2938 nou
1542 2917 1652 2948 posses
1664 2908 1844 2938 reereare.''
1862 2907 1953 2938 Man.

186 2965 287 3006 pellat
308 2963 528 2999 tabellarium,
541 2968 579 2993 ut
589 2961 739 2993 Catullus
762 2969 875 2993 contra
895 2963 928 2993 111
947 2973 1046 2993 carm.
1141 2959 1197 2990 Vel
1224 2959 1324 2990 dicam
1355 2969 1387 2990 0:
1420 2960 1473 2991 vel
1503 2959 1610 3000 potius
1639 2959 1756 2990 dicam.
1789 2959 1953 3000 Exempla

186 3017 226 3049 36
249 3017 439 3048 Vulcanum
460 3021 556 3047 vocat
578 3014 769 3055 tardz'pedem
786 3015 895 3046 Deum.
921 3015 1046 3046 Salvius
1093 3013 1247 3044 Tulliana
1276 3013 1373 3044 huius
1404 3013 1564 3044 smmulae
1596 3013 1731 3053 collegit
1765 3013 1878 3046 Madv.
1912 3014 1952 3044 ad

186 3076 254 3103 erat
275 3070 382 3101 Attici
410 3070 557 3101 libertus.
579 3087 620 3091 —
652 3069 818 3099 Animulae
840 3069 1044 3100 restillarunt
1068 3056 1070 3109 Ξ
1092 3065 1167 3096 Fin·
1189 3075 1219 3106 p-
1243 3065 1294 3096 24·-

187 3134 204 3155 0
226 3128 321 3164 poeta
342 3123 480 3163 petitum
502 3122 639 3153 videtur.
1138 3121 1155 3159 ξ
1184 3119 1212 3149 2.
1243 3118 1272 3148 A
1296 3120 1394 3150 Sea-to
1418 3119 1598 3150 Peducaeo.
1629 3118 1669 3148 cf.
1694 3119 1724 3149 h.
1761 3118 1781 3148 1.
1816 3118 1864 3154 10,
1903 3118 1950 3148 10.

186 3176 188 3178 ’
227 3172 273 3207 Τὸ
302 3174 446 3220 συνέχον
468 3173 610 3215 effecisli,
644 3173 750 3213 »quod
773 3173 962 3214 proximum
977 3179 1045 3204 erat
1093 3173 1136 3204 X.
1162 3174 1188 3210 1,
1214 3173 1241 3203 1.
