2062 3565
31 2141 63 2168 15

105 156 188 197 182

500 157 583 199 ΕΡ.
617 158 694 199 AD
726 158 772 198 T.
807 156 1157 199 POMPONIUM
1190 157 1454 200 ATTICUM.

99 290 202 333 nihil
234 292 414 334 attinuit.
467 292 569 334 Tute
602 294 680 334 scis
714 317 771 322 —
805 293 839 334 si
871 292 990 334 modo
1022 293 1242 334 meministi
1276 318 1334 323 —
1367 308 1430 335 me
1462 294 1540 337 tibi
1571 300 1660 337 tum
1693 294 1856 347 dixisse,

99 369 146 406 ut
187 365 235 406 de
278 366 361 407 tuis
404 365 558 420 aliquos
601 365 818 407 adduceres
831 383 842 417 3
892 365 989 420 quid
1037 365 1144 406 enim
1188 381 1288 421 opus
1327 371 1413 409 erat
1455 367 1620 411 multis?
1653 369 1855 425 Equidem

97 437 335 480 domesticos
377 438 584 480 iusseram.
629 439 732 480 Tum
775 437 851 480 tibi
895 438 1048 494 placuit
1078 443 1125 480 ut
1157 439 1357 482 mitterem
1390 441 1441 482 ad
1475 441 1632 495 Silium,
1666 443 1761 485 inde
1795 448 1857 486 est

93 516 247 563 natum,
279 518 327 554 ut
358 512 408 553 ad
441 511 663 554 Publilium
676 530 688 564 3
722 511 791 553 sed
823 526 985 554 necesse
1017 517 1206 554 neutrum
1239 513 1330 556 fuit.
1366 514 1457 556 Hoc
1488 519 1535 558 tu
1567 516 1774 568 tractabiS,
1808 522 1856 560 ut

59 595 73 620 5
93 584 170 627 tibi
203 585 418 627 videbitur.

93 763 248 805 Suspicor
270 763 431 795 excidisse
453 763 588 804 aliquid,
612 763 748 795 fortasse
771 763 852 794 alios
874 769 950 796 ante
997 764 1203 805 signatorum
1225 765 1299 807 lege
1321 766 1476 798 definitus
1512 766 1596 807 (Cic.
1626 766 1724 799 Verr.
1756 767 1804 798 11.
1828 767 1856 805 1,

92 827 122 848 v.
146 816 296 848 advocavi
317 817 373 849 vel
395 821 468 858 post
491 817 584 855 illud,
601 817 662 849 etsi
676 827 743 848 non
759 817 879 857 ignoro
895 816 950 848 ad·
997 818 1053 859 45)
1076 818 1143 848 iam
1164 818 1206 849 ab
1226 818 1324 850 initio
1347 820 1550 860 septenarius
1580 820 1711 852 videtur
1742 819 1854 852 fuisse.

92 882 203 903 vocare
226 872 375 904 absolute
398 872 487 913 poni,
510 878 547 903 ut
568 882 599 913 p.
623 872 755 904 Cluent.
779 873 829 903 54.

136 924 220 966 Quid
241 924 321 956 enim
343 934 418 966 opas
441 927 510 956 erat
540 924 676 957 multis?
707 925 874 958 Numerus
897 926 951 958 ob-

688 1044 803 1086 XIX.

998 871 1038 902 cf.
1061 871 1263 905 Schraderus
1285 873 1325 905 ad
1346 874 1455 905 Instit.
1470 874 1552 907 Iust.
1568 875 1615 906 ΙΙ.
1630 874 1679 913 10,
1695 875 1723 913 2,
1738 884 1769 916 p.
1783 874 1856 906 288.

869 1045 936 1098 (A.
978 1045 1023 1086 U.
1061 1047 1103 1087 C.
1142 1046 1260 1100 709.)

155 1173 193 1213 1.
239 1172 313 1213 Est
356 1171 421 1212 hic
465 1171 626 1226 quidem
667 1173 777 1214 locus
821 1186 1011 1214 amoenus
1057 1177 1098 1214 et
1129 1172 1172 1213 in
1206 1174 1306 1215 mari
1339 1174 1440 1229 ips0,
1476 1175 1545 1228 qui
1579 1180 1620 1216 et
1652 1175 1778 1216 Antio
1813 1179 1853 1216 et

88 1245 252 1287 Circeiis
296 1244 449 1301 adspici
491 1246 630 1302 possit,
678 1246 746 1287 sed
791 1246 969 1288 ineunda

1013 1246 1129 1288 nobis
1172 1248 1273 1289 ratio
1314 1252 1388 1299 est,
1435 1247 1773 1302 quemadmodum
1807 1248 1852 1289 in

87 1318 195 1359 omni
240 1319 460 1361 mutatione
501 1319 768 1371 dominorum,
814 1335 915 1376 quae
948 1319 1262 1363 innumerabiles
1296 1322 1381 1363 fieri
1414 1326 1585 1377 possunt
1616 1321 1659 1362 in
1693 1320 1852 1362 infinita

51 1412 66 1438 5
85 1392 332 1449 posteritate,
367 1393 400 1435 si
433 1393 550 1435 modo
583 1394 682 1436 haec
715 1394 894 1446 stabunt,
927 1394 1030 1436 illud
1064 1395 1177 1450 quasi
1211 1399 1487 1437 consecratum
1521 1409 1724 1436 remanere
1758 1409 1849 1450 pos·

85 1466 151 1508 sit.
185 1466 385 1521 Equidem
417 1468 496 1509 iam
530 1467 632 1509 nihil
665 1484 761 1524 egeo
794 1467 1058 1524 vectigalibus
1091 1473 1131 1510 et
1164 1484 1284 1524 parvo
1319 1473 1534 1510 contentus
1565 1483 1649 1510 esse
1672 1483 1850 1524 possum.

85 1539 229 1595 Cogito
260 1541 463 1583 interdum
496 1546 606 1584 trans
639 1542 815 1584 Tiberim
847 1543 983 1584 hortos
1017 1543 1171 1598 aliquos
1205 1558 1359 1598 parare,
1394 1547 1434 1584 et
1468 1542 1633 1597 quidem
1667 1541 1718 1583 ob
1746 1541 1851 1584 hanc

85 1629 246 1656 causam
294 1615 485 1657 maxime:
536 1615 639 1657 nihil
681 1617 788 1657 enim
834 1616 964 1668 video,

1011 1616 1117 1671 quod
1162 1621 1245 1658 tam
1290 1615 1444 1657 celebre
1478 1631 1563 1657 esse
1596 1615 1748 1671 possit3
1783 1615 1852 1657 sed

86 1703 201 1743 quos,
244 1703 375 1730 coram
420 1688 659 1739 videbimus,
705 1690 762 1732 ita
794 1695 943 1742 tamen,
979 1696 1025 1732 ut
1058 1690 1133 1732 hac
1166 1695 1317 1732 aestate
1346 1689 1484 1732 fanum
1520 1689 1750 1731 absolutum
1784 1688 1850 1730 sit.

32 1776 66 1803 ιο
83 1762 146 1803 Tu
176 1767 312 1804 tamen
345 1777 436 1803 cum
468 1762 612 1818 Apella
645 1762 746 1804 Chio
780 1764 929 1805 confice
963 1763 1010 1805 de
1045 1763 1256 1804 columnis.
1294 1766 1334 1804 2.
1359 1763 1419 1804 De
1443 1763 1612 1805 Cocceio
1635 1766 1676 1803 et
1692 1760 1851 1802 Libone

85 1851 185 1890 quae
228 1835 382 1888 scribis,
427 1836 627 1892 approb0;
674 1837 846 1879 maxime
890 1837 996 1892 quod
1040 1837 1087 1878 de
1134 1836 1318 1878 iudicatu
1358 1851 1460 1878 meo.
1513 1836 1572 1878 De
1617 1849 1782 1890 sponsu,
1817 1834 1851 1875 si

86 1909 182 1964 quid
214 1910 482 1965 perspexeris3
517 1914 558 1951 et
588 1914 722 1952 tamen
757 1911 854 1965 quid
887 1915 1162 1967 procuratores
1195 1909 1400 1951 Cornificii
1434 1908 1572 1950 dicant
1594 1906 1713 1949 velim
1734 1906 1849 1957 scire,

84 1982 141 2023 ita
184 1987 231 2023 ut
272 1982 315 2024 in
359 1997 404 2023 ea
437 1997 476 2024 re
510 1987 563 2034 te,
599 1998 721 2038 quum
756 1988 838 2026 tam
872 1988 1090 2039 occupatus
1124 1983 1191 2034 sis,
1226 1998 1307 2024 non
1341 1981 1513 2023 multum
1549 1996 1693 2037 operae
1727 1980 1848 2022 velim

84 2071 244 2111 ponere.
284 2056 344 2097 De
377 2056 556 2097 Antonio
590 2055 741 2098 Balbus
774 2072 931 2112 quoque
965 2056 1014 2098 ad
1049 2072 1111 2098 me
1146 2071 1237 2098 cum
1271 2055 1403 2112 Oppio
1438 2044 1691 2109 conscripsit,
1726 2053 1850 2108 idque

83 2128 160 2170 tibi
203 2129 413 2185 placuisse,
456 2143 507 2170 ne
551 2129 817 2185 perturbarer.
868 2130 954 2172 Illis

997 2130 1061 2185 egi
1094 2130 1256 2184 gratias.
1291 2129 1345 2169 Te
1380 2133 1529 2179 tamen,
1565 2133 1611 2169 ut
1643 2128 1723 2169 iam
1758 2132 1850 2169 ante

128 2321 147 2360 ξ)
170 2320 198 2351 1.
221 2318 286 2349 Hic
307 2319 402 2350 locus.
435 2318 569 2355 Astura,
592 2318 648 2348 ubi
672 2317 804 2348 Atticus
827 2316 942 2348 fanum
995 2317 1024 2354 2,
1048 2316 1118 2353 100,
1136 2315 1192 2347 ubi
1217 2314 1344 2348 Ofellus
1363 2316 1457 2346 dicit:
1482 2325 1537 2357 eqo
1556 2314 1724 2356 vectiqalia
1738 2325 1852 2356 maqna

84 2374 166 2406 strui
187 2373 329 2404 volebat.

128 2427 166 2459 Si
188 2426 276 2457 modo
297 2426 374 2456 haec
394 2425 522 2456 stabunt
545 2435 576 2455 o:
602 2424 631 2455 si
652 2425 752 2455 modo
769 2424 944 2465 imperium

86 2482 275 2513 Romanum
297 2479 406 2510 stabit.
430 2479 536 2510 Plane
558 2478 604 2509 sic
628 2478 661 2508 in
685 2483 766 2509 orat.
792 2488 823 2519 p.
839 2477 943 2516 Sulla,

85 2535 124 2568 76
147 2544 243 2575 neque
265 2533 345 2565 enim
367 2534 414 2563 est
434 2531 603 2573 quisquam,
617 2531 669 2573 qui
686 2531 859 2562 arbitretur
873 2531 941 2562 diu-

84 2589 147 2620 tius
170 2588 248 2618 haec
268 2588 357 2618 stare
374 2585 526 2627 potuisse.
550 2585 653 2617 Plura
675 2585 811 2626 collegit
828 2586 942 2617 Halm.

83 2643 125 2673 ad
147 2642 175 2682 ξ.
200 2641 249 2673 32.

125 2694 216 2727 Illud
238 2693 330 2736 quasi
351 2694 573 2724 consecratum.
596 2693 647 2723 Ita
671 2692 813 2733 appellat
827 2692 941 2724 fanum

84 2750 180 2787 illud,
217 2748 305 2790 quod
327 2757 395 2778 non
418 2747 479 2778 rite
501 2755 558 2786 per
581 2746 753 2787 pontifices
775 2756 940 2778 consecra-

83 2808 181 2840 retur,
204 2802 261 2833 sed
283 2801 372 2841 quod
395 2799 512 2831 Cicero
534 2799 665 2839 privata
687 2796 848 2839 religione
872 2806 941 2831 erat

82 2858 298 2889 dedicaturus.
321 2854 361 2885 cf.
384 2853 494 2885 Instit.
515 2853 597 2884 Iust.
619 2853 664 2884 Π.
689 2854 716 2890 1,
741 2854 759 2884 8
775 2855 863 2891 (nam
880 2853 940 2885 Ga-

83 2912 134 2942 ius
157 2911 189 2941 in
215 2919 254 2940 eo
275 2909 348 2939 loco
371 2906 507 2938 mutilus
539 2912 597 2942 est,
633 2905 699 2937 vid.
728 2906 836 2936 Instit.
865 2905 940 2938 Gaii

83 2965 128 2996 11.
151 2966 169 3003 ξ
194 2963 256 3002 35.)
285 2960 454 3002 Imprimis
478 2959 542 2990 huc
563 2958 642 2990 facit
672 2959 791 2991 Aelius
824 2959 939 2992 Gallus

83 3017 169 3058 apud
190 3015 327 3047 Festum
351 3024 381 3054 p.
404 3013 477 3044 321.

131 3068 349 3110 Vectiqalibus.
373 3065 560 3106 Vectigalia
575 3076 815 3106 nonnunquam
831 3067 938 3107 appel—

84 3124 194 3154 lantur
216 3121 339 3153 reditus
362 3129 405 3151 ex
427 3119 515 3159 agris
544 3118 673 3159 privati.
703 3118 738 3149 cf
769 3128 818 3159 ep.
841 3120 893 3157 25,
909 3120 937 3150 1.

84 3175 146 3208 Off.
185 3175 230 3206 II.
265 3175 314 3204 88.
351 3172 467 3204 Parad.
497 3171 557 3203 VI.
591 3171 641 3201 49.
671 3171 752 3203 Hor.
786 3171 854 3203 Sat.
889 3173 934 3203 Il.

994 2369 1184 2411 divitiasque
1207 2369 1313 2400 habeo.

1038 2422 1083 2453 Tu
1106 2425 1209 2453 tamen
1235 2441 1277 2446 —
1297 2422 1336 2454 de
1349 2422 1501 2453 columnis
1521 2432 1553 2453 o:
1578 2422 1640 2454 etsi
1651 2423 1758 2453 locum
1771 2432 1850 2453 non-

993 2476 1071 2506 dum
1095 2475 1259 2513 constitui,
1284 2482 1319 2506 tu
1340 2481 1452 2507 tamen
1484 2475 1608 2506 interea
1642 2485 1720 2515 agas
1748 2474 1850 2506 velim

992 2540 1065 2560 cum
1088 2530 1210 2571 Apella
1240 2530 1381 2571 lapicida
1409 2530 1450 2561 de
1480 2529 1584 2570 pret-io
1621 2529 1850 2561 columnarum

992 2593 1010 2615 e
1032 2593 1195 2615 marmore
1218 2583 1310 2615 Chio.

1034 2638 1052 2677 ξ
1075 2638 1104 2668 2.
1128 2636 1267 2667 Maxime
1287 2636 1370 2678 quod
1390 2636 1429 2667 de
1450 2636 1595 2668 iudicatu
1618 2646 1691 2668 meo.
1723 2636 1852 2668 Iudica-

991 2692 1041 2719 tus
1063 2695 1112 2721 est
1134 2699 1254 2720 munus
1277 2694 1310 2720 et
1330 2689 1476 2720 officium
1498 2689 1614 2720 iudicis
1639 2688 1692 2729 (cf.
1715 2688 1803 2720 Phil.
1821 2690 1849 2720 1.

990 2742 1045 2780 20)
1069 2742 1162 2773 cuius
1185 2751 1223 2774 eo
1245 2747 1392 2782 ternpore
1417 2741 1533 2773 Cicero
1555 2742 1762 2773 vacationem
1791 2752 1847 2784 pe-

990 2796 1090 2834 tebat,
1121 2796 1257 2827 fortasse
1286 2797 1375 2836 quod
1404 2806 1513 2836 augur
1545 2802 1624 2828 erat.
1652 2796 1742 2827 Nam
1773 2806 1849 2828 con-

989 2855 1175 2881 troversum
1205 2850 1267 2881 fuit
1296 2850 1502 2882 haberentue
1532 2860 1672 2891 augures
1708 2849 1847 2881 vacatio—

989 2912 1067 2934 nem
1089 2913 1107 2933 a
1129 2902 1270 2934 iudiciis.
1294 2903 1389 2934 Brut.
1413 2902 1485 2935 117.
1519 2902 1614 2933 Nihil
1646 2902 1708 2933 hoc
1730 2902 1848 2934 attinet

989 2957 1030 2987 ad
1053 2956 1228 2988 Cocceium
1250 2962 1282 2988 et
1303 2957 1478 2994 Libonem,
1502 2956 1559 2997 qui
1583 2956 1802 2997 promiserant
1814 2966 1848 2988 se

988 3011 1163 3047 soluturos,
1177 3011 1265 3051 quod
1279 3010 1431 3042 Ciceroni
1448 3010 1616 3041 deberent.
1633 3009 1674 3040 cf.
1688 3019 1737 3050 ep.
1753 3009 1803 3047 18,
1818 3010 1848 3041 3.

1029 3063 1077 3093 De
1097 3073 1211 3103 sponsu
1234 3063 1274 3094 cf.
1299 3064 1339 3094 ad
1362 3073 1411 3104 ep.
1436 3064 1484 3101 14,
1507 3064 1536 3095 2.

1029 3116 1079 3147 De
1100 3115 1237 3146 Antonio
1261 3116 1381 3147 Balbus
1391 3126 1507 3158 quoque
1518 3121 1578 3147 cet.
1604 3115 1758 3147 Subitum
1775 3118 1845 3148 An·

988 3172 1069 3205 conii
1093 3181 1135 3203 ex
1168 3171 1286 3203 itinere
1317 3171 1531 3213 Hispaniensi
1561 3171 1711 3208 reditum,
1745 3181 1845 3213 quem
