2062 3565
765 148 872 190 LIB.
908 149 1000 190 XV.
1036 149 1120 192 ΕΡ.
1158 152 1231 191 26.
1802 154 1889 193 339

124 281 262 331 fundo,
309 287 349 324 et
397 297 465 323 cos
511 282 672 336 quidem
717 283 997 326 subterraneos
1006 303 1016 335 ;
1059 285 1264 327 servitutis
1311 292 1426 342 putat
1472 286 1624 342 aliquid
1659 285 1889 329 habituros:

124 354 165 397 id
198 370 260 396 me
294 355 454 396 iamiam
489 356 595 397 nolle
630 372 759 412 neque
794 357 894 399 mihi
929 358 1149 413 quidquam
1185 374 1268 400 esse
1302 360 1420 410 tanti,
1455 360 1540 410 sed,
1573 365 1620 402 ut
1652 359 1751 401 mihi
1785 359 1890 401 dice-

124 428 208 479 bas,
249 421 369 483 quam
410 428 628 480 lenissime,
676 430 810 485 potius
857 436 903 472 ut
952 447 1047 473 cura
1089 431 1294 482 liberetur,
1329 448 1449 488 quam
1482 439 1529 475 ut
1561 449 1622 475 me
1655 448 1887 475 succensere

123 500 277 557 aliquid
321 501 561 556 suspicetur.
612 502 717 544 Item
751 502 800 544 de
834 504 904 545 illo
937 504 1124 546 Tulliano
1157 505 1288 561 capite
1321 504 1445 547 libere
1479 521 1571 548 cum
1604 506 1799 548 Cascellio
1830 506 1886 548 lo-

124 590 258 629 quare.
297 575 425 617 Parva
458 590 519 617 res
553 582 626 625 est,
662 576 731 617 sed
764 583 810 618 tu
846 577 946 619 bene
980 578 1205 629 attendisti,
1239 579 1360 621 nimis
1394 579 1536 622 callide
1559 579 1765 635 agebatur.
1802 581 1888 636 Ego

123 645 272 700 antem,
317 649 351 690 si
394 648 494 689 mihi
539 649 797 705 imposuisset
841 651 1009 706 aliquid,
1057 651 1163 706 quod
1209 668 1333 708 paene
1378 654 1486 704 fecit,
1520 654 1599 696 nisi
1631 658 1703 696 tua
1736 654 1889 695 malitia

124 723 315 772 affuisset,
357 723 492 764 animo
535 723 676 778 iniquo
721 724 918 765 tulissem.
963 725 1120 781 Itaque,
1166 732 1260 767 utut
1300 727 1389 777 erit,
1435 742 1516 768 rem
1550 728 1735 784 impediri
1770 730 1887 771 malo.

124 796 316 838 Octavam
359 801 514 852 partem
559 797 584 838 †
604 796 681 838 tuli
730 797 990 839 luminarium
1026 798 1200 840 medium
1235 799 1435 842 adstrane.
1486 801 1734 853 Memineris,
1770 804 1794 845 †
1823 803 1888 844 cui

122 869 316 911 Caerellia
357 869 518 921 videris,
564 871 765 926 mancipio
815 871 910 913 dare
957 872 1007 913 ad
1052 887 1138 913 eam
1185 888 1396 926 summam,
1442 890 1541 929 quae
1586 874 1661 916 sub
1695 891 1888 932 praecone

124 943 202 984 fnit
234 944 430 995 maxima3
465 943 508 985 id
553 945 695 1000 opinor
729 960 814 986 esse
845 951 1055 986 m.
1092 949 1132 986 5.
1168 947 1275 988 Νον1
1310 948 1342 989 si
1375 948 1474 1003 quid
1507 949 1583 990 erit
1615 954 1735 1004 atque
1768 949 1888 990 etiam

165 1120 184 1151 8
206 1119 241 1149 in
263 1119 389 1151 aedium
410 1120 514 1151 astira
539 1121 736 1153 memineris.
759 1125 776 1157 †
799 1122 857 1153 Cui
880 1120 1027 1158 Caerelli,
1049 1122 1165 1154 videris
1187 1124 1345 1165 mancipio
1368 1125 1448 1156 dare
1474 1144 1515 1150 —

123 1280 207 1318 vius,
235 1281 293 1322 qui
323 1281 370 1312 ita
398 1280 465 1312 fere
494 1281 656 1322 explicat:
688 1281 807 1312 Aelius
837 1281 988 1322 queritur

123 1343 176 1366 me
199 1334 233 1365 in
257 1334 384 1366 ultimis
408 1335 556 1376 partibus
579 1335 650 1375 agri
674 1335 749 1372 mei,
779 1335 836 1376 qui
866 1335 917 1366 illi
942 1335 987 1366 vi-

122 1388 216 1420 cinus
238 1394 296 1426 est,
319 1388 431 1421 fodere
454 1394 552 1430 atque
568 1399 702 1430 egerere
717 1399 840 1430 paucos
855 1399 986 1430 specus3

122 1451 188 1482 quo
219 1440 305 1473 facto
339 1446 433 1483 putat
463 1452 497 1474 se
526 1442 604 1474 inde
634 1442 759 1483 aliquid
786 1443 989 1473 incommodi

123 1493 327 1532 habiturum,
342 1495 471 1536 aliquid
486 1496 656 1527 servitutis
673 1496 859 1527 subiturum
871 1506 988 1536 agrum

123 1559 231 1580 suum.
269 1549 338 1581 Fac
359 1550 442 1582 sciat
470 1560 523 1582 me
555 1551 590 1582 id
621 1551 799 1582 consilium
832 1557 986 1588 mutasse,

124 1612 184 1634 uec
219 1602 325 1634 ullum
360 1604 573 1635 commodum
604 1604 688 1635 mihi
722 1604 806 1635 tanti
839 1614 919 1642 esse,
955 1609 989 1635 ut

124 1657 195 1688 eius
217 1657 358 1698 gratiam
382 1658 534 1689 amittere
568 1658 680 1689 velim.
715 1658 781 1690 Sed
815 1659 848 1689 in
878 1659 988 1690 verbis

126 1711 292 1742 nonnulla
313 1711 546 1743 emendatione
568 1719 678 1753 egent.
702 1712 854 1743 Primum
870 1712 905 1743 in
918 1712 987 1743 his:

126 1763 154 1793 is
177 1774 224 1794 me
238 1773 360 1804 paucos
381 1773 491 1805 specus
513 1770 574 1796 cet.
599 1765 737 1796 verbum
759 1765 925 1802 desidero;
949 1783 989 1788 —

126 1827 232 1859 neque
255 1820 356 1859 νομαί,
379 1819 467 1860 quod
490 1818 654 1850 Corradus
674 1819 799 1860 aliique
821 1820 986 1860 supplent,

125 1882 202 1903 cum
224 1873 389 1904 sententia
411 1873 551 1913 quadrat
559 1887 566 1910 ;
591 1891 632 1896 -—
654 1879 726 1904 tum
746 1873 908 1904 habituros
921 1884 991 1905 cor-

126 1930 259 1966 ruptum
283 1930 343 1956 est.
366 1925 454 1956 Nam
477 1936 546 1957 non
570 1926 621 1957 illi
643 1936 769 1968 specus,
792 1927 850 1958 sed
866 1927 989 1958 fundus

129 1977 222 2009 Aelii
245 1978 440 2010 servitutem
463 1978 636 2010 habiturus
657 1979 842 2012 videbatur.
871 1980 990 2012 Plures

128 2030 224 2062 video
254 2031 333 2062 nodi
361 2031 513 2063 solvendi
543 2032 697 2070 rationes,
733 2033 925 2064 scribendo:
962 2033 990 2064 is

127 2084 216 2115 timet
235 2094 354 2124 paucos
374 2095 484 2126 specus
506 2104 546 2108 —
567 2086 730 2116 servitulis
752 2096 786 2117 se
802 2089 900 2128 putat
931 2087 991 2118 ali-

128 2137 204 2180 quid
235 2139 423 2177 habiturum,
448 2140 517 2171 vel:
540 2140 569 2171 is
590 2140 672 2171 enim
694 2150 816 2181 paucos
836 2159 878 2163 —
893 2143 991 2182 putat

128 2191 252 2234 aliquid
272 2193 332 2224 sibi
353 2192 494 2231 daturos,
518 2194 572 2225 vel
595 2194 711 2226 etiam:
746 2194 844 2225 Emisi
869 2205 991 2236 paucos

129 2256 239 2287 specus
260 2253 323 2278 cet.
347 2248 389 2278 In
412 2249 627 2289 sequentibus
646 2249 780 2280 malim:
804 2249 857 2280 dic
867 2260 914 2281 me
927 2249 991 2280 iam

132 2299 226 2337 nolle,
249 2310 352 2341 quum
375 2301 460 2332 nihil
493 2302 676 2342 praecedat,
709 2303 797 2334 unde
834 2303 992 2334 infinitivi

131 2353 216 2384 nolle
229 2360 262 2386 et
279 2364 346 2385 esse
358 2355 533 2396 pendeant.
556 2355 729 2387 Postremo
748 2361 898 2397 suspecta
909 2356 992 2387 mihi

132 2413 210 2438 sunt
238 2410 273 2438 ut
301 2408 377 2438 mihi
405 2408 543 2446 dicebas,
573 2410 744 2450 multoque
774 2410 882 2442 lenius
911 2411 992 2442 haec

133 2461 347 2501 procederent
375 2461 422 2492 sic
456 2462 592 2502 scripta:
628 2462 688 2493 sed
716 2463 806 2494 velim
840 2464 870 2494 ei
904 2463 992 2495 dicas

132 2525 223 2557 quam
244 2515 410 2546 lenissime.
439 2515 593 2548 Fortasse
615 2517 830 2549 coniectando
858 2519 992 2550 modum

133 2568 302 2600 excedisse
338 2569 512 2600 nonnullis
547 2570 697 2607 videb0r3
739 2572 796 2602 sed
826 2576 993 2602 extremae

134 2621 290 2663 epistolae
312 2622 410 2654 huius
444 2622 520 2653 libri
551 2628 597 2654 tot
627 2624 766 2655 maculis
799 2624 993 2665 inquinatae

134 2682 220 2713 sunt,
244 2682 280 2706 ut
302 2677 457 2708 audaciae
480 2676 626 2717 aliquam
649 2678 780 2708 veniam
804 2683 913 2719 petere
936 2688 992 2709 au—

135 2730 241 2762 deam.

177 2781 290 2823 Specus
312 2790 389 2814 sunt
410 2784 541 2815 canales
572 2790 640 2816 arte
669 2785 760 2816 ducti
794 2786 845 2816 vel
878 2795 994 2827 aquae-

136 2835 262 2873 ductus,
286 2842 322 2868 ut
343 2837 432 2878 apud
454 2836 641 2868 Varronem
674 2838 715 2869 de
748 2848 783 2870 re
816 2845 895 2870 rust.
928 2839 995 2870 ΠΙ.

138 2887 176 2920 17
201 2894 286 2920 extr.
301 2888 477 2930 perducere
496 2899 606 2930 specus
627 2900 644 2920 e
673 2890 806 2930 piscinis
835 2891 868 2922 in
899 2902 995 2930 mare,

139 2947 172 2973 et
193 2942 228 2973 in
250 2942 325 2974 hist.
352 2943 430 2974 belli
452 2943 555 2974 Alex.
579 2945 619 2974 5:
644 2943 843 2975 Alea-andria
867 2963 908 2968 —
929 2955 996 2986 spe-

138 3004 193 3026 cus
213 2995 305 3026 habet
327 3006 346 3026 α
382 2995 455 3027 Nilo
471 2996 679 3036 pertinentes,
709 2998 817 3040 quibus
846 3009 928 3040 aqua
961 2999 995 3030 in

137 3049 282 3089 privatas
303 3048 407 3080 domos
430 3050 602 3081 inducitur,

183 3091 262 3133 ltem
283 3102 323 3133 de
345 3103 402 3134 illo
428 3101 575 3133 Tulliano
597 3109 657 3134 cet.
696 3118 709 3129 n
721 3104 916 3136 Tullianum
947 3115 996 3136 ca-

141 3160 199 3195 put
232 3160 335 3193 vocat,
369 3156 457 3196 quod
492 3155 629 3196 epistola
659 3157 810 3196 proxime
845 3157 998 3198 sequenti

1036 1284 1102 1322 (ep.
1123 1281 1172 1319 29,
1197 1282 1228 1319 1)
1255 1282 1450 1313 Τ1111181111111
1474 1283 1655 1314 semissem.
1678 1283 1784 1325 Caput
1801 1284 1891 1315 enim

1034 1335 1233 1375 quandoque
1256 1341 1379 1367 sortem
1396 1340 1427 1367 et
1439 1336 1598 1376 pecuniae
1611 1346 1774 1367 summam
1791 1336 1891 1377 signi-

1034 1387 1119 1418 ficat.
1146 1387 1228 1419 Vult
1250 1394 1362 1419 autem
1382 1389 1535 1419 Atticum
1564 1388 1661 1420 libere
1693 1389 1783 1431 loqui
1815 1399 1892 1420 cum

1035 1439 1208 1478 Cascellio,
1247 1446 1361 1472 contra
1392 1452 1491 1482 quam
1522 1452 1600 1473 cum
1628 1442 1676 1473 M.
1698 1442 1809 1480 Aelio,
1837 1443 1891 1473 cui

1034 1494 1225 1534 responderi
1248 1494 1381 1525 nolebat
1403 1495 1468 1526 nisi
1490 1505 1579 1536 quam
1601 1495 1795 1526 lenissime?
1829 1496 1893 1527 Bo-

1034 1547 1111 1578 sius.
1139 1547 1324 1586 Cascellius,
1353 1549 1411 1589 qui
1432 1548 1486 1579 hic
1509 1555 1720 1587 memoratur,
1754 1560 1820 1580 11011
1843 1550 1893 1580 111-

1035 1610 1149 1632 versus
1172 1601 1303 1632 videtur
1325 1600 1366 1631 ab
1387 1601 1480 1632 Aulo
1504 1600 1666 1633 Cascellio
1687 1602 1778 1640 Icto,
1794 1612 1894 1643 11118111

1035 1655 1212 1685 nominant
1233 1654 1441 1695 Pomponius
1463 1655 1504 1686 de
1527 1655 1608 1696 orig.
1624 1656 1704 1687 iuris
1721 1658 1801 1696 §45.
1827 1656 1893 1687 Ho-

1036 1707 1153 1745 ratius,
1176 1707 1238 1748 Ep.
1262 1708 1304 1738 ad
1325 1707 1393 1738 Pis.
1417 1707 1487 1740 371.
1511 1708 1588 1739 Val.
1611 1708 1703 1740 Max.
1728 1709 1789 1740 v1.
1812 1710 1840 1746 2,
1866 1708 1902 1739 1.

1036 1759 1191 1797 Orellius,
1216 1760 1275 1801 qui
1297 1760 1333 1791 111
1356 1759 1475 1793 0110111.
1499 1760 1656 1792 Τ111118110
1678 1761 1766 1792 1111110
1784 1761 1894 1792 10011111

1035 1814 1157 1851 01111511,
1180 1820 1267 1845 recte
1289 1824 1348 1855 pro
1370 1814 1499 1856 loquare
1520 1815 1666 1846 malebat
1679 1814 1826 1846 futurum
1846 1815 1892 1846 lo—

1035 1877 1140 1908 quere.

1077 1921 1111 1953 Si
1134 1922 1208 1953 mihi
1230 1922 1426 1962 imposuisse!
1448 1922 1572 1964 aliquid
1591 1932 1624 1954 οι
1659 1923 1688 1954 si
1716 1933 1769 1955 me
1801 1924 1894 1956 dece-

1037 1978 1147 2019 pisset.
1171 1977 1220 2009 Cf.
1245 1978 1285 2008 ad
1310 1978 1351 2016 Q.
1374 1977 1413 2008 fr.
1438 1978 1485 2008 11.
1509 1977 1536 2015 6,
1562 1980 1591 2009 5.
1628 1978 1712 2019 Nep.
1746 1978 1843 2009 Eum.
1877 1980 1894 2008 5

1029 2030 1206 2072 praefectis
1227 2030 1379 2072 Antiqoaz'
1401 2030 1556 2071 imposuit.
1580 2030 1669 2062 Nam
1691 2031 1748 2072 qui
1763 2031 1894 2072 decipit,

1037 2085 1132 2117 alteri
1154 2085 1296 2127 imponit
1318 2095 1376 2126 pro
1399 2094 1487 2123 vero,
1511 2086 1600 2126 quod
1622 2095 1738 2117 verum
1753 2096 1821 2117 nou
1836 2092 1895 2117 est.

1081 2139 1211 2171 Malitia
1234 2140 1266 2171 h.
1291 2140 1313 2171 l.
1335 2146 1385 2171 est
1407 2140 1578 2181 sagacitas,
1602 2141 1784 2181 prudentia,
1806 2140 1899 2171 slaw-

1037 2194 1121 2231 lzeid,
1146 2200 1183 2225 ut
1201 2193 1294 2224 Fam.
1318 2192 1382 2224 IX.
1407 2194 1455 2231 19,
1480 2194 1509 2224 1.
1532 2193 1623 2225 Hinc
1646 2193 1785 2225 Plautus
1810 2194 1896 2225 dixit

1037 2247 1106 2278 sine
1126 2247 1210 2277 mala
1233 2247 1314 2277 omni
1337 2246 1472 2278 malitia.

1083 2301 1230 2332 Octavam
1247 2303 1370 2341 partem
1392 2306 1454 2333 cet.
1475 2301 1634 2332 Ernestus
1658 2300 1774 2333 frustra
1799 2302 1832 2333 in
1845 2302 1896 2333 his

1038 2355 1242 2396 corrigendis
1278 2362 1311 2386 et
1341 2355 1546 2396 explicandis
1579 2355 1722 2386 laborari
1759 2357 1895 2387 monuit.

1039 2410 1112 2450 Ego
1135 2420 1201 2440 11011
1226 2416 1354 2441 tautum
1377 2409 1460 2441 mihi
1481 2420 1610 2450 arrogo,
1630 2415 1666 2440 ut
1680 2410 1714 2441 id
1730 2410 1895 2442 invenisse

1039 2473 1092 2495 me
1113 2464 1254 2501 credam,
1279 2464 1368 2505 quod
1391 2464 1546 2494 omnibus
1562 2463 1757 2501 satisfaciat;
1782 2465 1895 2496 inveni

1038 2523 1149 2550 tamen
1172 2518 1306 2558 aliquid,
1337 2518 1424 2559 quod
1448 2527 1508 2549 nec
1531 2528 1548 2548 a
1572 2519 1731 2559 scriptura
1754 2518 1896 2550 Medicei

1039 2571 1139 2602 nimis
1151 2571 1279 2602 recedat
1293 2578 1326 2602 et
1338 2571 1544 2611 probabilem
1555 2572 1671 2602 efficiat
1681 2572 1878 2603 sententiam
1890 2582 1896 2598 :

1043 2623 1190 2655 Oclavam
1222 2627 1347 2664 partem
1383 2625 1500 2655 sustuli
1537 2624 1735 2655 luminarium
1775 2624 1895 2655 aedium

1040 2677 1190 2708 Asturae.
1216 2677 1408 2715 ‚lleminerts
1444 2688 1534 2719 quum
1564 2676 1750 2709 Caerelliam
1773 2677 1897 2715 videris,

1041 2731 1194 2773 mancipio
1217 2732 1296 2762 dare
1319 2731 1363 2761 ad
1386 2742 1452 2762 eam
1469 2742 1626 2768 summam,
1640 2737 1702 2762 cet.
1724 2731 1848 2771 Agitur
1858 2732 1897 2762 118

1040 2785 1168 2817 duobus
1190 2785 1342 2826 negotiis.
1379 2786 1418 2816 In
1449 2785 1556 2826 priore
1581 2785 1744 2816 sententia
1769 2785 1898 2815 uvntiat

1041 2848 1076 2870 se
1117 2839 1331 2870 luminarium
1368 2838 1421 2869 vel
1455 2838 1671 2870 fenestrarum
1702 2838 1734 2868 in
1765 2838 1899 2868 aedibus

1041 2891 1118 2929 suis,
1140 2901 1221 2932 quas
1242 2892 1386 2922 Asturae
1408 2891 1560 2927 habebat,
1593 2899 1768 2921 numerum
1799 2890 1898 2921 demi-

1042 2945 1163 2976 nuisse.
1186 2945 1227 2976 In
1251 2945 1353 2975 altera
1375 2944 1510 2985 aliquid,
1540 2944 1628 2984 quod
1650 2949 1686 2974 ut
1709 2943 1821 2974 Attico
1844 2954 1898 2973 110-

1042 3004 1114 3030 tum
1137 3008 1203 3029 11011
1227 2998 1361 3035 indicat,
1395 2997 1530 3028 fortasse
1560 2996 1738 3037 praedium,
1771 2995 1900 3027 Caerel-

1041 3053 1105 3084 liae
1128 3063 1186 3083 suo
1212 3052 1345 3082 nomine
1371 3052 1454 3082 tradi
1483 3051 1573 3082 iubet
1598 3050 1766 3087 tantidem,
1796 3060 1897 3090 quan-

1042 3111 1112 3136 tum
1135 3105 1169 3136 111
1193 3104 1345 3135 auctione
1369 3104 1498 3144 publica
1523 3113 1539 3134 a
1560 3103 1738 3143 plurimum
1752 3102 1897 3134 licitaute

1044 3157 1192 3189 oblatum
1217 3162 1296 3187 erat.

1629 3210 1714 3252 22*

1911 961 1945 988 10
