2062 3565
187 149 240 187 40
587 145 671 187 ΕΡ.
706 144 783 186 ΑΒ
816 145 862 185 Τ.
897 142 1248 186 POMPONIUM
1282 142 1545 184 ATTIGUM.

184 297 247 323 me
280 290 425 332 movet,
461 282 567 337 quod
602 280 756 331 scribis,
799 308 818 331 U
829 281 916 322 Iovi
949 281 1027 335 ipsi
1059 277 1289 333 iniquum.’'
1337 278 1444 319 Nam
1478 279 1699 334 periculum
1732 280 1775 321 111
1810 280 1955 321 utrius-

186 370 262 411 que
309 355 517 397 iracundia
565 356 740 411 positum
789 359 862 405 est,
907 353 1074 394 victoria
1106 357 1241 394 autem
1272 353 1330 393 ita
1362 351 1529 403 incerta,
1563 356 1610 394 ut
1641 352 1813 396 deterior
1841 367 1961 395 causa

185 429 358 485 paratior
390 428 489 470 mihi
521 443 605 469 esse
638 426 834 468 videatur.
868 425 956 467 Nec
989 439 1052 465 me
1085 424 1268 466 consules
1302 430 1477 476 movent,
1512 426 1581 480 qui
1613 427 1692 482 ipsi
1725 427 1862 484 pluma
1890 432 1962 470 aut

186 502 281 544 folio
325 501 479 543 facilius
524 505 747 542 moventur.
793 498 927 540 Officii
958 512 1021 539 me
1055 496 1290 539 deliberatio
1324 498 1478 540 cruciat
1510 500 1783 557 cruciavitque
1816 500 1963 544 adhuc.

151 593 165 617 5
186 576 351 617 Cautior
394 580 499 616 certe
537 578 597 614 est
630 572 798 622 mansio,
832 570 1037 612 honestior
1070 571 1323 612 existimatur
1355 572 1553 613 traiectio.
1609 573 1719 615 Malo
1753 574 1959 618 interdum

186 649 304 691 multi
352 663 415 690 me
465 663 546 689 non
592 652 722 697 caute,
776 660 896 700 quam
945 645 1062 700 pauci
1114 659 1195 685 non
1228 644 1394 687 honeste
1427 645 1567 688 fecisse
1601 648 1848 690 existiment.
1902 649 1964 690 De

186 721 341 778 Lepido
375 726 414 763 et
445 720 560 762 Tullo
595 718 700 774 quod
735 719 906 773 quaeris,
939 717 998 758 illi
1034 732 1126 758 vero
1160 732 1243 759 non
1265 717 1469 771 dubitant,
1495 721 1594 774 quin
1617 720 1777 762 Caesari
1801 725 1959 777 praesto
2043 759 2048 763 .

180 787 313 838 'futuri
352 795 395 836 in
440 798 701 847 senatumque
748 791 906 833 venturi
941 791 1035 832 sint.
1072 792 1113 831 3.
1149 790 1441 833 Recentissima
1473 798 1545 834 tua
1579 798 1639 835 est
1672 793 1840 850 epistola
1870 794 1966 836 Kal.
2025 778 2053 805 ἰ’

189 868 296 919 data,
345 869 387 908 in
429 882 506 922 qua
549 871 663 922 optas
710 880 966 921 congressum
1011 879 1226 920 pacemque
1259 880 1341 907 non
1372 865 1571 922 desperas.
1606 867 1684 909 Sed
1717 882 1805 922 ego,
1841 881 1966 922 quum

136 956 170 982 10
189 942 287 984 haec
321 940 558 992 scribebam,
594 955 667 982 nec
700 940 790 982 illos
823 953 1106 994 congressuros
1138 953 1225 990 nec,
1260 940 1292 980 si
1327 941 1527 995 congressi
1560 947 1707 992 essent,
1731 940 1967 997 Pompeium

190 1014 239 1056 ad
285 1014 406 1055 ullam
454 1014 725 1055 conditionem
766 1026 1018 1054 accessurum
1063 1010 1267 1067 putabam.
1320 1011 1441 1064 Quod
1474 1012 1620 1054 videris
1653 1028 1735 1055 non
1767 1011 1967 1064 dubitare,

191 1088 223 1129 si
257 1086 439 1128 6011511165
472 1092 690 1138 transeant,
745 1085 843 1141 quid
877 1100 949 1126 nos
982 1084 1111 1126 facere
1145 1090 1339 1140 oporteat,
1383 1094 1487 1126 certe
1519 1090 1732 1127 transeunt
1765 1085 1840 1136 vel,
1874 1100 1970 1140 quo-

191 1160 310 1202 modo
346 1174 454 1201 nuuc
489 1166 563 1210 est,
598 1160 859 1200 transierunt.
911 1157 989 1199 Sed
1022 1165 1222 1199 memento
1256 1162 1410 1213 praeter
1443 1159 1621 1215 Appium
1654 1158 1852 1200 neminem
1887 1173 1971 1199 esse

192 1234 288 1284 fere,
324 1233 391 1287 qui
427 1247 509 1274 non
542 1234 605 1274 ius
642 1231 789 1273 habeat
819 1230 1071 1273 transeundi.
1106 1230 1212 1272 Nam
1246 1236 1316 1272 aut
1349 1245 1440 1272 cum
1472 1231 1638 1287 imperio
1661 1237 1770 1283 sunt,
1787 1238 1834 1274 ut
1855 1231 1971 1274 Pom-

140 1320 172 1347 15
192 1308 320 1364 peius,
357 1313 401 1346 ut
434 1306 583 1362 Scipio,
619 1304 802 1356 Sufenas,
851 1304 1045 1354 Fannius,
1085 1303 1305 1354 Voconius,
1341 1304 1507 1355 Sestius,
1541 1305 1619 1360 ipsi
1653 1304 1851 1356 6011511165,
1886 1305 1972 1360 qui-

193 1379 269 1422 bus
319 1394 425 1421 more
469 1380 662 1420 maiorum
708 1393 940 1420 concessum
974 1382 1034 1418 est
1069 1376 1130 1417 vel
1163 1392 1298 1418 omnes
1333 1376 1442 1419 adire
1476 1379 1715 1434 provinciaS,
1749 1383 1820 1421 aut
1850 1378 1973 1434 legati

195 1458 289 1494 sunt
338 1467 489 1494 eorum.
545 1452 623 1494 Sed
665 1451 767 1493 nihil
800 1451 984 1492 decerno.
1037 1449 1147 1502 Quid
1181 1449 1336 1506 placcat
1368 1449 1443 1492 tibi
1480 1456 1521 1492 et
1555 1450 1651 1506 quid
1685 1451 1973 1507 propemodum

194 1530 348 1567 rectum
381 1526 434 1567 sit
465 1525 662 1580 intelligo.
697 1525 820 1566 Plura
854 1523 1079 1574 scriberem,
1115 1524 1147 1564 si
1182 1523 1266 1579 ipse
1289 1539 1459 1580 possem.
1512 1523 1606 1576 Sed,
1633 1530 1678 1566 ut
1701 1524 1800 1566 mihi
1821 1523 1973 1576 videor,

196 1604 331 1655 potero
364 1598 503 1640 biduo.
538 1597 655 1640 Balbi
689 1597 866 1640 Cornelii
897 1597 1102 1638 literarum
1144 1596 1383 1652 exemplum,
1420 1612 1518 1652 quas
1552 1596 1691 1639 eodem
1726 1596 1791 1639 die
1824 1598 1974 1654 accepi,

141 1695 176 1722 20
197 1688 275 1729 quo
307 1678 411 1722 tuas,
445 1673 534 1714 misi
569 1672 618 1713 ad
651 1677 706 1723 te,
742 1678 789 1713 ut
822 1686 946 1713 meam
979 1671 1106 1712 vicem
1140 1669 1307 1721 doleres,
1342 1685 1466 1725 quum
1500 1687 1560 1713 me
1595 1670 1767 1713 derideri
1801 1670 1971 1714 videres.

970 1891 979 1905 Q

243 1923 312 1964 ξ2.
336 1922 407 1954 Iovi
429 1923 489 1963 ipsi
520 1923 670 1964 iniquam.
699 1922 832 1954 Atticus
862 1921 1062 1962 Pompeium
1086 1947 1088 1951 .
1159 1920 1196 1951 Ut
1219 1920 1331 1961 Scipio.
1365 1920 1416 1952 Cf.
1439 1920 1503 1952 IX.
1534 1921 1562 1958 1,
1591 1922 1622 1952 4.
1655 1920 1809 1962 SufenaS.
1838 1922 1898 1953 Est
1925 1921 1973 1953 M.

202 1977 253 2008 his
276 1976 385 2008 verbis
407 1976 598 2016 designasse
633 1976 771 2012 videtur,
805 1976 862 2016 qui
892 1975 1064 2006 discedens
1087 1970 1090 2020 1
1112 1975 1243 2006 Nonius
1266 1974 1417 2011 Sufenas,
1441 1975 1482 2005 de
1505 1983 1570 2014 quo
1593 1974 1655 2005 VI.
1687 1974 1714 2012 1,
1746 1974 1796 2006 13.
1837 1973 1869 2005 0.
1893 1973 1975 2006 Fan-

203 2030 341 2067 dixerat,
365 2039 399 2060 se
422 2030 538 2060 eodem
561 2029 634 2060 loco
657 2029 848 2060 habiturum
871 2038 937 2066 eos,
960 2028 1017 2070 qui
1031 2028 1065 2059 in
1088 2035 1089 2042 ¹
1114 2028 1197 2059 nium
1221 2038 1296 2059 cum
1319 2029 1458 2069 imperio
1480 2028 1515 2058 in
1539 2027 1691 2059 Siciliam
1708 2028 1848 2059 missum
1862 2028 1976 2060 scribit

204 2083 283 2113 urbe
306 2082 551 2118 remansissent,
583 2088 615 2112 et
638 2082 696 2122 qui
718 2082 753 2112 in
778 2082 927 2113 Caesaris
950 2081 1065 2112 castris
1088 2073 1091 2119 1
1115 2081 1195 2112 VII.
1219 2082 1267 2119 15,
1291 2082 1319 2112 2.
1343 2081 1393 2112 De
1423 2080 1555 2111 Voconio
1577 2081 1663 2111 nihil
1697 2085 1834 2112 constat.
1869 2081 1975 2113 Sestio

204 2136 352 2167 fuissent.
382 2135 508 2166 Eadem
545 2135 711 2166 locutione
749 2134 866 2166 Cicero
895 2135 1001 2166 utitur
1031 2134 1065 2165 in
1089 2131 1191 2165 1111116
1214 2136 1334 2166 Caesar
1356 2140 1467 2175 postea
1490 2134 1622 2165 lictores
1645 2134 1699 2165 vel
1729 2134 1890 2166 concessit
1923 2135 1975 2166 vel

206 2190 298 2231 epist..
321 2189 363 2220 ad
386 2188 558 2225 Plancum,
582 2188 675 2219 Fam.
691 2188 735 2220 Χ.
757 2189 807 2225 12,
821 2190 841 2219 4
856 2189 897 2220 de
913 2188 1065 2220 Servilio.
1090 2169 1092 2228 ξ
1113 2187 1213 2218 dedit.
1237 2186 1286 2218 ef.
1309 2186 1374 2217 XI.
1398 2186 1426 2224 τ,
1452 2187 1478 2216 1.

207 2245 309 2285 Apud
338 2243 476 2274 Florum
499 2243 564 2273 ΙΙΙ.
587 2243 624 2273 21
653 2242 690 2274 C.
712 2243 839 2274 Marius
868 2243 918 2273 dis
940 2242 1067 2273 homini·
1090 2229 1093 2267 1
1155 2240 1220 2271 Aut
1242 2239 1343 2282 leqatz'
1363 2242 1437 2271 sunt
1458 2250 1571 2277 eorum,
1599 2241 1655 2281 qui
1678 2246 1755 2272 sunt
1777 2250 1854 2272 cum
1877 2241 1976 2281 impe-

208 2300 320 2341 bzaeque
340 2298 476 2339 infestus
500 2298 632 2329 rediisse
656 2307 699 2329 ex
722 2298 836 2329 Africa
858 2298 988 2328 dicitur.
1091 2288 1094 2344 1
1115 2295 1176 2325 rio.
1201 2294 1251 2326 cf.
1275 2294 1338 2326 IX.
1364 2296 1391 2331 1,
1414 2298 1444 2326 4.

255 2354 292 2385 Ut
316 2353 459 2384 deterior
484 2370 520 2375 -
544 2352 691 2383 videatur
713 2362 744 2383 o:
770 2358 805 2384 ut
830 2353 959 2389 Caesar,
975 2353 1069 2383 cuius
1091 2345 1094 2386 1
1159 2346 1193 2377 Si
1218 2347 1289 2387 ipse
1314 2357 1445 2387 possem-
1497 2348 1577 2379 Erat
1606 2348 1709 2388 igitur
1736 2348 1818 2379 haec
1844 2357 1976 2389 quoque

209 2417 305 2438 681158
329 2406 438 2437 111111115
463 2406 548 2436 bona
571 2412 628 2442 est,
653 2406 760 2445 magis
783 2406 962 2436 instructus
981 2411 1013 2436 et
1029 2406 1070 2436 ad
1092 2409 1094 2435 ἱ
1119 2401 1256 2441 epistola
1279 2401 1406 2431 librarii
1428 2411 1529 2431 11181111
1552 2407 1696 2433 exarata.

211 2460 377 2500 agendum
400 2459 506 2499 aptior
529 2458 613 2488 mihi
636 2467 706 2489 esse
731 2458 889 2489 videatur.
1159 2455 1256 2486 Balbi
1282 2455 1438 2487 Cornelii.
1460 2456 1646 2488 Nominum
1667 2457 1714 2488 sic
1727 2457 1907 2497 positorum
1922 2456 1978 2487 ali-

254 2512 341 2543 ]Ialo
373 2511 531 2542 interdum
563 2529 604 2533 —
632 2501 812 2542 existiment
842 2521 873 2542 o:
905 2512 1071 2542 suboritur
1092 2499 1095 2536 i
1118 2516 1196 2550 quot
1219 2510 1372 2549 exempla
1397 2510 1613 2541 inveniuntur
1640 2510 1673 2541 in
1690 2510 1796 2550 epistt.
1816 2509 1884 2542 Cic.
1904 2510 1974 2541 Att.

212 2574 455 2605 nonnunquam
485 2564 542 2594 illa
571 2563 727 2603 cogitatio
760 2564 879 2594 melius
914 2574 983 2595 esse
1013 2565 1070 2595 im·
1093 2563 1096 2600 1
1119 2562 1182 2593 XI.
1206 2562 1253 2598 12,
1278 2563 1305 2593 1.
1330 2562 1411 2593 XII.
1435 2563 1485 2599 52,
1510 2563 1538 2593 1.
1560 2562 1663 2594 XIII.
1683 2563 1733 2598 49,
1753 2563 1780 2593 l.
1803 2562 1977 2594 Fam.v1.

212 2618 341 2659 probos,
365 2616 422 2657 qui
445 2625 586 2646 numero
609 2616 719 2656 plures
742 2620 828 2653 sunt,
852 2616 995 2648 iudicare
1018 2626 1071 2648 ine
1094 2608 1097 2655 Ξ
1120 2616 1168 2653 12,
1192 2617 1220 2647 2.
1243 2615 1346 2646 XIII.
1370 2616 1419 2653 64,
1444 2617 1472 2646 1.
1496 2616 1538 2654 Q.
1560 2616 1601 2647 fr.
1623 2617 1669 2647 Π.
1692 2616 1767 2653 4,1.
1781 2616 1831 2647 13.
1846 2616 1865 2647 2
1873 2629 1882 2653 ;
1906 2622 1976 2647 tum

212 2669 295 2700 mari
328 2668 521 2700 traiiciendo
545 2668 673 2698 incaute
696 2667 822 2704 fecisse,
845 2677 945 2708 quam
969 2669 1072 2700 bonos
1094 2657 1097 2668 ¹
1118 2669 1153 2699 in
1177 2668 1282 2709 epistt.
1307 2667 1421 2704 Caelii,
1445 2667 1538 2699 Fam.
1564 2668 1662 2699 VIII.
1688 2668 1736 2705 12,
1759 2668 1780 2698 2
1811 2673 1843 2700 et
1864 2668 1976 2699 Asinii

213 2722 378 2753 manendo
402 2730 455 2752 me
477 2720 593 2752 fecisse
615 2730 684 2751 non
706 2721 852 2767 honeste.
1120 2721 1269 2753 Polionis
1292 2720 1336 2752 X.
1361 2720 1410 2751 32.
1434 2723 1464 2751 5.

254 2776 302 2807 De
325 2774 443 2816 Lepido
465 2778 495 2805 ec
522 2774 611 2805 Tullo
634 2775 700 2805 vid.
723 2776 765 2805 ad
787 2785 837 2816 ep.
861 2777 909 2813 14,
933 2778 952 2807 :2
975 2777 1006 2807 h.
1030 2778 1050 2807 1.
1096 2772 1098 2818 1
1166 2773 1262 2814 Quum
1287 2783 1332 2804 me
1353 2772 1492 2804 derideri
1520 2773 1642 2804 videres
1670 2784 1715 2805 sc.
1743 2783 1790 2810 eo,
1820 2774 1908 2814 quod
1924 2782 1979 2804 me

255 2831 274 2869 ξ
298 2831 326 2860 3.
354 2828 508 2869 Quomodo
531 2837 613 2858 metm
636 2830 692 2858 est.
732 2828 781 2858 Cf.
819 2829 860 2859 ad
896 2838 945 2870 ep.
976 2830 1074 2861 Balbi
1096 2824 1099 2870 j
1121 2828 1262 2859 multum
1284 2837 1379 2868 posse
1402 2828 1436 2858 in
1458 2837 1538 2868 pace
1559 2827 1707 2860 facienda
1730 2828 1785 2860 isti
1807 2827 1975 2865 simulant,

214 2882 328 2913 adiect.
353 2882 371 2922 ξ
394 2882 424 2912 3.
1096 2876 1099 2913 Ῑ
1123 2890 1222 2921 quem
1243 2880 1350 2911 sciant
1371 2880 1456 2911 nihil
1479 2889 1584 2920 posse.

257 2934 390 2965 Praeter
413 2933 554 2973 Appium.
588 2933 677 2963 Huic
700 2939 736 2963 ut
763 2934 890 2964 censori
921 2936 963 2964 ab
993 2936 1072 2966 urbe
1097 2931 1100 2969 ἒ

216 2989 328 3019 abesse
351 2996 417 3017 non
442 2985 569 3021 licebat,
594 2994 701 3026 neque
724 2992 793 3017 erat
823 2995 897 3016 611111
927 2988 1074 3028 imperio.
1097 2988 1100 3020 0

216 3041 270 3070 Ex
293 3039 342 3076 iis,
367 3048 450 3079 quae
474 3038 604 3069 Cassius
636 3038 701 3068 Dio
724 3038 798 3069 XL.
831 3040 869 3068 63
903 3040 943 3070 de
972 3042 1074 3081 Appii

216 3102 352 3124 censura
375 3092 497 3129 scribit,
521 3097 653 3132 apparet
676 3101 734 3123 cur
758 3092 814 3124 ille
839 3092 1013 3125 Caesarem
1031 3095 1073 3125 vi-
1098 3092 1099 3133 j

193 3180 196 3181 ⁷
218 3147 302 3178 terit,
1097 3152 1102 3190 ζ
