2062 3565
136 955 171 981 10

189 150 274 190 108
588 147 673 190 EP.
707 147 784 188 AD
816 147 862 187 T.
897 143 1249 187 POMPONIUM
1281 142 1546 185 ATTICUM.

186 282 387 334 molliunt,
431 281 681 338 precantium
727 284 772 320 ut
815 279 864 320 de
910 277 1121 334 Hispaniis
1171 282 1460 332 exspectemus.
1510 277 1570 318 M.
1615 277 1740 319 Caelii
1790 278 1952 333 quidem

187 354 394 410 epistolam
439 354 627 408 scriptam
674 350 968 401 miserabiliter,
1015 365 1141 405 quum
1181 349 1258 390 1106
1299 349 1408 390 idem
1449 348 1673 391 obsecraret
1714 356 1761 392 ut
1816 366 1952 406 exspe-

189 432 348 478 ctarem,
382 441 432 467 ne
466 426 646 467 fortunas
679 439 802 475 meas,
836 439 885 465 ne
919 423 1087 465 unicum
1119 423 1260 473 filium,
1294 437 1345 464 ne
1377 438 1486 465 meos
1519 439 1656 465 omnes
1687 428 1771 466 tam
1803 429 1952 466 temere
2008 446 2018 455 ⁸

187 499 409 555 proderem,
442 513 523 540 non
558 499 643 540 sine
677 513 823 553 magno
856 498 954 538 fletu
986 497 1170 552 legerunt
1201 497 1316 552 pueri
1347 497 1475 538 nostri
1487 515 1498 548 ;
1533 497 1610 538 etsi
1643 512 1756 539 meus
1789 497 1953 553 quidem

188 577 248 613 est
280 572 419 613 fortior
451 587 575 626 eoque
608 571 696 627 ipso
730 570 1008 612 vehementius
1042 574 1277 621 commovet,
1301 585 1374 611 1166
1397 570 1619 625 quidquam
1641 570 1720 611 nisi
1740 571 1788 612 de
1812 570 1951 626 digna-

188 645 296 686 tione
328 644 497 686 laborat.
534 646 574 684 3.
609 644 793 685 Melitam
825 643 966 697 igitur,
1002 643 1147 684 deinde
1182 658 1260 698 quo
1293 643 1510 685 videbitur.
1552 644 1614 684 Tu
1645 647 1782 685 tamen
1815 643 1954 684 etiam·
2014 675 2023 694 2

188 731 297 758 nunc
329 716 429 757 mihi
462 716 615 771 aliquid
648 716 855 757 literarum
888 720 929 757 et
960 716 1147 768 maxime,
1182 716 1216 757 si
1249 716 1347 771 quid
1380 715 1429 757 ab
1460 715 1642 757 Afranio.
1677 716 1778 770 Ego,
1807 715 1954 757 sicum

190 789 368 830 Antonio
410 789 570 830 locutus
611 804 691 839 ero,
726 788 897 830 scribam
931 789 980 830 ad
1013 794 1053 830 te
1087 789 1185 844 quid
1220 795 1353 831 actum
1373 790 1452 837 sit.
1515 790 1596 831 Ero
1628 793 1765 830 tamen
1796 789 1840 830 in
1874 803 1955 830 cre-

191 861 335 913 dendo,
369 867 416 903 ut
448 878 599 914 mones,
635 868 791 904 cautus.
825 863 932 904 Nam
963 863 1191 904 occulta-ndi
1224 863 1326 904 ratio
1359 877 1484 918 quum
1517 862 1705 913 difficilis,
1723 867 1812 904 tum
1835 862 1955 903 etiam

190 934 411 990 periculosa
454 940 526 977 est.
577 936 759 978 Servium
802 940 987 990 exspecto
1033 935 1082 977 ad
1130 936 1284 986 Nonas,
1329 940 1370 977 et
1414 935 1542 990 adigit
1585 934 1643 975 ita
1675 934 1883 976 Postumia
1917 938 1958 975 61

191 1007 350 1049 Servius
391 1007 510 1049 filius.
560 1008 809 1060 Quartanam
841 1008 1031 1050 leviorem
1064 1024 1148 1050 esse
1182 1009 1353 1065 gaudeo.
1389 1008 1486 1050 Misi
1520 1007 1570 1049 ad
1602 1012 1642 1049 te
1675 1008 1801 1050 Caelii
1835 1008 1956 1050 etiam

190 1079 396 1121 literarum
428 1081 667 1136 exemplum.

237 1246 275 1277 10
297 1248 327 1277 et
350 1245 461 1276 adiicit
483 1246 532 1277 ita
557 1263 597 1268 ·—

194 1405 223 1435 p.
247 1394 381 1432 Quinet.
404 1393 433 1430 2,
458 1394 512 1432 22)
543 1402 609 1424 11011
633 1393 746 1433 capite.
770 1392 810 1423 cf.
834 1391 987 1422 Dukerus
1009 1391 1050 1422 ad

194 1448 267 1479 Liv.
291 1448 337 1478 11.
361 1447 410 1484 12,
436 1447 484 1477 10.
510 1446 576 1477 Sed
598 1446 649 1478 fae
671 1446 806 1483 dixisse,
829 1455 918 1476 nunc
941 1450 1050 1476 tamen

1143 1391 1192 1422 De
1213 1392 1397 1433 diytaatione
1420 1402 1452 1423 a:
1482 1394 1523 1424 de
1546 1401 1595 1429 e0‚
1609 1390 1698 1432 quod
1709 1389 1804 1421 nobis
1819 1389 1960 1430 dignum

1103 1451 1133 1475 et
1156 1445 1332 1476 honestum
1356 1452 1414 1476 est.
1439 1444 1561 1476 Contra
1585 1452 1782 1475 consensum
1800 1442 1960 1472 librorum

195 1510 261 1530 non
285 1500 353 1540 agit
375 1499 490 1530 Cicero
512 1500 551 1530 de
575 1499 689 1529 salutis
711 1498 910 1529 discrimine.
936 1497 1052 1534 Quen·-
1102 1506 1229 1530 mutare
1259 1509 1325 1530 non
1355 1500 1460 1530 audeo
1489 1509 1505 1530 e
1543 1499 1613 1529 cod.
1650 1496 1866 1533 Bessarionis,
1902 1495 1959 1537 qui

195 1559 247 1584 tur
268 1553 386 1594 potius,
409 1553 499 1593 quod
521 1552 584 1584 sibi
607 1562 674 1583 uon
698 1552 773 1583 licet
792 1551 968 1582 consilium
982 1561 1052 1592 pro·
1102 1553 1140 1583 de
1162 1553 1318 1594 diynilate
1339 1554 1492 1585 habuisse
1510 1553 1637 1584 dicitur.
1660 1552 1750 1583 Illud
1763 1550 1870 1588 Livio,
1881 1549 1960 1582 Sue-

195 1606 345 1638 fectionis
368 1606 516 1646 exsequi,
551 1614 655 1646 quum
677 1604 821 1635 lacrimis
854 1613 987 1634 suorum
1021 1611 1053 1634 et
1103 1607 1203 1643 tenio,
1228 1607 1353 1645 Tacito,
1379 1607 1511 1638 Velleio
1534 1611 1728 1648 usurpatum
1743 1604 1797 1646 (cf.
1817 1603 1960 1635 Casaub.

195 1660 344 1701 precibus
367 1659 547 1690 amicorum
570 1659 603 1690 'm
627 1659 726 1690 Italia
739 1658 929 1689 retineatur.
955 1657 1053 1698 Caput
1103 1661 1143 1691 ad
1166 1660 1256 1692 Suet,
1281 1660 1373 1692 Caes,
1396 1662 1425 1698 4,
1449 1660 1523 1691 intt,
1547 1660 1588 1690 ad
1612 1659 1690 1690 Tac,
1713 1657 1822 1689 Germ.
1847 1657 1901 1696 13)
1927 1657 1960 1688 in

195 1713 296 1754 igitur
329 1713 454 1744 dictum
490 1712 614 1753 accipio
649 1713 690 1743 de
724 1712 836 1742 animo
869 1717 901 1742 et
932 1716 1052 1748 mente,
1105 1714 1274 1746 Ciceronis
1303 1714 1431 1755 smiptis
1459 1714 1538 1745 alibi
1572 1723 1638 1744 non
1668 1711 1806 1752 legitur;
1841 1711 1899 1742 secl
1926 1710 1961 1741 in

199 1778 299 1809 quam
321 1768 390 1798 vim
412 1767 497 1798 illud
519 1767 717 1798 vocabulum
739 1767 839 1797 habet
869 1766 954 1807 apud
986 1766 1053 1796 Ho-
1107 1768 1243 1810 epistola
1265 1768 1371 1809 potuit
1393 1767 1564 1799 admittere
1586 1766 1792 1802 vocabulum,
1808 1764 1897 1806 quod
1907 1763 1962 1795 Li-

196 1822 317 1853 ratium
339 1820 408 1853 Sat.
432 1821 477 1852 Π.
501 1822 529 1858 3,
555 1821 614 1851 132
637 1820 782 1851 incolumi
804 1819 909 1860 capite
931 1820 991 1850 es?
1024 1824 1055 1851 et
1101 1822 1173 1853 vius
1196 1832 1262 1853 non
1286 1822 1412 1863 primus
1435 1820 1685 1862 excogitavisse,
1709 1819 1766 1850 sed
1780 1827 1962 1850 esermone

195 1875 255 1915 Ep.
279 1875 320 1905 ad
342 1873 409 1905 Pis.
433 1874 494 1904 300
527 1872 626 1903 tribus
654 1872 817 1913 Anticyris
846 1875 940 1913 caput
972 1872 1055 1903 insa·
1076 1895 1078 1903 .
1101 1876 1274 1907 hominum
1295 1876 1427 1917 petiisse
1450 1875 1589 1907 videtur,

196 1927 310 1958 nubile.
348 1926 559 1968 Quamquam
581 1926 683 1967 igitur
705 1935 723 1957 6
743 1925 903 1958 Cicerone
924 1926 1056 1957 nullum
1145 1930 1162 1969 ᾗ
1185 1930 1214 1960 3,
1237 1927 1345 1968 Adiyit
1368 1928 1416 1959 ita
1447 1926 1609 1958 Postumia
1639 1929 1669 1956 et
1701 1925 1830 1958 Servius
1853 1924 1960 1966 filius.

196 1981 304 2012 simile
326 1980 518 2021 exemplum
541 1980 656 2012 afferre
679 1989 821 2020 possum,
844 1980 876 2010 h.
890 1980 911 2010 l.
937 1980 981 2010 ita
997 1989 1055 2011 ex·
1102 1983 1153 2014 Ita
1182 1982 1307 2023 primus
1341 1982 1442 2013 edidit
1470 1981 1601 2017 Rosius,
1643 1984 1717 2021 apte
1749 1979 1888 2010 laudans
1917 1987 1962 2010 ex

197 2034 298 2075 plico:
324 2033 463 2064 Utinam
486 2033 568 2064 mihi
591 2033 705 2064 liceret
733 2042 808 2064 meo
822 2038 952 2064 tantum
975 2033 1055 2063 iudi·
1077 2063 1080 2090 ἢ
1103 2037 1240 2078 epistola
1263 2046 1328 2077 seq,
1352 2036 1508 2077 postridie
1541 2035 1679 2075 scripta:
1717 2032 1782 2064 Hic
1803 2042 1859 2074 eqo
1883 2031 1962 2064 Ser-

198 2088 250 2118 CiO
271 2087 329 2125 uti,
353 2097 420 2118 non
445 2096 541 2127 agere
565 2087 605 2117 8ίῖ
627 2087 775 2118 alienum
797 2087 979 2118 arbitrium·
1077 2098 1079 2105 ⁴
1102 2091 1181 2121 vium
1205 2091 1348 2130 exspecto
1369 2107 1411 2111 -
1433 2099 1525 2130 roqor
1546 2087 1625 2119 enim
1649 2086 1686 2117 ab
1709 2085 1776 2117 eius
1803 2094 1901 2116 uxore
1930 2086 1961 2114 et

240 2141 342 2183 quue
364 2141 430 2181 ipso
463 2152 491 2172 v.
522 2143 696 2172 commovet.
738 2141 814 2180 Quo
843 2141 957 2172 fortior
988 2148 1057 2172 erat
1091 2142 1177 2183 filio.
1215 2142 1325 2182 Adiqit
1348 2142 1395 2171 ita
1425 2155 1458 2168 2-
1481 2140 1590 2181 αιίίρίί,
1613 2141 1648 2169 ut
1671 2139 1852 2178 exspectem.
1885 2135 1961 2168 Per·

199 2195 367 2227 Ciceronis
400 2195 497 2232 filius,
530 2204 568 2225 eo
602 2195 707 2235 magis
737 2195 806 2225 eius
852 2195 1055 2226 lacrimantis
1078 2196 1080 2204 '
1103 2208 1214 2239 peram
1245 2197 1389 2230 Orellius
1412 2197 1446 2227 iu
1469 2196 1546 2227 edit.
1569 2195 1672 2226 altera
1693 2192 1807 2224 adiicit
1829 2201 1847 2224 e
1868 2192 1960 2223 Med.

197 2250 367 2289 adspectus
389 2248 489 2289 patris
513 2248 661 2278 animum
685 2248 849 2279 movebat.
878 2249 938 2289 Ep.
963 2249 1012 2285 11,
1036 2250 1054 2279 3
1078 2231 1081 2272 Ι
1102 2251 1257 2292 reposuit.
1290 2251 1339 2281 De
1362 2254 1518 2291 perpetua
1540 2247 1733 2279 confusione
1755 2255 1809 2276 vv.
1831 2243 1961 2285 adiyere

197 2303 309 2334 scribit.
333 2303 374 2334 de
407 2303 537 2333 eodem:
574 2301 661 2332 cuius
690 2301 810 2343 quidem
840 2302 1054 2333 misericordia
1078 2296 1080 2300 ’
1104 2310 1136 2336 et
1156 2305 1283 2335 adicere
1306 2314 1330 2335 s.
1353 2303 1494 2334 adiicere
1517 2302 1557 2333 cf.
1572 2302 1682 2333 adnot.
1698 2299 1812 2331 critica.
1825 2297 1962 2330 Schnei-

196 2356 399 2398 lanquidiora
423 2355 526 2386 adhuc
547 2355 680 2387 consilia
703 2356 777 2396 cepi.
1078 2351 1079 2354 ¹
1104 2359 1173 2390 den·
1197 2359 1238 2389 ad
1261 2358 1354 2389 Caes.
1379 2357 1418 2388 B.
1441 2356 1480 2388 G.
1504 2355 1566 2387 IV.
1591 2356 1640 2391 23,
1664 2364 1694 2395 p.
1717 2352 1787 2384 380.

1055 2449 1104 2486 A.

798 2536 1014 2574 CAELIUS
1044 2536 1288 2574 CICERONI
1321 2536 1355 2573 S.

264 2629 301 2668 1.
351 2627 615 2668 Exanimatus
666 2629 745 2668 tuis
793 2609 921 2668 literis
971 2653 1028 2658 —-
1078 2627 1226 2683 quibus
1270 2632 1309 2668 te
1353 2625 1456 2667 nihil
1503 2625 1582 2666 nisi
1628 2623 1741 2664 trist-e
1786 2622 1960 2676 cogitare

198 2699 423 2750 ostendisti,
457 2714 586 2753 neque
620 2698 662 2739 id
696 2700 793 2753 quid
827 2704 931 2740 esset
963 2701 1229 2756 perscripsisti
1261 2714 1390 2754 neque
1426 2713 1508 2740 non
1529 2703 1679 2745 tamen,
1703 2694 1819 2749 quale
1842 2697 1957 2743 esset,

242 2887 397 2918 Alterum
420 2885 613 2925 exemplum
634 2883 733 2914 huius
755 2885 911 2925 epistolae
944 2893 989 2916 est
1019 2887 1060 2917 ad
1080 2884 1083 2899 ''
1104 2889 1272 2920 abstinuit.
1294 2887 1387 2918 Fam.
1410 2887 1475 2918 111.
1499 2886 1547 2923 12,
1572 2885 1590 2915 2
1613 2893 1709 2925 aeq-ve
1730 2883 1810 2914 enim
1833 2881 1959 2913 trinium

198 2943 293 2974 Fam·
315 2942 415 2972 VIII.
440 2941 492 2971 16-
518 2941 559 2972 In
581 2940 701 2971 Franc·
725 2939 952 2982 Oudendorpii
967 2942 1059 2972 scho-
1103 2943 1209 2974 dicere
1230 2943 1390 2984 quiequam
1413 2941 1506 2972 debeo
1530 2958 1578 2977 -—,
1600 2948 1696 2980 neque
1717 2948 1778 2968 non
1799 2946 1844 2967 me
1855 2938 1958 2966 tamen

199 2998 254 3029 liis
275 2996 410 3038 Lipsiae
433 3006 462 3026 a.
487 2995 568 3026 1839
591 2995 686 3026 editis
715 2995 845 3035 copiose
877 2995 1061 3027 illustratur
1104 2994 1221 3026 mordet
1243 2993 1373 3035 aliquid,
1404 3003 1508 3034 quum
1536 2992 1630 3023 aliter
1657 3000 1754 3031 neque
1782 2999 1842 3020 non
1873 2987 1959 3029 apud

201 3060 231 3090 p.
255 3049 314 3080 255
339 3058 428 3089 seqq.
1105 3058 1179 3079 eum
1203 3057 1270 3079 non
1294 3047 1493 3084 inveniatur,
1517 3046 1582 3077 nisi
1603 3045 1649 3076 ita
1670 3048 1707 3074 ut
1734 3041 1868 3082 negatio
1897 3050 1958 3070 mon

244 3104 262 3143 ξ
286 3103 315 3134 1.
339 3102 444 3143 Neque
467 3120 506 3125 —
529 3110 627 3142 neque
649 3110 710 3131 non
733 3102 835 3131 tamen
853 3110 885 3131 o:
910 3110 1059 3142 neque—
1103 3101 1145 3131 ad
1175 3099 1312 3131 verbum
1343 3099 1397 3130 vel
1434 3099 1524 3129 aliud
1558 3096 1758 3128 vocabulum
1787 3093 1958 3134 pertineat,

195 3158 233 3186 et
258 3158 373 3186 lamen.
402 3155 451 3186 Ne
473 3153 591 3186 Cicero
616 3152 748 3194 quidem
772 3153 812 3184 ab
833 3153 894 3184 hac
917 3153 1058 3185 dictione
1103 3154 1295 3195 plerumque
1319 3163 1386 3185 uno
1409 3152 1599 3194 pluribusve
1622 3148 1790 3181 vocabulis
1819 3147 1959 3187 interpo-
