2062 3565
225 157 276 196 78

630 155 709 195 ΕΡ.
745 154 821 195 ΑΙ)
854 154 900 193 Τ.
935 151 1284 194 POMPONIUM
1317 151 1583 193 ATTICUM.

220 291 412 331 termitto.
447 292 488 331 3.
523 289 680 344 Scripta
713 288 881 343 epistola
914 288 1051 329 literae
1087 287 1182 328 mihi
1217 293 1309 328 aute
1343 287 1471 328 lucem
1506 302 1529 328 a
1564 287 1692 342 Lepta
1725 286 1865 342 Capua
1902 282 1989 326 red-

221 361 327 403 ditae
361 368 455 404 sunt
487 360 595 403 Idib.
631 361 769 409 Mart„
805 361 1040 416 Pompeium
1073 375 1096 401 a
1130 359 1346 401 Brundisio
1379 360 1672 411 conscendisse,
1707 366 1748 402 at
1780 360 1988 402 Caesarem

222 449 258 475 a.
292 434 332 474 d.
369 448 447 475 vn.
483 433 575 475 Kal.
610 432 769 488 Apriles
802 432 963 487 Capuae
999 431 1097 474 fore.

219 613 328 644 minus
353 622 371 642 a
392 611 543 642 codicum
567 611 718 651 vestigiis
742 612 874 650 recedit,
897 622 997 653 quam
1020 612 1083 643 Bo·
1102 611 1106 641 l
1131 611 1310 650 Mediceus,
1334 621 1478 652 quocum
1507 611 1542 642 hi
1577 611 1653 643 libri
1682 611 1805 652 ubique
1828 610 1895 642 fere
1918 619 1993 642 con-

216 668 318 703 siana,
341 675 439 706 quam
461 664 607 696 Orellius
623 674 698 695 cum
721 665 887 706 plerisque
902 666 1082 697 editoribus
1104 652 1105 698 Ῐ
1131 665 1290 702 sentiunt,
1312 674 1378 696 11011
1402 664 1530 702 dubito,
1559 665 1640 705 quin
1663 664 1803 695 eandem
1827 667 1992 704 corrupte-
2020 662 2023 665 ’

219 720 379 761 potiorem
403 718 511 749 duxit.
549 718 577 748 E
599 718 670 748 cod.
693 717 844 760 Hispano
866 729 969 760 quum
999 718 1082 749 mihi
1131 720 1197 751 lam
1228 720 1379 751 ostendat
1424 720 1463 750 In
1495 720 1639 750 Bosiana
1673 719 1814 750 lectione
1843 718 1994 759 displicet

221 780 369 806 notetur:
401 775 429 804 A
459 777 490 805 le
514 774 597 805 m'lzz'l
617 784 656 805 oze
679 776 753 804 ante
769 773 842 814 pios
863 772 985 814 quidem
1007 772 1080 814 quin
1104 774 1106 805 ’1
1130 772 1242 803 durior
1264 772 1474 809 constructio,
1497 778 1530 803 ct
1552 772 1611 802 vix
1634 771 1704 802 fieri
1727 771 1843 812 potuit,
1866 776 1903 802 ut
1923 771 1993 802 An-

219 832 248 859 te
270 829 445 865 literarum,
470 830 566 870 plane
596 837 632 859 ut
658 834 706 860 est
729 829 761 859 in
785 828 913 859 duobus
936 827 1082 863 Oxonn„
1104 830 1107 842 ·
1131 832 1218 858 teros
1243 826 1321 867 (XI.
1346 827 1377 865 1)
1403 826 1474 857 sinc
1498 826 1600 857 literis
1624 826 1665 856 ab
1688 824 1804 857 Attico
1828 824 1966 856 veniret.

825 960 922 1001 XV.

988 960 1054 1012 (A.
1097 958 1142 999 U.
1182 959 1223 998 C.
1264 958 1381 1009 705.)

291 1101 329 1140 1.
366 1098 502 1150 Quum
536 1098 735 1139 dedissem
769 1096 818 1137 ad
863 1102 902 1137 te
934 1096 1084 1146 literas,
1119 1101 1165 1136 ut
1198 1096 1320 1136 scires
1353 1095 1564 1136 Caesarem
1598 1094 1759 1150 Capuae
1788 1107 1868 1136 VII.
1902 1094 1996 1136 Kal.

224 1173 320 1223 fore,
355 1171 496 1212 allatae
531 1171 627 1212 mihi
661 1172 801 1226 Capua
835 1175 929 1211 sunt
961 1185 1049 1210 011111
1086 1169 1161 1210 1100
1208 1169 1350 1210 nuntio
1383 1183 1474 1209 eum
1507 1168 1549 1209 in
1585 1166 1744 1208 Albano
1777 1167 1884 1223 apud
1917 1167 1996 1209 Cu-

225 1248 377 1288 rionem
409 1259 449 1286 V.
485 1245 578 1287 Kal.
616 1245 712 1286 fore.
747 1245 850 1286 Eum
875 1258 998 1298 quum
1025 1243 1173 1294 videro,
1201 1243 1399 1298 Arpinum
1425 1256 1601 1298 pergam.
1635 1242 1676 1282 Si
1701 1241 1798 1282 mihi
1823 1241 1992 1293 veniam,
2045 1272 2049 1273 γ

194 1335 343 1375 5qua1n
378 1324 484 1374 peto,
519 1319 688 1369 dederit,
725 1324 813 1359 utar
846 1317 954 1358 illius
988 1318 1246 1368 conditione3
1286 1317 1317 1357 si
1354 1317 1500 1367 minus,
1535 1314 1756 1371 impetrabo
1790 1314 1943 1370 aliquid
1975 1330 1998 1356 a

226 1407 286 1433 mc
320 1393 420 1446 ipso.
473 1391 561 1442 ]]lc,
612 1391 660 1433 ad
695 1407 757 1432 me
791 1397 837 1432 ut
871 1393 1044 1447 scripsit,
1077 1391 1254 1446 legiones
1289 1390 1466 1445 singulas
1501 1389 1635 1445 posuit
1667 1388 1888 1440 Brundisii,
1922 1389 1996 1430 Ta-

225 1466 344 1514 renti,
386 1466 558 1520 Siponti.

615 1464 810 1505 Claudere
854 1465 952 1506 mihi
1000 1464 1156 1505 videtur
1210 1465 1428 1505 maritimos
1474 1464 1619 1513 exitus,
1662 1467 1702 1503 et
1743 1466 1879 1503 tamen
1912 1463 1996 1518 ipse

226 1538 432 1579 Graeciam
468 1541 645 1593 spectare
679 1537 813 1592 potius
846 1551 963 1592 quam
1000 1537 1233 1591 Hispanias.
1268 1535 1345 1577 Sed
1369 1535 1467 1577 haec
1489 1535 1650 1590 longius
1673 1533 1835 1576 absunt.
1862 1537 1903 1576 2.
1929 1534 1998 1577 Me

227 1626 334 1653 nunc
378 1615 418 1651 61
466 1623 702 1663 congressus
747 1608 868 1650 huius
907 1609 1089 1650 stimulat
1138 1634 1194 1638 ———
1228 1610 1261 1650 is
1295 1624 1387 1649 vero
1422 1607 1535 1649 adest
1570 1633 1627 1638 —
1662 1612 1702 1649 et
1731 1608 1878 1664 primas
1910 1608 1998 1650 eius

176 1709 210 1735 10
227 1687 404 1727 actiones
447 1683 602 1725 horreo.
656 1682 774 1724 Volet
818 1683 938 1734 6111111,
982 1682 1114 1733 credo,
1162 1684 1203 1724 S.
1237 1682 1284 1724 C.
1318 1681 1461 1733 facere,
1495 1681 1601 1723 volet
1634 1696 1829 1737 augurum
1864 1680 1999 1723 decre-

227 1763 313 1799 tum
349 1783 406 1788 —
440 1758 641 1812 rapiemur
674 1760 745 1797 aut
777 1755 962 1797 absentes
996 1754 1229 1797 vexabimur
1264 1780 1320 1785 —
1347 1755 1409 1796 vel
1432 1760 1477 1796 ut
1500 1754 1682 1796 consules
1705 1759 1820 1809 roget
1842 1759 2000 1811 praetor

231 1830 292 1871 vel
326 1830 560 1872 dictatorem
593 1828 715 1879 dicat,
750 1843 919 1883 quorum
953 1834 1140 1870 neutrum
1173 1829 1235 1870 ius
1269 1833 1344 1869 est.
1379 1828 1433 1870 Et
1466 1829 1498 1869 si
1534 1828 1644 1870 Sulla
1681 1828 1810 1884 potuit
1845 1828 1998 1870 efficere

231 1903 281 1945 ab
327 1905 523 1958 interrege
574 1907 617 1943 ut
663 1902 834 1944 dictator
878 1901 1091 1951 diceretur,
1137 1916 1207 1943 cur
1251 1901 1317 1943 liic
1350 1916 1430 1943 non
1465 1902 1616 1956 possit?
1666 1901 1781 1943 Nihil
1814 1901 1998 1958 expedio,

274 2081 293 2111 3
319 2080 425 2120 Capua
439 2081 512 2110 sunt
525 2079 655 2110 litterae
668 2089 736 2110 eum
749 2097 789 2102 —
805 2080 822 2109 5
836 2078 884 2110 sin
898 2078 999 2110 minus
1017 2097 1057 2102 --
1072 2079 1111 2110 10
1123 2079 1297 2110 decretam:
1321 2079 1479 2119 rapiemur
1501 2080 1557 2109 aut
1581 2077 1726 2109 absentes
1748 2078 1946 2115 vexabimam
1960 2096 2000 2101 —

234 2133 274 2164 12
295 2133 362 2165 Sed
382 2133 410 2163 εἰ
434 2132 591 2173 (Correxi
612 2142 630 2164 e
652 2133 756 2172 Med.)
780 2151 820 2155 —

276 2291 295 2331 ξ
318 2291 347 2322 1.
369 2290 501 2321 Allatae
523 2289 599 2320 mihi
623 2289 729 2330 Capua
750 2292 824 2320 sunt
845 2299 912 2320 cum
935 2288 992 2320 hoe
1012 2299 1094 2320 nun-

233 2345 278 2375 tio
299 2354 367 2376 eam
388 2344 424 2375 in
446 2343 516 2374 Alb.
544 2362 584 2366 —
597 2343 688 2383 fore.
710 2343 761 2374 Ita
783 2342 897 2383 scripsi
920 2352 963 2374 ex
986 2351 1094 2374 emen-

232 2398 366 2429 datione
389 2407 471 2429 mea.
494 2397 522 2428 E
545 2397 639 2428 codd.
663 2397 752 2428 Med.
776 2396 921 2435 Oxonn„
942 2396 1092 2428 affertur:

232 2451 357 2482 allatae
380 2450 455 2481 mila·
489 2449 613 2491 Capuae
634 2452 707 2480 sunt
731 2452 761 2480 et
783 2449 841 2481 hoc
862 2450 938 2481 mila·
961 2452 990 2480 et
1014 2451 1094 2489 (om.

234 2505 268 2536 in
291 2505 387 2546 Hisp.
412 2513 454 2535 ex
477 2499 669 2541 collatione,
685 2513 753 2544 qua
775 2504 864 2545 utor)
878 2503 912 2533 ia
923 2503 1096 2534 Albano-

224 2559 315 2600 fore.
338 2558 437 2597 Quod
459 2557 573 2598 scripsi
595 2567 661 2588 evm
685 2558 743 2588 7100
758 2557 870 2588 nuntio
883 2557 1022 2588 dubium
1037 2563 1094 2594 est,

233 2613 290 2644 sed
322 2612 433 2643 minus
461 2621 481 2642 a
509 2610 669 2651 scriptura
700 2611 795 2641 codd.
825 2611 958 2648 recedit,
995 2620 1093 2651 quam

233 2665 320 2705 quod
342 2664 445 2704 vulgo
468 2673 544 2695 eum
573 2663 682 2694 locum
711 2669 847 2704 occupat
874 2663 1000 2700 literae,
1029 2673 1092 2703 qua

234 2727 313 2749 voce
334 2717 439 2749 otiosa
461 2715 656 2748 Ciceronem
678 2726 774 2747 usum
794 2725 864 2748 esse
881 2726 1038 2757 pernego.

282 2770 409 2802 Veniam
430 2781 521 2812 quam
541 2772 626 2810 peto,
649 2776 687 2801 ut
714 2762 842 2801 medius
863 2770 936 2808 sim,
959 2780 1020 2802 nec
1042 2771 1095 2801 ad-

234 2825 307 2862 sim,
330 2825 462 2866 quando
485 2824 518 2855 in
542 2828 660 2855 senatu
682 2824 722 2855 de
744 2824 905 2865 Pompeio
927 2829 1052 2865 agetur.

276 2877 452 2919 Impetrabo
481 2876 604 2918 aliquid
633 2888 654 2907 a
684 2887 730 2908 me
758 2877 826 2918 ipso
856 2887 890 2908 o:
920 2883 993 2909 utar
1019 2887 1094 2909 meo

235 2931 386 2969 consilio,
409 2931 450 2961 ad
472 2929 669 2970 Pompeium
694 2940 747 2962 me
769 2930 936 2962 conferam
965 2937 998 2963 et
1019 2931 1094 2962 illas

236 2989 343 3025 partes
365 2983 476 3025 palam
497 2992 622 3024 sequar.

276 3038 339 3069 Sed
361 3038 440 3069 haec
468 3037 594 3079 lonqius
621 3036 734 3067 absunt
756 3047 790 3069 o:
824 3037 890 3070 Sed
920 3048 986 3069 non
1015 3048 1095 3079 opus

237 3097 286 3123 est
307 3100 397 3122 nunc
418 3100 466 3128 ea,
500 3099 583 3131 quae
606 3088 727 3121 Caesar
748 3096 861 3130 postea
883 3095 1014 3121 acturus
1036 3096 1094 3128 est,

238 3143 412 3184 explicare.

1183 2291 1202 2331 ξ
1225 2291 1254 2321 2.
1277 2290 1445 2331 Rapiemar
1466 2293 1522 2321 aut
1544 2290 1688 2321 absentes
1708 2290 1898 2321 versabimur.
1919 2290 2001 2323 Arc-

1143 2343 1267 2375 tissime
1280 2344 1366 2375 inter
1388 2353 1422 2375 se
1443 2344 1637 2376 cohaerent:
1669 2342 1756 2375 Volet
1772 2361 1813 2366 —
1833 2342 2001 2380 decretum,

1141 2396 1192 2427 vel
1213 2399 1247 2427 at
1270 2397 1413 2428 eonsules
1434 2400 1521 2439 νομεῖ
1538 2398 1671 2437 praetor
1691 2397 1740 2428 vel
1757 2396 1942 2428 dictatorem
1956 2395 2002 2427 di-

1142 2452 1204 2481 cat.
1227 2450 1294 2482 Sed
1316 2457 1447 2492 propter
1469 2462 1621 2492 aayuram
1643 2450 1847 2483 mentionem
1881 2449 2002 2482 factam

1144 2506 1260 2539 Cicero
1284 2508 1352 2549 ipse
1375 2518 1482 2549 augur
1502 2508 1699 2549 interposuit
1719 2508 1816 2539 haec:
1845 2506 2002 2548 (Romam)
2060 2543 2062 2546 ¹

1143 2562 1302 2603 rapiemur
1338 2565 1394 2594 aut
1428 2563 1570 2594 absentes
1606 2562 1784 2594 vexabimur
1811 2573 1845 2595 a:
1879 2563 2003 2595 invitus

1144 2615 1256 2646 trahar
1278 2615 1312 2646 in
1335 2616 1452 2647 urbem
1474 2621 1530 2647 aut
1551 2616 1578 2647 si
1598 2615 1666 2647 ruri
1684 2616 1826 2647 manebo
1840 2615 2003 2657 fatigabor

1145 2669 1281 2707 nuntiis,
1302 2675 1340 2701 ut
1361 2670 1560 2701 sententiam
1575 2679 1683 2701 meam
1695 2670 1848 2701 scribam.
1869 2670 2001 2701 Nomen

1145 2723 1219 2763 loci,
1242 2734 1308 2765 quo
1328 2733 1363 2756 56
1385 2730 1514 2765 raptum
1536 2725 1577 2756 iri
1599 2730 1701 2766 putat,
1731 2725 1789 2756 vix
1811 2725 1925 2757 abesse
1946 2735 2001 2767 po-
2061 2711 2062 2722 ¹

1146 2781 1218 2808 test.
2061 2767 2062 2771 Ἰ

1191 2829 1229 2860 Ut
1251 2828 1389 2861 dictator
1410 2830 1580 2862 diceretur.
1603 2830 1703 2869 Quod
1721 2831 1851 2863 additur
1861 2831 1897 2862 in
1911 2831 2002 2863 Med.

1146 2884 1177 2913 et
1201 2883 1352 2924 mayister
1374 2884 1509 2925 equitum
1531 2884 1625 2915 nulla
1645 2885 1774 2916 ratione
1795 2884 1928 2916 defendi
1950 2895 2004 2926 po·
2060 2882 2062 2898 ²

1143 2939 1218 2973 test,
1251 2939 1403 2976 recteque
1438 2936 1472 2966 in
1507 2937 1601 2967 codd.
1629 2937 1835 2978 Malaspinae
1865 2937 2004 2979 aliisque

1145 2988 1318 3019 omittitur.
1340 2989 1380 3020 L.
1403 2995 1514 3021 autem
1535 2989 1666 3021 Sullam
1677 2991 1726 3021 M.
1742 2991 1896 3022 Valerius
1911 2991 2004 3022 Flac·

1145 3050 1203 3071 cus
1225 3040 1373 3073 interrex
1395 3042 1589 3074 dictatorem
1611 3043 1706 3081 dixit,
1729 3047 1761 3074 et
1781 3044 1871 3084 quod
1888 3043 2004 3076 Cicero

1145 3095 1358 3135 praevidebat
1379 3095 1457 3134 fore,
1482 3095 1520 3128 C.
1533 3097 1640 3128 Iulius
1654 3096 1774 3129 Caesar
1787 3107 1808 3128 a
1825 3098 1875 3129 M.
1892 3098 2004 3129 Aemi·
2044 3092 2062 3118 ⁷²

1148 3148 1194 3178 lio
1217 3148 1344 3188 Lepido
1366 3155 1515 3188 praetore
1537 3151 1678 3181 dictator
1699 3151 1806 3181 dictus
1830 3156 1886 3182 est.
