2062 3565
677 169 784 211 LIB.
819 168 943 211 XIII.
979 169 1062 211 ΕΡ.
1099 171 1171 210 38.
1210 171 1282 210 34.
1773 170 1859 210 249

96 302 229 344 derem
262 302 466 358 penulam.
514 304 685 346 Memini
719 305 826 346 enim
860 311 996 345 tuum:
1048 309 1130 353 „et
1162 305 1320 346 multi
1354 310 1510 346 erant
1542 319 1744 360 nosque
1782 305 1863 346 im-

97 374 322 433 parati.”
355 374 468 422 Quid
502 378 651 419 refert?
685 378 827 419 Paullo
860 382 951 433 post
983 378 1030 418 C.
1064 377 1206 434 Capito
1240 393 1330 420 cum
1363 379 1410 420 T.
1444 379 1666 421 Carrinate.
1707 379 1863 420 Ilorum

98 464 171 506 ego
215 450 282 491 vix
327 450 444 505 attigi
491 452 698 506 penulam3
749 458 882 494 tamen
928 457 1217 503 remanserunt,
1266 452 1490 508 ceciditque
1536 452 1652 495 belle.
1702 451 1865 495 Scilicet

99 539 193 566 casu
225 538 353 565 sermo
386 539 408 565 a
441 523 636 580 Capitone
679 525 727 567 de
761 525 860 567 urbe
893 526 1090 581 augenda.
1139 528 1178 568 A
1211 532 1331 582 ponte
1366 527 1524 569 Mulvio
1557 526 1735 568 Tiberim
1769 525 1864 568 duci

100 595 321 652 secundum
368 603 525 639 montes
570 598 802 650 vaticanos,
838 614 1022 655 campum
1059 600 1252 641 Martium
1286 600 1550 651 coaedificari,
1584 599 1699 641 illum
1732 603 1864 641 autem

99 657 283 726 campum
320 671 561 712 Vaticanum
595 673 679 714 fieri
714 674 827 728 quasi
862 674 1055 715 Martium
1089 689 1288 730 campum.
1324 675 1434 727 Quid
1469 675 1552 717 ais?
1585 676 1765 731 inquam.
1812 677 1866 718 At

99 758 172 799 ego
205 743 255 785 ad
288 743 481 795 tabulam,
514 750 573 797 ut,
609 746 642 787 si
675 751 780 788 reete
825 762 995 802 possem,
1042 748 1287 803 Scapulanos
1321 749 1471 790 hortos.
1521 777 1540 800 u
1557 748 1662 791 Cave
1696 748 1865 799 facias'’‚

100 817 257 873 inquit;
309 846 328 869 ,Ι
344 833 434 860 nam
469 820 547 861 ista
579 820 642 862 lex
677 820 910 876 perferetur.
955 822 1054 864 Vult
1086 823 1194 864 enim
1227 823 1419 865 Caesar.’'
1466 822 1620 865 Audire
1654 838 1715 864 me
1749 822 1864 864 facile

100 906 239 948 passus
273 906 374 943 sum,
411 893 494 935 fieri
527 899 661 936 autem
695 894 859 936 moleste
894 895 989 937 fero.
1024 895 1102 937 Sed
1134 900 1181 937 tu
1213 895 1312 952 quid
1347 896 1434 938 ais?
1479 896 1735 952 Quamquam
1767 895 1867 952 quid

101 966 272 1020 quaero}>
320 966 440 1008 Nosti
487 966 739 1023 diligentiam
783 968 991 1025 Capitonis
1035 969 1078 1010 in
1123 968 1243 1011 rebus
1286 970 1400 1011 novis
1449 969 1740 1026 perquirendis,
1785 986 1867 1012 non

101 1039 286 1082 concedit
329 1040 511 1082 Camillo.
559 1042 697 1083 Facies
740 1058 802 1084 me
846 1043 971 1098 igitur
1016 1043 1223 1085 certiorem
1258 1043 1307 1085 de
1341 1043 1498 1086 Idibus.
1548 1044 1634 1086 Ista
1666 1043 1773 1085 enim
1807 1059 1869 1085 me

103 1129 163 1156 res
207 1114 447 1157 adducebat.
499 1115 558 1157 Eo
609 1116 870 1158 adiunxeram
915 1120 1081 1168 ceteras,
1116 1132 1215 1172 quas
1248 1118 1439 1173 consequi
1473 1123 1609 1159 tamen
1641 1116 1767 1160 biduo
1800 1123 1871 1160 aut

102 1187 236 1232 triduo
279 1194 371 1246 post
413 1189 527 1232 facile
570 1194 724 1246 potero.
773 1191 828 1232 Te
878 1195 1013 1232 tamen
1053 1190 1096 1232 in
1140 1191 1205 1232 via
1237 1191 1380 1232 confici
1426 1191 1591 1233 minime
1624 1191 1738 1243 volo;
1773 1192 1870 1247 quin

103 1263 223 1306 etiam
267 1262 461 1319 Dionysio
506 1263 685 1319 ignosco.
735 1266 775 1305 5.
823 1264 883 1305 De
928 1263 1056 1305 Bruto
1101 1263 1207 1319 quod
1253 1263 1408 1317 scribis,
1443 1264 1519 1307 feci
1552 1270 1599 1307 ut
1632 1266 1669 1307 ei
1700 1264 1871 1308 liberum

103 1340 220 1387 esset,
265 1336 373 1392 quod
418 1336 469 1378 ad
502 1353 565 1379 me
600 1338 803 1380 attineret.
839 1337 989 1393 Scripsi
1023 1337 1131 1380 enim
1165 1338 1214 1380 ad
1249 1353 1340 1380 eum
1374 1338 1460 1380 heri
1493 1338 1600 1381 Idib.
1635 1340 1720 1382 eius
1754 1355 1873 1396 opera

103 1409 204 1453 mihi
236 1409 339 1453 nihil
371 1426 471 1467 opus
504 1427 602 1455 esse.

107 1738 175 1778 tu1·;
199 1741 256 1782 qui
279 1740 378 1772 facile
400 1740 567 1772 discedere
590 1741 768 1781 patiuntur,
793 1749 860 1771 non
874 1739 968 1771 attin-
992 1756 993 1759 =
1057 1737 1178 1769 Audire
1200 1748 1246 1769 me
1259 1738 1369 1779 facile
1383 1748 1502 1780 passus
1520 1749 1586 1770 sum
1603 1749 1637 1770 a:
1660 1738 1810 1770 continui
1823 1747 1875 1770 me

107 1801 202 1837 gunt.
992 1785 994 1834 ζ
1017 1803 1036 1823 a
1058 1792 1314 1834 reprehensione
1337 1802 1464 1831 eorum,
1486 1802 1570 1834 quae
1592 1792 1778 1824 audiebam.

154 1848 241 1885 Quid
263 1848 390 1890 refert?
423 1848 501 1880 Non
533 1848 617 1880 bene
645 1848 788 1880 reddidit
819 1847 968 1880 Wielan-
992 1837 995 1893 ἰ
1061 1846 1174 1878 Facies
1197 1857 1244 1878 me
1265 1846 1428 1879 certiorem
1451 1847 1490 1879 de
1512 1847 1632 1878 Idibus.
1672 1847 1787 1879 Idibus
1818 1847 1875 1878 Iu-

107 1903 184 1934 dus:
224 1901 294 1932 Was
317 1902 394 1943 lieyt
425 1912 474 1932 am
504 1900 593 1932 Ende
620 1900 754 1932 daran?
784 1901 893 1932 Immo
923 1900 970 1932 sic

108 1958 231 1989 indicat
252 1958 381 1988 nullam
403 1966 437 1988 se
461 1966 505 1988 ex
518 1956 604 1988 facto
630 1966 690 1987 suo
706 1955 886 1988 utilitatem
902 1965 971 1997 per-

108 2011 252 2052 cepisse3
282 2021 360 2042 nam
382 2011 542 2042 mansisse
564 2015 674 2041 tamen
698 2009 895 2047 Varronem,
920 2019 972 2040 ve-

109 2066 197 2097 nisse
226 2066 306 2097 item
334 2065 425 2096 alios.
468 2064 691 2096 Locutionem
718 2064 898 2095 illustravit.
925 2063 972 2094 N.

109 2118 270 2150 Heinsius
292 2119 334 2150 ad
355 2117 452 2150 Ovid.
477 2117 559 2149 Her.
577 2117 639 2148 VI.
654 2116 726 2154 137,
744 2126 843 2158 quem
860 2116 972 2148 laudat

110 2176 210 2208 Drak.
234 2177 276 2208 ad
297 2176 371 2207 Liv‚
395 2175 458 2206 IV.
482 2175 532 2212 49,
558 2174 606 2205 16.

155 2230 188 2262 C.
229 2230 342 2271 Capito
377 2230 465 2262 idem
500 2229 638 2266 videtur,
681 2229 739 2270 qui
772 2228 814 2259 L.
846 2227 972 2259 Planco

111 2284 362 2315 commendatur
383 2282 476 2314 Fam.
501 2282 603 2314 XIII.
627 2282 678 2313 29.

153 2339 279 2371 Scilicet
300 2348 386 2371 casu.
417 2339 513 2370 Libri
534 2339 652 2370 vitiose
674 2338 732 2369 sed
754 2348 840 2370 casu.
884 2339 972 2370 Nam

112 2394 273 2436 particula
294 2393 501 2425 adversativa
528 2403 596 2424 non
625 2397 699 2434 apta
733 2397 791 2424 est.
828 2391 975 2424 Confusa

112 2451 190 2479 sunt
210 2446 269 2477 sed
289 2446 352 2487 (ες)
375 2451 409 2478 et
439 2455 482 2476 sc.
527 2444 682 2477 Correxit
711 2445 973 2487 Wesenbergius

112 2501 252 2533 Emend.
274 2510 305 2542 p.
328 2500 378 2531 98.

154 2553 204 2585 De
225 2553 300 2584 urbe
328 2552 484 2592 auqenda.
509 2551 560 2583 Cf.
590 2561 640 2593 ep.
671 2552 721 2589 20,
752 2553 767 2582 1
799 2557 831 2583 et
860 2553 909 2589 35,
946 2551 973 2582 1.

114 2606 299 2638 Consilium
322 2610 432 2637 tamen
455 2605 614 2636 omissum
632 2604 686 2636 vel
704 2603 853 2636 Caesaris
869 2610 975 2636 morte

114 2659 336 2700 interruptum
348 2662 406 2690 est.
429 2657 479 2690 Cf.
504 2657 642 2694 Becker,
673 2656 799 2687 Handb
835 2657 866 2687 d.
890 2657 973 2687 rom.

114 2713 233 2753 Antiq.
254 2712 333 2743 Vol.
355 2712 383 2743 1.
406 2722 437 2752 p.
461 2710 532 2741 103.

156 2766 251 2798 Illum
284 2768 387 2798 autem
423 2775 561 2806 campum
609 2763 804 2795 Vaticanum.
848 2764 977 2795 Iniuria

115 2821 260 2855 Orellius
281 2822 317 2853 in
341 2821 418 2853 edit.
441 2831 489 2862 pr.
515 2820 550 2851 in
573 2819 625 2850 his
646 2819 756 2850 verbis
778 2819 897 2851 haesit.
927 2819 973 2850 Il-

115 2878 177 2908 lum
206 2886 344 2918 eampum
377 2875 447 2906 Vat.
482 2875 562 2906 dicit
598 2873 751 2915 spatium,
779 2874 869 2915 quod
897 2879 977 2906 tunc

116 2934 184 2962 erat
206 2930 293 2961 inter
321 2929 470 2960 Tiberim
493 2933 526 2959 et
548 2931 677 2958 montes
700 2927 891 2958 Vaticanos.

161 2984 214 3015 Aa
233 2983 369 3015 tabulam
393 2993 449 3024 np.
471 2981 631 3013 auctionis
646 2981 798 3013 accedere
809 2981 972 3012 volebam.

157 3037 230 3070 Ista
250 3038 303 3069 lex
319 3037 514 3078 perferetur.
535 3035 628 3076 Lege
649 3045 732 3076 opus
753 3040 831 3074 erat,
854 3035 881 3067 si
899 3034 972 3075 quis

118 3092 276 3135 pomoerii
297 3092 379 3124 fines
402 3090 546 3132 proferre
566 3085 679 3122 'vellet
717 3088 839 3121 Caesar
861 3094 971 3120 autem

119 3146 249 3178 volebat
266 3145 367 3182 urbis,
390 3149 428 3176 ut
448 3144 579 3186 imperii
600 3145 683 3177 fines
699 3144 888 3187 protulerat,
902 3153 972 3176 am-

121 3200 225 3232 bitum
247 3209 376 3242 augere.

1018 1901 1083 1932 niis
1105 1901 1247 1933 Romam
1269 1901 1384 1933 venire
1406 1902 1632 1939 constituerat,
1663 1906 1698 1932 ut
1732 1900 1878 1932 auctioni

1017 1955 1190 1986 hortorum
1231 1954 1496 1996 Scapulanorum
1539 1955 1714 1987 interesset
1749 1959 1781 1986 et
1813 1954 1878 1986 alia

1018 2010 1179 2050 quaedam
1202 2009 1335 2050 negotia
1356 2010 1542 2041 conficeret.
1566 2008 1603 2041 Si
1618 2009 1661 2040 ob
1675 2009 1785 2050 legem
1800 2007 1878 2040 Cae-

1019 2063 1100 2095 saris
1123 2064 1368 2105 promulgatam
1392 2064 1500 2095 auctio
1530 2064 1590 2095 illa
1623 2073 1690 2095 non
1723 2064 1878 2105 procede—

1019 2124 1078 2157 ret,
1102 2119 1232 2150 nullam
1255 2119 1318 2150 sibi
1348 2128 1418 2151 esse
1452 2118 1567 2150 scribit
1595 2118 1772 2150 festinandi
1805 2128 1879 2150 cau-

1019 2183 1097 2204 sam.
1134 2172 1201 2204 Sed
1223 2172 1382 2214 quoniam
1404 2172 1537 2204 Atticus
1560 2172 1667 2213 ipsum
1689 2172 1801 2203 videre
1823 2181 1878 2203 cu-

1019 2227 1131 2268 piebat
1152 2226 1234 2265 (vid.
1258 2227 1276 2266 §⁴
1299 2226 1344 2264 2),
1376 2226 1440 2257 hoc
1472 2226 1518 2257 ita
1546 2225 1610 2257 sibi
1642 2230 1774 2266 gratum
1810 2225 1879 2258 fore

1019 2280 1144 2318 scribit,
1167 2285 1204 2311 ut
1225 2289 1302 2312 eum
1324 2279 1359 2311 in
1381 2279 1435 2311 via
1458 2285 1550 2312 aestu
1573 2279 1683 2321 confici
1705 2279 1800 2318 nolit,
1823 2280 1879 2311 ad-

1019 2336 1135 2376 ditque
1156 2345 1191 2367 se
1213 2335 1376 2377 Dionysio
1399 2336 1499 2367 etiam
1529 2336 1711 2376 ignoscere,
1751 2335 1779 2366 si
1811 2345 1879 2367 non

1019 2389 1139 2422 veniat.
1174 2390 1214 2421 In
1238 2390 1366 2421 ultimis
1388 2390 1498 2422 verbis
1522 2390 1635 2422 lenem
1663 2390 1805 2422 ironiam
1830 2390 1879 2422 in·

1016 2455 1087 2478 esse
1109 2446 1268 2487 suspicor.

1059 2499 1078 2538 §
1102 2499 1131 2529 5.
1154 2498 1203 2530 De
1225 2498 1340 2529 Bruto.
1366 2498 1469 2530 Hunc
1491 2499 1658 2531 nominari
1680 2502 1814 2541 apparet
1836 2508 1879 2530 ex

1018 2562 1068 2594 ep.
1090 2554 1120 2590 4,
1145 2553 1174 2584 2.
1203 2554 1232 2591 5,
1256 2553 1285 2584 2.
1307 2553 1337 2590 7,
1361 2553 1391 2584 2.
1415 2553 1497 2585 Mss.
1520 2554 1608 2585 Ball.
1630 2553 1775 2585 Helmst.
1797 2552 1879 2584 mire

1017 2606 1098 2637 dant
1119 2605 1157 2636 de
1186 2605 1306 2643 Hirtio,
1339 2606 1430 2646 peius
1464 2607 1563 2638 etiam
1595 2607 1666 2638 cod.
1689 2606 1802 2647 Hisp.:
1841 2604 1880 2635 de

1019 2662 1126 2704 Izynto.

1891 982 1926 1008 10

1893 1357 1927 1382 15
