2062 3565
685 154 793 197 LIB.
827 155 926 198 ΧΠ.
962 154 1045 197 ΕΡ.
1085 158 1281 197 38-40,
1774 156 1857 194 203

92 291 222 338 mitto,
255 291 334 332 nisi
375 290 472 345 quid
522 305 682 332 necesse
715 292 805 342 erit,
840 306 1000 332 necesse
1034 306 1083 332 ne
1121 290 1266 332 habeas
1300 290 1488 341 scribere,
1524 290 1601 332 nisi
1635 290 1711 331 eris
1747 289 1859 330 valde

91 365 255 407 otiosus.
301 366 343 405 2.
392 363 453 405 De
496 363 714 406 tabellariis
763 365 933 407 facerem
967 364 1074 421 quod
1109 365 1267 416 suades,
1303 365 1338 406 si
1371 369 1506 406 essent
1539 364 1645 406 ullae
1679 377 1859 405 necessa-

91 439 171 481 riae
213 437 366 488 literae,
415 441 463 479 ut
505 442 619 479 erant
667 439 776 490 olim,
825 454 949 494 quum
1001 437 1251 481 brevioribus
1301 438 1446 481 diebus
1496 443 1630 480 tamen
1681 436 1861 492 quotidie

90 509 385 568 respondebant
425 511 598 568 tempori
645 511 897 568 [tabellarii]‚
949 517 989 554 et
1038 517 1122 554 erat
1164 513 1332 569 aliquid,
1379 512 1517 563 Silius,
1564 512 1735 562 Drusus,
1785 510 1862 552 alia

88 654 221 714 ips'um
270 656 440 699 dilatum
490 662 574 710 est3
620 663 755 700 tamen
795 659 970 710 adlevor,
1020 674 1142 714 quum
1187 661 1330 716 loquor
1374 664 1507 702 tecum
1543 659 1701 710 absens,
1736 657 1863 700 multo

89 731 211 773 etiam
242 732 386 787 magis,
419 747 547 788 quum
579 737 672 774 tuas
704 733 841 774 literas
875 733 978 787 lego.
1033 734 1110 775 Sed
1146 734 1335 789 quoniam
1370 741 1410 776 et
1443 733 1536 776 abes
1573 758 1628 764 -—
1665 733 1722 774 sic
1756 731 1861 773 enim

89 805 260 848 arbitror
305 829 378 856 —-‚
419 811 460 848 et
506 806 708 850 scribendi
748 807 965 849 necessitas
1010 808 1122 850 nulla
1167 813 1242 859 est,
1277 809 1566 864 conquiescent
1598 808 1750 858 literae,
1786 807 1862 848 nisi

90 878 189 935 quid
222 879 317 922 novi
349 880 564 922 exstiterit.

131 1046 152 1076 4
173 1043 338 1076 tabellarii
360 1045 433 1077 sine
456 1046 643 1087 suspicione
666 1046 931 1088 interpolationis
956 1065 995 1069 —-
1018 1049 1035 1078 5
1060 1047 1138 1088 qaid
1157 1048 1360 1080 scriberemus
1387 1068 1426 1072 —

88 1191 131 1223 Sit
164 1191 302 1224 nimium·
342 1191 370 1224 Ρ
372 1202 408 1224 ¹¹0
430 1192 494 1224 θίίθ
517 1193 670 1224 revocavi
692 1201 710 1223 θ
732 1193 820 1225 Med·
843 1193 951 1231 olium,
1002 1200 1105 1230 terem
1120 1204 1236 1235 certos,
1256 1208 1322 1228 non
1335 1202 1510 1228 contentus
1527 1205 1632 1228 essem
1645 1195 1728 1227 forte
1738 1194 1866 1225 oblatis.

89 1252 162 1288 post
183 1257 285 1289 quam
307 1257 422 1280 vocem
446 1248 541 1281 facile
563 1250 649 1279 tuum
665 1248 832 1280 alibrario
847 1249 954 1281 omitti
1041 1252 1282 1294 Respondebam
1319 1251 1449 1292 tempori
1480 1261 1514 1282 o:
1544 1258 1691 1292 tempore
1719 1250 1867 1281 aderant.

88 1304 202 1346 potuit.
1000 1308 1133 1338 Nomen
1156 1305 1318 1337 tabellarii
1345 1305 1386 1335 ab
1409 1305 1584 1344 interprete
1607 1303 1755 1334 additum
1777 1306 1867 1343 puto.

130 1359 274 1391 Remitto.
312 1360 402 1393 Male
439 1361 648 1401 Mongaltius
686 1367 717 1393 et
755 1361 954 1393 Wielandus
1047 1359 1139 1401 Quod
1157 1359 1362 1390 scriberemus
1387 1368 1447 1388 non
1463 1358 1543 1387 erat.
1564 1355 1679 1396 Vulgo
1692 1354 1776 1397 quid.
1791 1353 1867 1385 Cor-

88 1413 244 1455 supplent
272 1413 482 1445 tabellarium.
519 1414 672 1446 Pendent
702 1414 744 1446 ab
765 1415 828 1446 hoc
853 1415 954 1446 verbo
1002 1415 1090 1448 rexit
1118 1414 1175 1456 qui
1198 1413 1303 1445 multa
1331 1412 1430 1444 huius
1454 1410 1584 1452 generis
1606 1409 1867 1451 Wesenbergius

88 1475 214 1498 necesse
233 1476 274 1498 ne
294 1466 412 1498 habeas
433 1466 580 1506 scribere,
608 1468 709 1510 idque
731 1468 852 1500 dicitur
873 1479 952 1510 pro:
999 1480 1036 1511 p.
1059 1470 1110 1500 55.

89 1521 319 1553 necessitatem
340 1521 505 1553 scribendi
537 1522 598 1553 tibi
620 1523 782 1560 condono,
805 1524 953 1555 concedo
1043 1522 1085 1553 Id
1105 1522 1204 1563 ipsum
1227 1520 1361 1552 dilatum
1391 1522 1437 1550 est
1460 1529 1509 1556 eo,
1541 1519 1631 1560 quod
1653 1517 1797 1554 Atticus,
1812 1517 1869 1557 qui

90 1578 130 1605 111
149 1573 235 1605 nihil
257 1573 391 1606 scribas.
999 1582 1068 1608 111111
1097 1580 1168 1608 erat
1195 1576 1231 1606 in
1264 1573 1454 1605 suburbano
1484 1574 1546 1613 (ep.
1575 1572 1625 1609 38,
1651 1571 1665 1602 1
1695 1576 1727 1602 et
1750 1570 1800 1607 40,
1824 1570 1868 1609 4),

131 1629 151 1669 ξ
173 1629 203 1662 2.
225 1623 276 1662 De'
285 1629 464 1663 tabellariis
463 1630 607 1673 facerem
616 1632 820 1674 quoda-uades
833 1642 864 1664 o:
879 1632 952 1664 mit·
973 1600 978 1658 l
998 1630 1167 1664 Othonem
1188 1627 1367 1660 convenire
1391 1636 1458 1658 non
1484 1631 1620 1667 poterat.

707 1740 795 1782 XL.
861 1740 927 1793 (A.
969 1739 1014 1780 U.
1054 1739 1096 1778 C.
1135 1737 1254 1791 709.)

156 1856 196 1895 1.
239 1853 384 1901 Qualis
431 1854 568 1896 futura
608 1857 661 1897 sit
701 1855 883 1897 Caesaris
926 1852 1172 1911 vituperatio
1216 1857 1356 1893 contra
1398 1849 1673 1892 laudationem
1723 1862 1867 1897 meam,

90 1926 272 1982 perspexi
315 1941 363 1968 ex
413 1942 458 1982 eo
499 1927 616 1978 libro,
660 1943 778 1984 quem
822 1927 986 1969 Hirtius
1029 1926 1079 1969 ad
1123 1940 1186 1966 me
1232 1923 1357 1975 misit,
1391 1924 1435 1965 in
1468 1937 1550 1977 quo
1583 1921 1739 1977 colligit
1771 1921 1869 1962 vitia

91 1999 270 2052 Catonis,
316 2000 386 2042 sed
430 2016 522 2043 cum
564 2001 751 2044 maximis
794 1999 985 2049 laudibus
1027 1999 1140 2042 meis.
1190 1998 1337 2054 Itaque
1382 1996 1475 2038 misi
1507 1995 1657 2038 librum
1692 1995 1742 2037 ad
1775 1995 1868 2037 Mu-

91 2087 214 2125 scam,
255 2078 303 2116 ut
345 2074 427 2116 tuis
469 2073 645 2117 librariis
691 2075 819 2117 daret.
871 2075 974 2117 Volo
1014 2074 1123 2116 enim
1168 2088 1260 2114 eum
1305 2071 1521 2126 divulgari,
1556 2070 1665 2126 quod
1701 2085 1780 2126 quo
1813 2068 1868 2111 fa-

91 2145 206 2188 cilius
238 2147 322 2198 fiat,
357 2147 572 2204 imperabis
605 2149 702 2191 tuis.
743 2153 783 2191 2.
819 2144 1276 2207 Συμβουλευτικὸν
1310 2160 1427 2201 saepe
1461 2160 1606 2187 conor:
1631 2143 1734 2186 nihil
1758 2158 1868 2199 repe·

90 2219 164 2270 rio,
205 2224 246 2262 et
289 2220 452 2275 quidem
502 2237 659 2264 mecum
692 2222 821 2265 habeo
855 2228 896 2265 et
932 2217 1308 2283 Ἀριστοτέλους
1343 2223 1384 2262 61
1420 2217 1712 2276 Θεοπόμπου
1747 2214 1869 2276 πρὸς

96 2286 449 2353 Ἀλέξανδρον·
485 2295 555 2336 sed
589 2296 686 2350 quid
720 2293 875 2340 simile?
912 2297 980 2340 Eli
1013 2302 1054 2339 et
1087 2311 1188 2352 quae
1221 2295 1320 2352 ipsis
1353 2295 1523 2336 honesta
1555 2298 1689 2336 essent
1722 2291 1867 2334 scribe-

93 2367 192 2409 bant
223 2372 264 2410 et
296 2372 409 2423 grata
443 2368 687 2412 Alexandro.
722 2371 881 2427 Ecquid
910 2377 958 2413 tu
991 2369 1191 2413 eiusmodi
1223 2368 1400 2425 reperis?
1434 2367 1541 2409 Mihi
1576 2366 1741 2423 quidem
1764 2364 1867 2406 nihil

90 2441 133 2482 in
182 2445 356 2483 mentem
404 2442 528 2485 venit.
583 2443 703 2496 Quod
747 2444 890 2487 scribis
938 2450 977 2486 te
1027 2444 1167 2495 vereri,
1213 2457 1263 2484 ne
1312 2446 1353 2484 et
1395 2440 1526 2496 gratia
1565 2444 1606 2483 et
1649 2438 1867 2481 auctoritas

91 2518 228 2556 nostra
270 2514 346 2557 hoc
388 2531 476 2557 meo
519 2531 694 2560 maerore
739 2519 960 2570 minuatur,
1009 2532 1083 2574 ego
1116 2516 1216 2573 quid
1250 2516 1435 2558 homines
1469 2519 1540 2556 aut
1572 2512 1868 2570 reprehendant

95 2592 165 2630 aut
197 2589 403 2644 postulent
435 2590 585 2632 nescio.
620 2591 685 2633 Ne
718 2591 904 2635 doleam?
938 2592 1020 2644 Qui
1053 2592 1216 2647 potest?
1250 2590 1315 2632 Ne
1348 2589 1528 2631 iaceam?
1561 2587 1670 2640 Quis
1687 2600 1865 2640 unquam

94 2661 258 2705 minus?
303 2662 413 2705 Dum
458 2667 530 2705 tua
574 2680 637 2706 me
681 2665 823 2708 domus
867 2664 1040 2716 levabat,
1087 2665 1177 2721 quis
1222 2678 1245 2704 a
1290 2677 1352 2704 me
1394 2662 1581 2704 exclusus
1627 2660 1742 2716 (est)?
1776 2659 1867 2715 quis

137 2827 176 2859 12
190 2827 327 2868 pot'est?
349 2847 390 2852 -
413 2829 452 2860 13
475 2829 649 2860 exclusus?
671 2849 712 2854 -

132 2965 155 3016 ’ξ
185 2976 214 3007 1.
239 2973 317 3006 Misi
346 2974 457 3007 librum
490 2975 593 3007 Hirtii
614 2977 655 3008 de
677 2975 813 3010 Catone.
836 2978 877 3009 cf.
900 2987 950 3018 ep.
999 2983 1072 3008 tum
1088 2976 1287 3008 Alexandro
1303 2976 1473 3007 obtulisse.
1489 2974 1581 3006 infra
1595 2972 1737 3014 appellat
1752 2971 1868 3011 episto-

94 3030 144 3066 44,
169 3029 198 3060 1.
219 3029 271 3067 45,
294 3029 322 3060 3.
345 3029 396 3067 47,
419 3031 448 3061 3.
1000 3030 1068 3061 lam
1089 3031 1131 3061 ad
1154 3029 1336 3062 Caesarem.
1360 3028 1462 3060 XIII.
1488 3027 1538 3059 28.

137 3081 157 3120 ς
186 3081 216 3112 2.
247 3077 535 3127 Συμβουλευτικὸυ
567 3091 658 3122 saepe
687 3093 791 3114 conor.
813 3083 954 3114 Librum
1047 3083 1108 3125 Qui
1128 3086 1236 3125 potest
1246 3083 1266 3114 ,Ρ
1293 3083 1334 3114 cf.
1365 3083 1407 3114 ad
1435 3082 1498 3114 IV.
1530 3081 1578 3118 13,
1610 3080 1637 3110 1.
1667 3077 1747 3110 Sine
1770 3086 1866 3109 causa

95 3137 136 3168 de
164 3137 347 3169 ordinanda
375 3147 409 3169 re
432 3138 572 3179 publica,
595 3147 693 3179 quem
717 3140 757 3170 ad
780 3138 953 3171 Caesarem
1001 3136 1155 3168 scribitur
1175 3135 1229 3178 qui
1244 3137 1314 3176 pot'
1336 3134 1412 3166 est?

95 3190 248 3230 mitteret,
270 3197 307 3224 ut
330 3191 526 3225 Aristoteles
549 3191 713 3225 ferebatur
735 3193 843 3226 simile
858 3193 956 3235 scrip-
1046 3190 1123 3231 Qais
1149 3209 1188 3214 -
1211 3189 1360 3221 exclusus
1383 3187 1487 3229 (es-0?
1511 3185 1649 3219 Addidit
1665 3187 1710 3216 esc
1729 3183 1865 3216 Wesen-

21 607 24 610 ·
89 583 300 640 quaedam.
350 585 486 635 Nunc,
529 585 610 626 nisi
655 585 765 627 Otho
809 586 1043 637 exstitisset,
1090 586 1196 641 quod
1240 585 1506 628 scriberemus
1546 600 1628 628 non
1662 590 1761 627 erat.
1814 583 1861 626 Id
1903 591 1916 614 ⁵

1889 2454 1923 2480 10
