2062 3565
92 955 127 982 10

96 1320 127 1347 15

153 143 240 184 278
550 140 634 181 ΕΡ.
667 139 744 180 AD
776 137 823 178 T.
860 133 1210 178 POMPONIUM
1243 132 1510 175 ATTICUM.

151 278 286 334 accepi
318 293 398 319 uno
430 280 608 330 tempore
642 288 665 314 a
697 270 873 312 Vestorii
905 268 1063 311 liberto.
1098 269 1163 310 Ad
1195 283 1241 310 ea
1274 274 1422 319 autem,
1457 283 1558 324 quae
1580 270 1764 325 requiriS‚
1795 269 1906 311 brevi

150 349 412 406 respondebo.
446 348 627 390 Primum
660 345 915 387 vehementer
942 358 1005 385 me
1034 343 1231 385 Cluviana
1253 341 1469 384 delectant.
1503 342 1582 385 Sed
1604 343 1711 399 quod
1734 344 1906 399 quaeris,

151 425 248 480 quid
294 422 537 466 arcessierim
570 420 861 476 Chrysippum:
895 417 1084 460 tabernae
1115 417 1216 458 mihi
1249 416 1351 458 duae
1385 421 1622 459 corruerunt
1653 417 1909 473 reliquaeque

150 499 270 540 rimas
313 501 453 552 agunt.
503 496 645 549 Itaque
688 508 771 535 non
803 492 932 534 solum
965 491 1170 546 inquilini,
1204 491 1273 532 sed
1306 505 1439 532 mures
1469 491 1590 532 etiam
1622 491 1910 546 migraverunt.

151 573 270 615 Hanc
303 570 424 614 ceteri
456 569 719 611 calamitatem
755 570 913 616 vocant,
947 580 1021 621 ego
1053 580 1104 606 ne
1137 563 1435 606 incommodum
1459 563 1636 619 quidem.
1671 564 1708 606 Ο
1730 564 1912 606 Socrates

151 650 192 687 et
223 644 416 687 Socratici
449 643 547 685 viri!
581 656 791 698 nunquam
825 638 936 681 vobis
969 638 1139 695 gratiam
1173 637 1354 679 referam.
1397 637 1469 679 Dii
1499 637 1757 688 immortales,
1792 651 1912 692 quam

152 719 252 761 mihi
294 719 371 760 ista
415 732 485 774 pro
527 716 673 759 nihilo!
731 715 810 758 Sed
847 720 983 757 tamen
1028 728 1075 754 ea
1106 712 1208 754 ratio
1242 711 1479 754 aedificandi
1509 711 1650 762 initur,
1685 709 1912 752 consiliario

153 793 315 849 quidem
357 796 397 834 et
440 795 600 833 auctore
644 790 843 841 Vestorio,
888 793 936 830 ut
978 788 1054 829 hoc
1087 786 1280 828 damnum
1313 789 1598 841 quaestuosum
1631 785 1698 827 sit.
1756 787 1796 825 2.
1831 782 1912 825 Hic

150 866 269 909 turba
310 879 456 920 magna
499 869 560 906 est
602 864 770 919 eritque,
804 867 851 904 ut
883 861 1018 912 audio,
1052 860 1192 901 maior.
1244 859 1336 900 Duo
1371 857 1532 913 quidem
1565 858 1679 913 quasi
1712 856 1912 913 designati

150 939 332 982 consules
354 972 361 979 .
385 971 392 978 .
416 971 423 978 .
459 938 495 979 O
524 937 595 979 Dii
627 936 746 978 boni!
782 935 883 977 vivit
913 933 1117 990 tyrannis,
1153 937 1347 988 tyrannus
1381 930 1543 973 occidit.
1578 931 1679 973 Eius
1710 929 1913 972 interfecti

148 1018 274 1056 morte
305 1012 513 1062 laetamur,
548 1011 663 1052 cuius
695 1009 801 1051 facta
834 1008 1101 1050 defendimus.
1135 1007 1279 1061 Itaque
1313 1021 1434 1061 quam
1467 1020 1601 1047 severe
1633 1020 1707 1047 nos
1729 1004 1790 1045 Μ.
1814 1003 1913 1045 Cur-

149 1088 230 1129 tius
263 1091 438 1137 accusat,
471 1089 519 1126 ut
550 1084 701 1140 pudeat
733 1084 879 1134 vivere,
912 1096 1043 1138 neque
1075 1080 1239 1123 iniuria.
1274 1079 1380 1121 Nam
1414 1079 1517 1121 mori
1550 1078 1680 1120 milies
1711 1077 1914 1133 praestitit

150 1175 270 1214 quam
311 1159 411 1200 haec
454 1158 551 1214 pati,
598 1173 698 1212 quae
731 1156 832 1198 mihi
864 1155 1052 1198 videntur
1086 1153 1273 1195 habitura
1305 1152 1425 1193 etiam
1461 1156 1716 1193 vetustatem.
1783 1153 1825 1192 3.
1857 1150 1913 1192 Et

150 1232 302 1276 Balbus
334 1232 401 1274 hic
435 1236 495 1273 est
526 1230 777 1285 multumque
811 1244 981 1279 mecum,
1016 1227 1066 1269 ad
1100 1241 1218 1283 quem
1252 1241 1274 1267 a
1308 1225 1452 1266 Vetere
1482 1225 1620 1267 literae
1644 1224 1760 1266 datae
1782 1224 1912 1280 pridie

150 1307 243 1350 Kal.
284 1307 460 1357 Ianuar„
497 1320 619 1360 quum
654 1320 676 1345 a
709 1319 749 1345 se
784 1302 983 1345 Caecilius
1016 1299 1375 1342 circumsederetur
1407 1303 1449 1340 et
1480 1298 1559 1340 iam
1592 1301 1812 1349 teneretur,
1847 1313 1913 1339 ve-

149 1382 256 1423 nisse
289 1395 379 1421 cum
412 1379 597 1420 maximis
630 1377 755 1434 copiis
790 1378 989 1419 Pacorum
1024 1375 1243 1425 Parthum3
1279 1373 1335 1415 ita
1370 1371 1447 1414 sibi
1480 1388 1564 1414 esse
1598 1387 1689 1413 eum
1731 1375 1912 1427 ereptum

150 1455 288 1497 multis
321 1454 403 1495 suis
436 1453 591 1494 amissis
606 1471 617 1504 3
651 1452 695 1494 in
729 1467 807 1506 qua
842 1466 884 1492 re
908 1454 1070 1492 accusat
1094 1447 1337 1490 Volcatium.
1371 1447 1436 1488 Ita
1457 1445 1559 1487 mihi
1582 1445 1740 1487 videtur
1763 1444 1913 1487 bellum

149 1528 251 1570 illud
282 1527 445 1569 instare.
495 1527 572 1570 Sed
605 1525 814 1568 Dolabella
846 1530 886 1567 et
918 1523 1058 1566 Nicias
1092 1522 1279 1564 viderint.
1329 1520 1444 1562 Idem
1477 1518 1632 1561 Balbus
1664 1518 1829 1561 meliora
1863 1518 1913 1560 de

152 1601 298 1644 Gallia.
332 1615 425 1643 xxi.
459 1601 524 1644 die
555 1601 691 1643 literas
723 1599 912 1651 habebat,
947 1599 1169 1640 Germanos
1201 1595 1369 1651 illasque
1403 1594 1589 1636 nationes
1622 1608 1663 1635 re
1697 1591 1836 1634 audita
1865 1590 1915 1633 de

95 1692 131 1718 20
151 1676 318 1718 Caesare
360 1676 512 1731 legatos
557 1674 710 1716 misisse
754 1673 804 1714 ad
846 1671 1070 1722 Aurelium,
1104 1669 1174 1725 qui
1206 1673 1267 1710 est
1298 1667 1550 1724 praepositus
1584 1666 1634 1709 ab
1670 1665 1821 1717 Hirti0,
1857 1679 1912 1716 se,

152 1749 258 1805 quod
297 1748 538 1804 imperatum
570 1751 687 1798 esset,
721 1762 805 1788 esse
838 1745 1027 1788 facturos.
1071 1741 1182 1796 Quid
1216 1741 1404 1798 quaeris?
1459 1740 1606 1782 Omnia
1638 1739 1756 1796 plena
1788 1738 1913 1796 pacis,

151 1823 266 1866 aliter
299 1838 344 1864 ac
377 1821 477 1864 mihi
505 1821 681 1863 Calvena
715 1820 885 1862 dixerat.

196 2044 351 2078 Cluviana
373 2054 405 2076 o:
430 2044 571 2086 praedia,
595 2053 679 2086 quae
708 2054 726 2076 e
749 2043 861 2076 Cluvii
882 2043 1007 2075 heredi-
1057 2050 1129 2076 tum
1150 2045 1296 2081 videtur;
1323 2052 1425 2085 quare
1447 2035 1562 2074 verum
1584 2047 1680 2084 puto:
1704 2040 1798 2073 Cuius
1817 2043 1916 2073 morte

148 2103 215 2130 tate
244 2098 323 2138 (vid.
354 2097 456 2129 XIII.
487 2098 537 2136 46,
572 2099 606 2137 3)
629 2102 808 2139 acceperat.
832 2096 882 2128 Cf.
906 2097 947 2128 de
970 2096 1010 2127 iis
1057 2098 1222 2135 laetamur,
1245 2097 1312 2128 eius
1325 2096 1423 2137 facta
1445 2094 1649 2136 defendimus.

150 2161 201 2194 ep.
225 2152 273 2190 10,
297 2153 316 2182 3
339 2157 372 2183 et
395 2152 443 2189 11,
466 2152 495 2183 2.
1033 2164 1035 2200 1
1100 2151 1143 2182 JI.
1178 2150 1314 2181 Curtius.
1344 2149 1566 2190 Cogitandum
1603 2149 1643 2180 de
1675 2148 1734 2179 illo
1768 2148 1916 2184 homine,

191 2204 300 2235 Mures
330 2204 542 2246 miqraverunt
567 2214 673 2246 uquos
696 2204 788 2235 aiunt
809 2203 1009 2244 praesentire
1032 2235 1035 2256 Ι
1055 2214 1153 2245 quem
1175 2204 1296 2245 passim
1320 2203 1428 2238 inibis
1451 2202 1597 2244 epistolis
1620 2212 1697 2233 cum
1725 2204 1915 2242 contemptu

154 2258 265 2299 lapsus
298 2258 430 2290 aedium
459 2263 492 2290 et
522 2258 681 2289 excedere
703 2257 835 2288 ruinam
856 2256 1009 2287 minitan-
1032 2261 1034 2280 1
1055 2260 1265 2292 nominatum
1288 2259 1441 2296 vidimus,
1464 2258 1558 2289 velut
1587 2256 1651 2288 IX.
1685 2257 1713 2294 5,
1738 2256 1755 2286 1
1779 2260 1812 2288 et,
1834 2255 1862 2294 6,
1885 2255 1914 2286 2.

154 2311 253 2343 tibus.
276 2311 365 2342 Plin.
394 2311 438 2341 H.
469 2311 512 2341 N.
541 2310 639 2341 VIII.
664 2310 734 2348 103,
764 2309 898 2341 Aelian·
928 2309 1007 2339 Var—
1055 2312 1142 2344 XII.
1160 2313 1210 2350 49,
1235 2313 1262 2343 1.
1287 2311 1352 2343 Pro
1364 2321 1573 2353 quamsevere
1585 2310 1798 2342 scribendum
1812 2309 1915 2341 videri

154 2366 183 2396 Ι.
213 2366 283 2396 ll.n
313 2364 414 2396 Gron.
442 2364 551 2395 Acute
584 2365 649 2395 iam
671 2370 748 2395 ante
772 2363 940 2394 Victorius
965 2363 1007 2393 V.
1054 2368 1116 2396 tam
1139 2375 1247 2396 severe
1270 2365 1311 2395 ad
1336 2364 1415 2395 VII.
1440 2365 1489 2402 15,
1513 2365 1532 2395 2
1555 2363 1682 2395 monui.

153 2419 192 2451 L.
215 2419 334 2451 XVII.
357 2421 374 2449 5
397 2419 586 2450 observarat
607 2418 800 2450 Ciceronem
823 2427 890 2448 non
903 2417 1007 2448 videri
1096 2420 1114 2459 ξ
1140 2419 1168 2450 3.
1193 2419 1219 2449 A
1236 2418 1344 2449 Vetere
1367 2428 1400 2449 o:
1425 2428 1442 2449 a
1469 2417 1504 2449 C.
1528 2418 1678 2449 Antistio
1702 2417 1833 2454 Vetere,
1856 2417 1914 2458 qui

153 2475 187 2506 in
211 2474 326 2506 eadem
358 2471 514 2513 opinione
537 2470 654 2508 fuisse3
680 2471 775 2503 aliter
797 2480 908 2502 mures
931 2476 1007 2502 ante
1029 2446 1032 2494 Ι
1055 2473 1096 2511 Q.
1132 2472 1315 2504 Caecilium
1349 2472 1491 2503 Bassum
1524 2471 1694 2511 Apameae
1729 2470 1912 2502 obsederat.

153 2526 333 2568 inquilinos
355 2524 513 2565 migrasse
536 2524 728 2565 scripsisset.
1053 2527 1130 2558 vid.
1161 2526 1224 2557 Dio
1255 2525 1405 2557 XLVII.
1435 2524 1485 2557 27.
1520 2524 1570 2555 De
1601 2525 1705 2555 Basso
1738 2524 1914 2564 prudenter

195 2577 385 2610 c'onsz'lz‘arz'o
408 2595 444 2600 —
468 2579 499 2607 et
521 2579 649 2608 auclore
685 2576 824 2608 Vestorio
848 2587 880 2608 o:
905 2587 1006 2618 quum
1029 2584 1031 2619 ,1
1052 2581 1135 2621 disp.
1158 2580 1263 2615 EstreZ,
1288 2579 1485 2619 Prosopogr.
1508 2578 1628 2608 Horat.
1650 2588 1681 2618 p,
1706 2578 1777 2608 482.

153 2631 326 2663 Vestorius
348 2629 449 2660 fabris
478 2630 616 2661 consilia
645 2631 700 2661 det
722 2636 754 2662 et
777 2631 817 2662 de
842 2631 911 2662 eius
934 2640 1006 2662 sen·
1028 2649 1031 2670 ,
1102 2632 1285 2664 Volcacium.
1309 2631 1389 2664 Sine
1411 2641 1509 2662 causa
1532 2630 1695 2663 Corradus
1716 2630 1752 2661 L.
1770 2628 1914 2668 Statium,

152 2685 255 2717 tentia
275 2684 472 2716 aedificetur.
496 2683 547 2714 Cf.
569 2684 663 2715 Fam.
689 2685 716 2715 I.
739 2685 768 2722 9,
786 2685 805 2715 2
819 2694 874 2725 eqo
888 2686 918 2715 te
935 2694 1006 2715 auc·
1028 2671 1031 2755 ἰ
1054 2686 1169 2727 Syriae
1193 2686 1378 2727 praesidem
1400 2695 1417 2717 e
1440 2685 1528 2716 Phil.
1550 2684 1615 2716 XI.
1637 2686 1677 2716 30
1695 2685 1760 2716 hue
1774 2685 1914 2716 vocavit.

151 2743 219 2772 tore
240 2759 281 2763 —
303 2742 337 2770 {u
358 2749 404 2770 me
424 2739 606 2770 consiliario
630 2749 703 2770 usus
725 2749 817 2771 esses,
1028 2761 1030 2774 ,
1051 2739 1146 2770 Nihil
1169 2739 1285 2776 obstat,
1316 2738 1494 2779 quominus
1527 2742 1710 2769 statuamus
1732 2738 1820 2769 hune
1843 2747 1913 2769 esse

194 2794 212 2833 ξ
242 2793 271 2824 2.
300 2792 372 2822 Duo
399 2810 440 2814 —
461 2791 551 2833 quasi
573 2791 729 2832 desiyaati
752 2792 905 2822 consuler.
929 2792 1005 2822 Hir·
1028 2779 1030 2824 l
1053 2791 1090 2824 C.
1122 2791 1314 2822 Volcatium
1347 2791 1497 2828 Tullum,
1529 2800 1627 2831 quem
1661 2790 1773 2822 laudat
1795 2789 1914 2822 Caesar

153 2848 236 2879 tium
265 2846 345 2877 dicit
375 2851 406 2877 et
438 2845 590 2883 Pansam,
614 2856 680 2876 non
703 2846 817 2887 populi
838 2846 1006 2886 suffragiis
1028 2826 1030 2888 Ι
1052 2845 1093 2877 Β.
1115 2843 1154 2876 G.
1177 2844 1239 2875 VI.
1261 2844 1311 2875 29.
1335 2844 1374 2875 B.
1399 2843 1434 2876 C.
1458 2844 1525 2875 ΠΙ.
1548 2844 1598 2875 52.

151 2907 286 2937 creatos,
315 2901 372 2932 sed
399 2899 456 2940 qui
485 2910 503 2930 a
528 2899 670 2935 Caesare
688 2901 722 2931 in
745 2910 871 2931 annum
892 2910 1006 2931 secun·
1028 2897 1031 2951 ξ
1095 2896 1220 2928 Bellum
1242 2897 1326 2928 illud
1347 2907 1423 2928 cum
1445 2896 1587 2928 Parthis.

151 2955 230 2984 (111111
253 2957 345 2984 erant
371 2952 543 2993 designati.
574 2953 652 2983 Vid.
673 2963 769 2994 supra
792 2954 833 2984 ad
855 2963 904 2994 ep.
924 2953 952 2990 6,
978 2954 1005 2984 2.
1029 2964 1045 2990 ¹.-
1094 2949 1261 2980 Dolabella
1292 2959 1331 2980 eo
1362 2954 1508 2990 tempore
1530 2949 1646 2980 consul
1669 2955 1742 2989 post
1763 2948 1912 2980 consula-

194 3007 268 3038 Eius
290 3007 453 3047 interfecli
474 3025 515 3030 --
537 3006 741 3046 cleskndimus.
773 3007 932 3038 Ernestus
955 3006 1006 3038 Ci-
1028 2989 1031 3009 ¹
1052 3009 1123 3034 tum
1153 3002 1283 3044 Syriam
1314 3003 1463 3034 obtinere
1497 3003 1658 3044 cupiebat,
1690 3001 1725 3034 C.
1758 3002 1871 3033 Cassio
1894 3012 1911 3033 a

153 3060 366 3092 neronianum
402 3059 552 3100 putabat:
595 3060 687 3090 (brius
715 3060 880 3099 interfecti
910 3062 1007 3090 morte
1054 3061 1169 3087 senatu
1191 3055 1364 3086 decretam.
1388 3054 1510 3087 Secum
1531 3055 1673 3087 habebat
1685 3055 1816 3086 Niciam
1833 3055 1911 3086 Cur-

153 3115 316 3149 laetamur,
351 3111 417 3142 eius
447 3111 539 3152 (vivi)
562 3112 659 3152 sacta
681 3112 887 3154 defendimuS.
920 3113 1006 3144 Mihi
1030 3148 1031 3151 Ἴ
1053 3110 1135 3141 tium
1158 3109 1420 3150 grammaticum,
1443 3110 1536 3141 cuius
1558 3109 1592 3141 111
1606 3109 1752 3151 epistolis
1766 3109 1822 3141 lib.
1838 3109 1910 3140 XII

157 3172 236 3207 part.
262 3163 425 3204 interficli
449 3175 514 3195 non
538 3165 636 3196 modo
666 3165 817 3203 otiosum,
840 3166 896 3197 sed
919 3165 1006 3206 inep-
1029 3154 1031 3165 ⁴
1055 3169 1083 3195 et
1108 3163 1198 3195 XIII
1222 3172 1316 3203 saepe
1340 3164 1464 3195 ment-io
1488 3164 1534 3195 fit.
