2062 3565
683 160 792 203 LIB.
826 161 943 203 XVI.
978 160 1061 204 ΕΡ.
1098 165 1232 203 4-5,
1751 165 1836 204 :353

76 296 183 352 quod
230 311 371 352 pamm
420 297 572 339 Brutus
619 312 831 353 properare
881 297 1052 340 videtur.
1108 299 1286 342 Primum
1333 299 1604 343 confectorum
1652 300 1835 342 ludorum

76 371 241 412 nuntios
273 375 502 427 exspectat3
536 371 698 423 deinde,
733 377 927 426 quantum
962 372 1158 427 intelligo,
1198 372 1310 415 tarde
1343 379 1404 415 est
1434 374 1711 429 navigaturus,
1745 388 1837 414 con-

77 445 222 486 sistens
264 445 307 486 in
341 444 439 486 locis
472 445 670 501 pluribus,
720 446 870 487 Tamen
905 445 1074 488 arbitror
1108 461 1192 488 esse
1225 448 1473 490 commodius
1506 448 1618 490 tarde
1651 448 1838 501 navigare

78 534 198 574 quam
231 519 394 560 omnino
427 535 509 561 non
542 520 730 574 navigare
763 526 817 570 et,
853 521 900 571 si,
935 535 1058 575 quum
1093 522 1414 576 processerimus,
1444 521 1709 576 exploratiora
1733 520 1840 562 vide-

81 592 246 643 buntur,
281 593 430 635 Etesiis
464 599 637 634 utemur.
1887 592 1902 616 ⁵

123 758 157 788 Si
178 775 220 781 —
243 760 365 789 utemur
386 767 422 789 o:
458 759 486 790 si
508 758 542 789 in
564 768 662 790 cursu
685 760 940 799 cognoverimus
987 769 1127 800 quernus
1150 766 1183 791 et
1204 760 1342 792 celerius
1366 760 1606 800 navigabimus,

84 811 188 843 maria
211 821 279 842 non
301 811 450 843 infestari
472 821 490 842 a
513 811 637 852 piratis,
671 813 812 844 Brutum
843 812 941 844 181111-
964 764 969 848 1

724 932 771 973 V.
838 933 903 985 (A.
945 931 990 972 U.
1028 933 1071 972 C.
1109 931 1226 985 710.)

153 1047 192 1088 1.
236 1046 342 1088 'ruas
386 1047 465 1088 iam
511 1047 645 1089 literas
667 1048 841 1089 'Brutus
885 1045 1156 1102 exspectabat,
1201 1047 1266 1088 cui
1311 1046 1472 1102 quidem
1517 1063 1590 1103 ego
1627 1050 1743 1105 [non]
1780 1065 1848 1091 110-

88 1135 180 1161 vum
215 1120 427 1162 attuleram
461 1121 510 1162 de
542 1122 666 1163 'l'ereo
702 1121 820 1163 Attii.
871 1120 945 1162 Ille
978 1121 1151 1162 Brutum
1184 1119 1367 1176 putabat.
1402 1121 1480 1162 Sed
1512 1126 1645 1163 tamen
1679 1123 1850 1164 rumoris

90 1195 224 1236 nescio
271 1193 370 1249 quid
415 1194 615 1236 afflaverat
664 1194 944 1236 commissione
987 1194 1233 1236 Graecorum
1276 1194 1540 1250 frequentiam
1581 1211 1661 1237 11011
1706 1197 1850 1247 fuisse3

92 1268 198 1323 quod
243 1267 404 1322 quidem
449 1283 511 1309 me
559 1268 724 1310 minime
765 1267 920 1309 fefellit.
969 1267 1056 1309 Scis
1088 1269 1195 1309 enim
1229 1267 1326 1323 quid
1360 1283 1433 1323 ego
1467 1267 1514 1309 de
1549 1268 1713 1310 Graecis
1746 1268 1853 1310 ludis
1875 1278 1888 1301 ⁵

92 1341 330 1382 existimem.
385 1343 425 1382 2.
472 1341 595 1383 Nunc
639 1340 735 1382 audi
779 1340 888 1396 quod
933 1340 1059 1396 pluris
1103 1346 1164 1382 est
1207 1356 1325 1396 quam
1370 1341 1517 1382 omnia.
1567 1342 1744 1394 Quintus
1777 1342 1854 1383 fuit

93 1430 248 1457 mecum
296 1414 381 1456 dies
431 1415 669 1471 complures,
715 1420 768 1466 et,
814 1415 847 1456 si
881 1430 953 1470 ego
988 1430 1187 1471 cuperem,
1221 1415 1288 1456 ille
1323 1414 1383 1455 vel
1414 1415 1547 1470 plures
1581 1415 1735 1465 fuisset,
1770 1415 1854 1466 sed,

95 1495 292 1545 quantum
337 1488 428 1541 fuit,
473 1488 710 1531 incredibile
756 1495 830 1540 est,
881 1504 1001 1544 quam
1049 1504 1111 1531 me
1150 1490 1192 1531 in
1239 1489 1347 1531 omni
1380 1504 1523 1545 genere
1557 1489 1778 1539 delectarit,
1813 1489 1855 1529 111

95 1577 221 1618 eoque
269 1563 455 1613 maxime,
499 1563 542 1604 111
587 1578 666 1617 quo
712 1563 877 1604 minime
919 1562 1204 1605 satisfaciebat.
1255 1564 1320 1605 Sic
1354 1563 1460 1605 8111111
1494 1568 1763 1605 commutatus
1796 1568 1857 1604 est

97 1640 206 1678 totus
240 1634 291 1677 et'
312 1636 471 1692 scriptis
515 1636 612 1678 meis
646 1636 902 1692 quibusdam,
937 1652 1038 1693 quae
1071 1637 1114 1678 in
1149 1636 1335 1679 manibus
1367 1636 1579 1688 habebam,
1614 1645 1654 1678 et
1687 1636 1911 1678 assidui-1⁰

99 1714 181 1751 tate
225 1709 417 1751 orationis
460 1715 501 1751 et
541 1711 774 1766 praeceptis,
819 1716 866 1752 ut
907 1710 979 1752 tali
1023 1711 1156 1752 animo
1202 1711 1243 1752 in
1277 1726 1356 1751 rem
1392 1710 1608 1766 publicam,
1643 1710 1751 1766 quali
1785 1725 1856 1750 nos

99 1783 295 1833 volumus,
330 1782 491 1824 futurus
525 1783 590 1824 sit.
636 1783 725 1824 Hoc
760 1798 884 1837 quum
917 1783 1017 1824 mihi
1050 1799 1131 1825 non
1165 1783 1283 1825 modo
1317 1784 1600 1835 confirmasset,
1635 1783 1703 1824 sed
1737 1783 1855 1824 etiam

98 1857 373 1913 persuasisset,
422 1857 505 1912 egit
550 1872 707 1899 mecum
753 1862 935 1899 accurate
979 1858 1116 1899 multis
1162 1857 1305 1909 verbis,
1348 1856 1425 1898 tibi
1469 1862 1516 1899 ut
1548 1857 1782 1913 sponderem
1817 1872 1856 1898 se

97 1930 265 1984 dignum
317 1935 356 1971 et
400 1936 438 1971 te
474 1935 514 1970 et
547 1930 663 1972 nobis
697 1930 893 1981 futurum,
927 1946 1058 1986 neque
1092 1946 1132 1972 se
1165 1930 1381 1986 postulare,
1416 1935 1461 1971 ut
1494 1930 1629 1971 statim
1662 1930 1855 1980 crederes,

97 2003 180 2054 sed,
226 2019 351 2059 quum
395 2004 479 2060 ipse
528 2006 831 2061 perspexissem,
855 2011 943 2046 tum
988 2010 1035 2046 ut
1079 2021 1119 2046 se
1154 2020 1318 2047 amares.
1374 2003 1574 2055 Quodnisi
1607 2003 1721 2044 fidem
1759 2003 1910 2044 111111111

138 2166 158 2195 2
179 2176 235 2207 eqo
256 2177 317 2198 non
341 2177 450 2198 novum
473 2184 512 2189 -
534 2168 553 2197 3
575 2166 664 2198 Accii
690 2184 726 2189 -—-

140 2325 158 2364 ἓ
182 2326 210 2357 l.
235 2324 340 2367 [Non]
364 2335 483 2358 novum.
506 2324 574 2356 Non
597 2331 706 2356 ortum
729 2324 859 2357 videtur
874 2334 891 2357 e
908 2334 954 2357 re·
975 2324 977 2354 Ι
1046 2326 1261 2358 Commissione
1285 2326 1482 2357 Graecorum.
1506 2325 1557 2357 Cf.
1580 2325 1673 2357 Fam.
1699 2325 1777 2357 VII.
1795 2327 1820 2363 l,
1840 2328 1857 2357 :3

98 2379 201 2420 petita
223 2380 332 2421 priore
355 2380 483 2420 syllaba
505 2390 535 2410 v.
558 2389 677 2416 novum,
711 2389 772 2411 nec
803 2389 884 2420 opus
906 2386 956 2411 est
1001 2381 1058 2411 ubi
1080 2380 1149 2411 ludi
1173 2379 1289 2410 Graeci
1302 2385 1514 2420 opponuntur
1535 2378 1638 2411 Oscis.
1662 2379 1748 2410 Ludi
1765 2388 1856 2410 erant

98 2439 134 2464 ut
156 2443 230 2464 cum
264 2432 391 2465 Orellio
423 2433 626 2473 corrigamus
659 2433 802 2463 nuntium
834 2443 954 2470 novum,
975 2427 978 2464 1
1001 2435 1133 2472 50811101,
1154 2434 1187 2464 111
1211 2433 1331 2474 quibus
1353 2432 1484 2464 fabulae
1500 2431 1643 2464 Graecae
1666 2433 1858 2473 agebantur.

97 2498 200 2530 quum
221 2489 339 2531 afferre
360 2489 481 2520 habeat
502 2498 744 2529 nonnunquam
767 2488 835 2520 vim
868 2499 955 2520 nun-
976 2480 979 2519 1
1001 2486 1052 2519 Cf.
1078 2487 1283 2527 Bernhardy,
1306 2485 1449 2516 Gruudr.
1471 2486 1503 2516 d.
1526 2486 1607 2516 111111.
1632 2486 1734 2517 Liter.
1754 2496 1784 2526 p.
1798 2488 1859 2516 :344

98 2544 213 2575 tiandi.
247 2543 297 2576 Cf.
322 2544 394 2576 Att.
426 2544 468 2575 V.
492 2544 541 2581 14,
566 2544 594 2574 1.
628 2543 727 2574 XVI.
749 2543 778 2580 6,
804 2543 832 2574 2.
863 2544 891 2581 7,
926 2545 954 2575 1.
976 2542 979 2574 1
1001 2541 1051 2572 ed.
1074 2550 1140 2572 580.
1163 2540 1212 2571 De
1235 2540 1355 2571 fabulis
1379 2549 1396 2571 e
1417 2538 1543 2571 Graeco
1567 2540 1599 2570 111
1624 2539 1782 2571 Latinum
1795 2549 1858 2571 ser-

98 2595 190 2627 Fam.
213 2596 258 2628 X.
282 2597 330 2634 20,
355 2597 383 2627 1.
976 2593 1134 2630 inionem
1173 2595 1349 2632 conversis,
1384 2600 1419 2625 ut
1448 2601 1517 2625 erat
1547 2595 1682 2632 Tereus,
1715 2595 1858 2635 cogitare

141 2649 188 2681 De
214 2649 308 2681 Tereo
332 2649 425 2680 Attii.
466 2649 516 2681 Cf.
540 2659 589 2690 ep.
612 2649 642 2687 2,
666 2651 684 2680 3
707 2649 740 2680 11.
763 2649 784 2680 1.
822 2649 954 2681 Nomen
976 2635 979 2671 l
1000 2660 1067 2680 non
1090 2650 1177 2681 licet.
1201 2649 1318 2681 Cicero
1341 2654 1453 2680 autem
1475 2659 1542 2680 non
1559 2649 1664 2689 magis
1679 2659 1776 2689 quarn
1790 2649 1860 2679 Ma-

98 2704 213 2743 poetae
235 2702 335 2734 fuisse
358 2702 393 2733 L.
417 2701 547 2739 Attium,
570 2711 637 2733 non
661 2709 697 2732 ut
718 2711 814 2742 saepe
833 2702 955 2742 legitur
975 2683 979 2733 1
1000 2702 1068 2733 rius
1090 2701 1235 2734 Graecos
1258 2702 1354 2733 ludos
1377 2710 1502 2732 amasse
1525 2701 1664 2732 videtur.

101 2756 237 2795 Accium,
259 2757 337 2788 satis
359 2757 620 2788 demonstratum
642 2763 701 2788 est.
725 2756 802 2787 Vid.
825 2755 952 2788 05811111
974 2767 977 2799 3
1039 2756 1058 2796 ξ
1081 2756 1110 2786 2.
1134 2755 1195 2787 Off.
1222 2765 1269 2793 ea,
1283 2765 1367 2796 quae
1390 2755 1635 2786 monuimusad
1650 2764 1699 2795 ep.
1719 2755 1745 2791 1,
1763 2754 1860 2785 611.1.

101 2811 203 2841 Anal.
226 2809 306 2842 Crit.
329 2820 359 2851 p.
383 2810 433 2840 61.
466 2809 630 2850 Madvigii
658 2809 720 2851 Op.
741 2811 845 2842 Acad.
868 2811 896 2842 Ι.
919 2822 950 2852 p.
974 2800 978 2854 ξ
1042 2808 1200 2850 Quantum
1213 2809 1296 2850 suit.
1327 2809 1510 2840 Lambinus
1543 2814 1575 2839 et
1597 2808 1754 2839 Ernestus
1776 2818 1860 2839 corr.

102 2863 152 2900 96,
173 2862 344 2895 Weichert
364 2864 405 2894 de
428 2863 468 2894 L.
492 2863 595 2894 Vario
616 2873 648 2903 p.
671 2864 699 2894 9.
997 2863 1142 2906 quamdiu
1157 2863 1240 2904 fuit,
1262 2864 1413 2895 Moserus
1437 2862 1551 2903 Symb.
1576 2861 1656 2894 Crit.
1681 2861 1741 2892 VI.
1765 2872 1794 2902 p.
1815 2862 1860 2892 13.

144 2915 207 2947 Ille
233 2915 365 2946 Brutum
375 2915 519 2956 putabat.
537 2916 583 2946 M.
598 2915 721 2947 Brutus
736 2916 873 2957 putabat
886 2925 953 2947 non
978 2918 1147 2959 ¹quantum
1169 2918 1328 2958 quantum,
1355 2915 1431 2946 coll.
1461 2914 1544 2945 XII.
1574 2914 1623 2951 23,
1658 2916 1686 2950 3,
1723 2913 1778 2944 ubi
1811 2912 1862 2944 Ci-

102 2970 244 3001 Tereum
274 2970 372 3006 Attii,
405 2970 463 3001 sed
493 2969 640 3001 eiusdem
671 2969 814 3000 Brutum
850 2974 955 3001 actam
977 2962 1074 3011 {cero
1106 2979 1185 3001 usus
1216 2976 1265 3001 est
1294 2968 1442 3009 genitivo
1474 2968 1568 3008 pretii
1598 2967 1708 3008 quanli
1741 2967 1860 3007 quanli.

104 3021 214 3054 fuisse.
240 3022 351 3053 Huius
375 3022 506 3053 fabulae
528 3027 750 3062 praetextatae
772 3022 957 3063 fragmenta
1000 3023 1091 3054 Illud
1114 3028 1225 3054 tamen
1250 3023 1360 3054 verius
1384 3028 1472 3062 puto.

103 3075 310 3114 collegerunt
331 3075 511 3109 Neukirch,
532 3075 572 3106 de
596 3074 706 3106 fabula
729 3080 839 3115 togata
861 3074 958 3107 Rom.
980 3089 982 3120 Ἰ
1048 3075 1136 3116 Quae
1158 3076 1191 3106 in
1218 3075 1358 3106 manibus
1379 3074 1525 3104 habebam
1549 3083 1583 3103 o:
1608 3073 1640 3103 111
1655 3072 1861 3113 (1111110550ιῆ-

101 3138 131 3168 p.
154 3129 194 3158 83
213 3128 278 3159 —89
301 3133 332 3159 et
354 3128 556 3159 Ribbeckius
589 3127 688 3168 Frag.
719 3128 800 3169 reliq
842 3139 873 3169 p.
896 3128 957 3160 238
1004 3129 1120 3161 bendis
1143 3134 1321 3169 occupatus
1343 3137 1443 3159 eram.
1473 3127 1523 3158 Cf.
1548 3126 1649 3157 XIII.
1672 3126 1720 3160 47,
1748 3126 1774 3155 l.
1799 3125 1854 3155 Vi-

101 3191 190 3222 seqq·
982 3188 983 3199 ¹
1004 3184 1099 3214 detur
1121 3184 1280 3224 respicere
1303 3183 1403 3212 libros
1426 3182 1466 3211 «ie
1488 3180 1623 3212 Officiis.

164 3236 223 3277 Π.
1621 3238 1641 3275 :2
1652 3237 1673 3273 :3
