2062 3565
697 149 803 193 LIB.
838 151 962 194 XIII.
999 152 1081 194 ΕΡ.
1120 154 1316 194 21—23.
1810 154 1897 193 235

123 289 274 335 nostro,
308 285 576 340 perodiosmn,
612 287 679 328 sed
716 288 797 329 vita
831 290 921 329 fert.
958 289 1149 330 Mulieres
1184 296 1318 331 autem
1354 290 1418 331 vix
1455 288 1552 330 satis
1587 287 1776 337 humane,
1801 302 1902 342 quae

122 357 287 400 inimico
321 358 454 400 auimo
488 360 630 411 ferant,
665 376 789 417 quum
824 368 993 418 utraque
1029 364 1158 405 officio
1196 370 1344 418 parcat.
1379 363 1557 405 Tullium
1592 360 1767 404 scribam
1800 360 1903 403 nihil

125 431 203 474 fuit
235 431 342 486 quod
376 433 595 489 appellares
606 454 616 486 ;
652 450 743 477 uam
778 436 854 478 tibi
882 437 1155 488 mandassem,
1191 438 1223 479 si
1247 438 1402 480 fuisset.
1439 437 1555 480 Nihil
1579 437 1687 479 enim
1714 440 1775 478 est
1797 435 1904 491 apud

122 519 215 546 eum
258 505 434 561 positum
481 508 641 549 nomine
688 509 784 559 voti,
829 509 898 551 sed
932 515 993 551 est
1027 510 1219 565 quiddam
1254 510 1362 566 apud
1395 511 1509 552 illum
1548 525 1695 552 meum.
1747 508 1796 550 Id
1832 523 1907 564 ego

124 578 167 620 in
211 577 314 620 hanc
358 594 441 621 rem
481 581 605 622 statui
652 583 844 624 conferre.
896 583 1038 638 Itaque
1072 589 1113 624 et
1145 600 1219 640 ego
1254 589 1358 626 recte
1392 583 1468 626 tibi
1502 583 1587 625 dixi
1621 582 1692 625 ubi
1727 586 1832 624 esset
1866 586 1906 623 et
1951 602 1964 626 ⁵

122 648 202 694 tffii
234 653 301 695 flle
335 658 440 694 recte
475 654 651 709 negavit.
687 655 764 696 Sed
799 655 874 697 hoc
898 671 1057 711 quoque
1086 657 1217 713 ipsum
1250 658 1443 699 continuo
1467 657 1711 699 adoriamur.
1747 655 1904 697 Lucum

127 726 360 769 hominibus
402 743 482 770 non
529 744 624 770 sane
670 729 809 785 probo,
855 730 962 785 quod
1013 736 1074 772 est
1119 731 1326 782 desertior,
1373 732 1442 774 sed
1484 731 1606 773 habet
1651 726 1899 789 εύλογάκν.

128 801 277 842 Verum
319 800 395 843 hoc
440 816 614 856 quoque,
658 807 705 843 ut
740 804 955 854 censueris,
991 804 1138 860 quippe
1173 805 1243 859 qui
1276 805 1424 846 omnia.
1473 805 1574 859 Ego,
1609 808 1656 845 ut
1689 802 1896 852 constitui,

125 874 244 916 adero
254 893 265 927 3
300 879 420 930 atque
454 876 610 917 utinam
645 882 691 918 tu
729 892 887 932 quoque
923 877 1060 919 eodem
1096 877 1179 919 die!
1217 878 1287 919 Sin
1322 878 1419 933 quid
1456 903 1512 908 —-
1547 877 1675 919 multa
1710 875 1816 916 enim
1844 900 1900 904 —-

126 948 264 1004 utique
311 949 517 1004 postridie.

131 1024 146 1035 ,ι

129 1038 168 1063 ί).

566 951 727 992 Etenim
762 951 991 1001 coheredes,
1027 967 1049 993 a
1082 952 1172 1007 quis
1206 952 1291 992 sinc
1325 957 1363 993 te
1399 952 1570 1007 opprimi
1605 951 1630 993 †
1652 949 1798 991 militia
1831 955 1964 995 est.10

214 1022 362 1064 Alteris
406 1023 486 1065 iam
530 1023 657 1065 literis
690 1024 794 1066 nihil
828 1024 878 1066 ad
912 1040 974 1066 me
1009 1025 1057 1066 de
1094 1025 1243 1066 Attica.
1292 1024 1369 1066 Sed
1403 1024 1445 1065 id
1479 1024 1641 1079 quidem
1677 1024 1719 1065 in
1755 1022 1907 1078 optima

126 1111 194 1152 spe
238 1111 357 1152 pono.
408 1096 518 1138 Illud
564 1112 708 1139 accuso
760 1113 841 1139 non
887 1103 941 1147 te,
976 1098 1045 1139 sed
1079 1098 1203 1147 illam,
1240 1113 1287 1139 ne
1332 1098 1501 1139 salutem
1537 1097 1716 1153 quidem.
1773 1098 1828 1138 At
1859 1101 1906 1137 tu

127 1174 168 1211 et
198 1169 258 1211 illi
291 1175 331 1211 et
364 1169 492 1212 Piliae
524 1170 757 1226 plurimam,
792 1186 865 1213 nec
901 1187 964 1213 me
998 1177 1132 1213 tamen
1166 1172 1283 1213 irasci
1316 1170 1521 1212 indicaris.
1559 1170 1785 1226 Epistolam
1809 1170 1906 1211 Cae-

129 1242 228 1284 saris
259 1242 365 1295 misi,
402 1243 437 1285 si
471 1243 606 1286 minus
638 1244 816 1300 legisses.

172 1420 222 1452 De
238 1421 373 1462 praedio
399 1421 506 1453 Oviae.
529 1422 633 1454 Codd.
656 1423 779 1454 habent
791 1422 892 1459 aviae,
906 1422 994 1463 quod
1016 1432 1018 1436 ·

132 1482 169 1507 ut
189 1477 338 1518 ineptum
361 1477 395 1508 in
421 1476 519 1508 Oviae
541 1477 680 1508 mutavit
703 1476 892 1508 Schutzius.
937 1477 994 1507 Vi·
1014 1489 1017 1513 1

131 1531 226 1562 detur
246 1530 309 1562 hoc
331 1530 494 1571 pertinere
517 1531 558 1562 ad
580 1531 668 1562 idem
694 1531 877 1572 negotium,
901 1531 995 1562 cuius

133 1585 259 1616 mentio
281 1585 317 1632 tit
331 1584 365 1616 in
387 1585 479 1625 epist.
495 1585 545 1620 21,
562 1586 590 1615 4.
608 1584 657 1622 24,
673 1586 687 1615 1
702 1590 733 1616 et
745 1585 825 1622 30,2
840 1585 897 1615 lib⁴
912 1584 994 1616 XII.

171 1638 221 1670 De
250 1637 353 1670 Bruto
381 1645 442 1671 cet.
480 1639 687 1671 Domesticae
718 1639 810 1670 rixae
842 1640 996 1670 videntur

138 1698 226 1724 ortae
250 1691 350 1724 fuisse
381 1692 468 1724 inter
499 1692 656 1730 muliere&
692 1692 868 1724 Serviliam
898 1693 995 1724 Bruti

136 1751 274 1779 matrem
298 1753 331 1779 et
363 1746 526 1785 Porciam,
562 1748 632 1779 eius
663 1757 812 1783 uxorem,
845 1748 1017 1788 quamvis:

134 1807 272 1842 utraque
295 1800 329 1831 in
353 1801 462 1831 officio
486 1805 570 1832 esset
593 1806 623 1831 et
645 1801 783 1845 honeste
806 1810 840 1832 se
856 1806 995 1840 gereret.
1015 1784 1018 1808 ¹

132 1854 210 1886 Non
232 1865 315 1896 opus
339 1860 389 1886 est
401 1853 520 1886 Orellii
535 1855 737 1896 suspicione:
771 1854 843 1886 Cum
859 1854 892 1884 in
908 1857 995 1886 utra-

133 1918 191 1948 que
212 1907 312 1947 officio
331 1909 473 1947 pareat
472 1908 637 1942 Brutus).

173 1958 236 1990 Sed
254 1958 321 1990 vita
336 1960 412 1999 sert
435 1969 469 1990 a:
494 1961 551 1991 sed
573 1969 611 1991 ea
633 1961 824 1992 conditione
840 1961 994 1992 vivimus.
1016 1962 1020 1986 ¹

141 2013 244 2044 Vitam
266 2014 383 2046 eodem
406 2014 504 2044 modo
537 2014 646 2055 posuit
680 2014 839 2051 Horatius
869 2014 936 2046 Sat.
967 2015 994 2046 Ι.

134 2068 164 2105 9,
187 2067 238 2098 59.
263 2066 320 2097 Nil
340 2066 410 2098 sine
432 2077 542 2108 mayno
564 2068 629 2097 vita
652 2067 758 2098 labore
780 2067 868 2098 (ledit
884 2071 997 2099 morta-

132 2122 222 2153 libus
264 2122 364 2161 Quod
393 2121 539 2154 Orellius
568 2123 729 2154 malebat:
767 2122 825 2154 sed
855 2123 902 2154 ila
930 2123 1022 2163 vitem

126 2176 210 2215 jere,
235 2185 303 2207 non
329 2175 551 2207 necessarium
562 2181 650 2217 puto.
674 2177 847 2208 Nostrates
864 2186 997 2218 quoque
1018 2167 1021 2218 l

134 2230 264 2262 dicunt:
288 2229 328 2261 de
349 2230 419 2271 loop
441 2229 498 2261 der
520 2229 637 2272 dinqen
658 2230 768 2271 brenyt
790 2231 842 2262 het
866 2241 961 2262 meae.

181 2282 316 2314 Tullium
338 2283 481 2314 scribam.
514 2283 609 2315 Idem
631 2284 825 2316 nominatur
848 2285 890 2315 V.
914 2285 943 2322 4,
968 2285 996 2316 1.

134 2337 229 2368 Fam.
251 2337 293 2368 V.
318 2338 367 2375 20,
392 2338 421 2368 1.

178 2390 308 2423 Nomine
327 2391 394 2423 voti
424 2402 457 2423 o:
496 2392 696 2424 destinatum
731 2394 772 2424 ad
801 2392 926 2424 fanum.
957 2391 1021 2428 cf.

139 2444 348 2482 xl1.18,1.

180 2497 243 2529 Sed
261 2515 303 2521 —
325 2498 507 2530 adoriamur
530 2509 562 2530 o:
595 2500 651 2531 sed
673 2499 751 2531 huic
782 2510 915 2542 quoque
946 2511 997 2542 pe-

137 2550 254 2583 cuniae
277 2551 356 2583 nolo
378 2552 476 2593 palei,
499 2552 586 2583 hanc
609 2552 707 2584 etiam
732 2553 764 2584 in
788 2553 865 2585 fano
882 2563 997 2585 consu-

137 2615 276 2636 mamus.

179 2657 292 2690 Ducum
319 2659 492 2690 hominibus
522 2670 583 2691 uon
615 2669 693 2691 sane
708 2660 806 2700 probo
828 2671 861 2691 o:
886 2661 998 2692 lucum
1020 2659 1021 2663 ’

137 2712 297 2753 aptiorem
329 2713 426 2744 credo
457 2713 529 2751 diis,
553 2722 652 2754 quam
675 2713 849 2745 hominum
871 2723 997 2746 memo·
1019 2709 1021 2749 ἶ

710 2831 879 2873 XXIII.
944 2835 1009 2887 (A.

1030 1411 1112 1450 'riae
1135 1419 1384 1450 consecrandae.
1432 1412 1603 1459 Εὺλογίαν
1645 1425 1772 1450 mutare
1807 1418 1910 1455 nolui,

1043 1478 1103 1509 etsi
1116 1478 1281 1509 arridebat
1297 1476 1446 1509 Schutzii
1461 1478 1602 1518 suspicio
1614 1478 1823 1509 scribendum
1841 1486 1912 1508 esse

1046 1529 1205 1565 εὐωνίαν.

1085 1587 1207 1618 Etenim
1231 1587 1398 1619 coheredes
1421 1598 1457 1618 o:
1487 1588 1664 1619 coheredes
1688 1589 1721 1619 in
1752 1597 1786 1619 re
1816 1587 1912 1619 Brin-

1043 1641 1091 1672 nii
1115 1641 1164 1671 (cf.
1191 1650 1240 1682 ep.
1266 1642 1314 1678 14,
1339 1641 1368 1680 1)
1393 1650 1431 1672 eo
1448 1641 1501 1672 die
1513 1641 1546 1672 in
1564 1641 1754 1672 Tusculano
1766 1640 1910 1672 adfuturi

1043 1699 1128 1732 sunt,
1154 1701 1188 1726 ut
1210 1695 1343 1726 Atticus
1366 1696 1436 1736 ipse
1458 1695 1640 1736 scripserat.
1665 1694 1706 1726 cf.
1730 1704 1780 1736 ep.
1805 1695 1856 1732 21,
1881 1696 1909 1726 6.

1085 1749 1207 1780 Militia
1230 1751 1288 1780 est.
1312 1749 1534 1781 Consentiunt
1549 1750 1677 1781 codices
1691 1750 1724 1780 in
1737 1750 1798 1780 hac
1812 1750 1908 1791 scrip-

1042 1808 1116 1833 tura
1137 1809 1301 1843 corrupta.
1324 1803 1412 1834 Nam
1434 1812 1606 1844 nunquam
1630 1802 1745 1834 Cicero
1761 1802 1909 1834 militiam

1042 1856 1152 1897 posuit
1174 1866 1234 1897 pro
1256 1865 1292 1888 re
1314 1857 1461 1888 molesta.
1485 1856 1562 1887 Non
1586 1857 1692 1894 magis
1716 1856 1823 1897 placet
1845 1867 1908 1888 ma-

1016 1905 1017 1910 ’
1042 1909 1127 1947 lilia,
1159 1911 1249 1951 quod
1280 1911 1314 1941 in
1348 1911 1443 1942 editis
1476 1910 1569 1942 libris
1592 1910 1829 1948 circumfertur,
1853 1916 1910 1942 aut

1044 1972 1120 1994 cum
1150 1963 1287 1994 Klotzio
1309 1963 1461 2001 stultitia,
1485 1968 1539 1994 aut
1561 1964 1721 1994 molestum
1743 1965 1800 2001 est,
1823 1965 1911 2005 quod

1046 2015 1179 2047 volebat
1208 2016 1368 2047 Kochius.
1409 2016 1567 2048 Veterem
1595 2016 1835 2048 coniecturam:
1869 2017 1910 2047 mz'

1050 2070 1127 2108 Tite,
1151 2073 1270 2108 aestuo,
1294 2081 1361 2101 11011
1392 2071 1588 2102 commendo
1611 2077 1745 2112 propter
1768 2071 1911 2103 insolen-

1045 2129 1110 2156 tem
1134 2135 1230 2156 usum
1253 2124 1345 2156 verbi
1369 2127 1487 2155 aestuo.
1512 2125 1657 2166 Requiro
1681 2125 1815 2167 aliquid,
1839 2135 1906 2166 quo

1044 2179 1131 2210 dicat
1163 2189 1197 2210 se
1231 2179 1427 2210 destitutum
1449 2179 1591 2211 consilio
1624 2179 1730 2210 Attici
1765 2179 1863 2212 facile
1892 2190 1909 2211 a

1019 2233 1260 2273 coheredibus
1293 2233 1517 2265 circumscribi
1549 2233 1687 2275 fallique
1716 2244 1828 2275 posse;
1852 2235 1910 2266 sed

1020 2289 1134 2330 quod
1157 2293 1270 2329 aptum
1293 2288 1343 2325 sit,
1366 2298 1434 2319 non
1458 2288 1604 2320 invenio.

1089 2341 1107 2381 ξ
1142 2343 1171 2372 5.
1201 2341 1370 2382 Epistolam
1407 2341 1558 2373 caesaris.
1603 2341 1683 2373 Post
1719 2341 1911 2373 Manutium

1045 2405 1161 2428 omnes
1195 2396 1344 2437 cogitant
1371 2397 1412 2428 de
1447 2397 1505 2427 illa
1527 2396 1675 2438 epistola,
1699 2406 1765 2437 qua
1788 2395 1910 2428 Caesar

1045 2451 1234 2481 consolatus
1258 2455 1305 2481 est
1328 2450 1534 2482 Ciceronem.
1559 2449 1611 2482 Cf.
1633 2459 1684 2491 ep.
1709 2451 1758 2487 20,
1783 2450 1811 2480 1.
1844 2449 1910 2482 Sed

1019 2502 1160 2535 Cicero
1183 2510 1271 2535 certe
1294 2504 1418 2535 sciebat
1440 2503 1592 2535 Atticum
1615 2504 1763 2535 nondum
1787 2504 1906 2543 leg-isse

1018 2582 1021 2608 Ι,
1044 2557 1118 2588 illas
1141 2557 1262 2589 literas.
1286 2558 1403 2599 Itaque
1425 2558 1506 2590 haec
1530 2558 1672 2590 scribere
1699 2568 1766 2589 non
1790 2558 1906 2599 potuit.

1019 2612 1021 2623 '
1044 2611 1235 2654 Scripsisset
1257 2613 1380 2654 potius:
1405 2612 1462 2653 Ep.
1487 2612 1574 2644 (vites.
1597 2612 1668 2644 misi
1689 2612 1754 2650 tibi,
1779 2615 1813 2642 ut
1829 2613 1910 2654 ἱερε-

1045 2675 1105 2696 res,
1139 2665 1230 2706 Ergo
1259 2667 1339 2698 haec
1369 2667 1409 2698 de
1438 2666 1503 2698 alia
1526 2666 1676 2698 Caesaris
1699 2666 1837 2707 epistola
1860 2676 1908 2696 ac-

1044 2719 1196 2760 cipienda
1217 2720 1381 2752 videntur.

1051 2837 1096 2878 U.
1135 2839 1176 2879 c.
1215 2839 1337 2892 709.)

202 2947 242 2986 1.
291 2945 633 2988 Antemeridianis
679 2947 760 2988 tuis
804 2946 930 2990 literis
972 2949 1058 2993 heri
1104 2954 1241 2995 statim
1285 2954 1483 3009 rescripsi,
1531 2968 1638 2994 nunc
1686 2951 1904 3007 respondeo

141 3019 391 3075 vespertinis.

183 3178 200 3217 ξ
229 3178 255 3210 l.
284 3177 403 3209 Brutus
427 3186 487 3212 cet.
522 3181 642 3212 Brutus
666 3184 796 3214 Caesari
820 3194 861 3216 ex
884 3184 1001 3226 Hispa-

441 3019 593 3060 Brutus
635 3021 793 3063 mallem
837 3037 899 3064 me
945 3032 1172 3068 arcesseret.

1227 3027 1333 3068 Nam
1378 3032 1418 3068 et
1451 3027 1618 3081 aequius
1651 3030 1749 3074 erat,
1784 3039 1906 3079 quum

1024 3216 1026 3219 .
1056 3186 1111 3219 nia
1143 3185 1293 3219 redeunti
1324 3184 1455 3215 obviam
1488 3183 1592 3214 iturus
1623 3186 1698 3212 ante
1731 3179 1909 3212 discessum
