2062 3565
735 150 845 192 Lm.
879 149 996 192 XIV.
1031 150 1115 192 ΕΡ.
1153 151 1223 192 17.
1263 152 1332 192 18.
1823 151 1908 191 295

154 289 283 332 spero.
329 274 406 326 Tu,
451 275 643 331 quoniam
686 290 769 318 rem
812 274 1016 332 publicam
1056 290 1208 331 nosque
1241 290 1466 327 conservas,
1501 274 1562 317 fac
1611 279 1659 317 ut
1690 273 1913 331 diligentis-

154 348 252 391 sime
284 352 324 390 te
356 347 504 404 ipsum,
538 349 594 391 mi
627 348 850 401 Dolabella,
882 348 1099 391 custodias.

727 499 902 543 XVIII.
967 500 1033 554 (A.
1074 497 1120 540 U.
1157 498 1197 540 0.
1233 498 1352 553 710.)

150 655 159 672 ,
220 625 260 666 1.
306 626 472 683 Saepius
515 641 579 668 me
622 626 703 668 iam
751 627 894 682 agitas,
940 626 1047 681 quod
1095 642 1178 668 rem
1228 631 1382 682 gestam
1432 626 1664 668 Dolabellae
1710 627 1831 668 nimis
1874 627 1918 668 in

154 697 308 740 caelum
341 698 477 741 videar
509 700 661 741 efferre.
706 700 795 755 Ego
828 704 977 750 autem,
1011 715 1254 756 quamquam
1287 715 1381 742 sane
1414 699 1539 757 probo
1571 700 1735 752 factum,
1769 706 1918 752 tamen,

153 776 200 813 ut
241 775 356 814 tanto
402 787 520 829 opere
562 772 782 824 laudarem,
828 772 1028 815 adductus
1073 789 1163 815 sum
1206 774 1288 815 tuis
1339 779 1379 816 et
1411 776 1503 817 unis
1537 779 1576 816 et
1609 775 1745 816 alteris
1777 775 1919 816 literis.

154 843 233 887 Sed
271 850 403 887 totum
448 862 490 888 se
534 862 556 888 a
601 851 642 888 tc
689 845 934 889 abalienavit
966 845 1190 898 Dolabella,
1225 863 1271 888 ea
1305 847 1354 889 de
1387 864 1520 900 031153,
1555 864 1634 904 qua
1666 864 1728 890 me
1762 864 1920 904 quoque
1960 863 1974 888 5

154 916 232 959 sibi
273 918 599 962 inimicissimum
644 919 836 962 reddidit.
887 920 923 962 Ο
968 920 1171 962 hominem
1216 921 1453 977 pudentem!
1500 922 1592 964 Kal.
1633 923 1721 964 Ian.
1766 922 1920 974 debuit,

153 991 286 1034 adhuc
319 1008 402 1035 non
436 995 570 1046 solvit,
606 995 841 1051 praesertim
876 1009 1003 1051 quum
1036 1010 1077 1036 se
1110 995 1285 1036 maximo
1319 1010 1406 1037 aere
1443 995 1572 1037 alieno
1607 995 1765 1038 Faberii
1799 1011 1921 1038 manu

153 1064 334 1108 liberarit
366 1072 406 1109 et
439 1068 568 1124 Opem
602 1067 652 1110 ab
686 1083 732 1110 00
766 1068 942 1124 petierit.
976 1068 1092 1121 Licet
1124 1068 1231 1110 enim
1264 1069 1400 1120 iocari,
1435 1084 1484 1110 ne
1518 1085 1580 1111 me
1613 1069 1727 1111 valde
1762 1075 1921 1111 contur-

155 1138 295 1182 batum
327 1145 459 1196 putes.
506 1144 643 1197 Atque
693 1157 767 1197 ego
800 1141 851 1183 ad
884 1156 977 1183 eum
1009 1155 1093 1183 11x.
1127 1141 1227 1183 Idus
1259 1142 1395 1183 literas
1428 1141 1614 1184 dederam
1647 1142 1747 1185 bene
1780 1158 1920 1196 mane;

152 1214 292 1256 eodem
336 1219 472 1257 autem
522 1215 587 1257 die
619 1221 712 1258 tuas
743 1216 880 1257 literas
914 1217 1068 1272 vesperi
1101 1231 1330 1272 acceperam
1360 1217 1406 1258 111
1440 1216 1698 1273 Ρο111Ρο13110,
1733 1233 1827 1260 sane
1861 1234 1922 1260 00-
1943 1232 1978 1258 lo

149 1288 299 1340 leriter,
343 1289 467 1331 tertio
512 1289 583 1331 abs
629 1295 669 1332 te
715 1289 795 1331 die.
845 1289 939 1341 Sed,
987 1294 1034 1331 ut
1076 1289 1127 1331 ad
1172 1295 1212 1331 te
1246 1305 1292 1331 eo
1325 1290 1413 1345 ipso
1447 1289 1511 1331 die
1544 1291 1792 1348 scripseram,
1827 1292 1923 1334 satis

153 1362 356 1404 aculeatas
389 1362 441 1404 ad
473 1363 726 1406 Dolabellam
758 1364 894 1406 literas
941 1363 1050 1415 dedi,
1085 1379 1187 1419 quae
1221 1364 1255 1405 si
1288 1363 1392 1406 nihil
1423 1364 1676 1420 profecerint,
1711 1371 1808 1422 puto
1841 1366 1924 1408 1010

157 1440 205 1477 ut
237 1451 299 1477 me
331 1442 583 1492 praesentem
614 1453 697 1479 non
729 1438 943 1480 sustineat.
981 1441 1021 1479 2.
1056 1436 1278 1479 Albianum
1310 1442 1350 1478 te
1384 1438 1601 1479 confecisse
1634 1438 1818 1482 arbitror.
1863 1440 1925 1482 De

158 1509 399 1552 Patulciano
431 1511 608 1562 nomine,
644 1511 753 1567 quod
783 1511 886 1554 1111111
919 1511 1203 1568 suppeditatus
1237 1527 1292 1563 eS,
1326 1512 1599 1567 gratissimum
1631 1517 1692 1554 est
1723 1519 1764 1556 et
1796 1514 1926 1556 simile

156 1588 319 1626 tuorum
353 1585 548 1627 omnium.
582 1585 661 1628 Sed
695 1601 769 1641 ego
801 1586 967 1628 Erotem
999 1586 1050 1628 ad
1082 1587 1162 1628 ista
1193 1585 1443 1641 expedienda
1465 1586 1616 1628 factum
1638 1587 1739 1628 mihi
1761 1587 1926 1629 videbar
1947 1607 1979 1633 15

155 1657 381 1713 reliquisse,
426 1659 543 1700 cuius
588 1674 671 1700 non
712 1658 798 1701 sine
831 1674 977 1715 magna
1011 1659 1130 1715 culpa
1163 1658 1463 1701 vacillatum’st.
1513 1659 1590 1701 Sed
1625 1674 1716 1701 cum
1749 1661 1836 1717 ipso
1869 1661 1927 1702 vi-

156 1731 268 1774 dero.
313 1734 355 1774 3.
400 1733 462 1775 De
507 1734 720 1785 Montano,
766 1740 815 1776 ut
858 1750 974 1792 saepe
1018 1735 1069 1777 ad
1100 1740 1142 1776 te
1174 1735 1330 1791 scripsi,
1364 1735 1441 1776 erit
1471 1734 1549 1776 tibi
1580 1740 1666 1776 tota
1698 1749 1760 1776 res
1793 1749 1925 1776 curae.

157 1806 318 1848 Servius
342 1806 630 1863 proficiscens,
675 1807 784 1864 quod
822 1807 1079 1864 desperanter
1123 1813 1259 1850 tecum
1290 1808 1451 1850 locutus
1484 1813 1558 1860 est,
1592 1808 1758 1850 minime
1788 1808 1924 1859 miror,

157 1895 288 1936 neque
320 1881 358 1922 ei
390 1881 611 1937 quidquam
642 1882 686 1924 in
719 1881 996 1938 desperatione
1029 1882 1221 1925 concedo.
1258 1884 1299 1924 4.
1333 1882 1486 1924 Brutus
1524 1887 1673 1934 noster,
1708 1882 1924 1938 singularis

158 1953 233 2005 vir,
276 1954 310 1996 si
351 1955 395 1996 in
438 1960 622 1997 senatum
671 1971 754 1997 non
798 1961 859 1998 est
903 1957 999 1999 Kal.
1043 1957 1176 1999 Iuniis
1209 1961 1418 2008 venturus,
1453 1956 1551 2012 quid
1585 1957 1765 1999 facturus
1799 1957 1852 1998 sit
1883 1956 1927 1998 in
1942 1975 1978 2001 20

158 2026 243 2068 1010
286 2027 436 2070 1105010.
486 2028 564 2071 Sed
608 2027 684 2070 hoc
726 2029 828 2085 ipse*
853 2030 1012 2072 melius.
1064 2031 1153 2085 Ego
1199 2045 1247 2071 ex
1279 2030 1343 2081 115,
1380 2044 1480 2085 quae
1513 2031 1645 2085 parari
1678 2031 1809 2083 video,
1844 2047 1926 2073 non

157 2101 329 2143 multum
378 2100 522 2144 Idibus
572 2101 733 2144 Martiis
782 2102 1006 2158 profectum
1049 2104 1200 2147 iudico.
1251 2103 1396 2158 Itaque
1441 2102 1491 2144 de
1540 2103 1710 2146 Graecia
1743 2104 1924 2160 quotidie

201 2268 220 2298 8
241 2277 327 2308 opem
349 2286 389 2293 —
413 2267 455 2298 14
474 2267 672 2309 suppetiatus
694 2277 728 2299 es
749 2285 790 2291 —
814 2268 853 2299 16
876 2267 1071 2300 vacillarunt
1095 2286 1136 2292 —

127 2446 132 2449 -
201 2427 221 2466 ξ
249 2426 277 2457 l.
308 2425 349 2456 Et
370 2426 442 2457 unis
464 2428 495 2457 et
518 2426 630 2458 alteris
651 2426 766 2460 literis.
792 2428 890 2460 Prius
915 2431 947 2460 et
969 2428 1041 2472 tle-2
1063 2433 1139 2465 tam,
1153 2427 1297 2468 indeque
1309 2428 1464 2461 ablatam.
1480 2428 1530 2461 Cf.
1539 2429 1617 2460 Phil
1639 2429 1858 2461 11.93.V111.
1874 2430 1926 2460 26.

161 2478 222 2510 leri
251 2479 397 2511 malebat
426 2478 597 2511 Graevius.
630 2481 679 2512 At
703 2481 786 2513 bene
807 2482 946 2513 additur.
971 2481 1041 2514 Cf.:
1105 2481 1188 2512 Puto
1199 2482 1279 2522 fore
1299 2485 1333 2513 ut
1356 2493 1402 2513 me
1421 2486 1618 2523 praesentem
1639 2494 1701 2514 non
1715 2484 1872 2515 sustineat
1889 2494 1924 2515 o:

160 2532 244 2564 Hor.
266 2532 333 2565 Sat.
357 2533 385 2564 Ι.
408 2533 437 2571 6,
462 2533 519 2564 101
543 2533 706 2565 ducendus
728 2537 759 2565 et
781 2545 861 2567 unus
875 2537 905 2566 et
922 2515 1041 2567 comer!¹
1063 2534 1120 2565 ubi
1142 2544 1195 2566 me
1219 2535 1342 2567 videbit
1365 2542 1399 2568 et
1419 2537 1538 2574 audiet,
1563 2547 1630 2568 non
1646 2537 1781 2568 audebit
1793 2537 1923 2568 differre

160 2587 257 2618 alter.
1039 2585 1041 2612 ἶ
1063 2589 1274 2621 solutionem.

203 2639 252 2670 Ea
274 2639 313 2671 de
335 2649 443 2671 causa.
466 2638 597 2672 Scribe:
621 2651 659 2671 ea
683 2651 781 2672 causa
804 2651 848 2673 sc.
864 2642 942 2683 quia
955 2636 1043 2700 non}
1107 2642 1126 2682 ξ
1151 2643 1182 2674 2.
1205 2643 1383 2674 Albianum.
1408 2644 1461 2676 Cf.
1483 2644 1516 2676 h.
1538 2645 1620 2682 1.20,
1636 2645 1656 2675 2
1671 2650 1703 2676 et
1715 2644 1817 2675 XIII.
1831 2644 1879 2681 14,
1895 2645 1923 2676 1.

162 2693 271 2730 solvit,
295 2694 385 2733 quod
407 2693 469 2724 tibi
490 2693 597 2725 debet.
1106 2695 1333 2738 Suspendiatus
1355 2701 1411 2736 est,
1442 2700 1531 2740 quod
1562 2705 1630 2730 erat
1666 2699 1700 2729 in
1731 2699 1821 2729 Med.
1859 2699 1923 2729 alia

208 2746 234 2778 0
258 2747 408 2779 hominem
417 2747 593 2788 pudentem.
616 2747 706 2780 Med.
727 2749 815 2789 quod
826 2749 950 2781 ironice
973 2760 1023 2781 ac·
1065 2760 1183 2782 manus
1205 2753 1350 2784 correxit.
1368 2752 1584 2793 suppeditatas
1607 2762 1650 2784 es.
1673 2751 1817 2784 Orellius
1842 2761 1922 2783 evc-

161 2800 353 2842 cipiendum
374 2806 434 2839 est,
462 2805 500 2831 ut
528 2800 564 2832 in
594 2801 680 2832 ioco.
700 2801 741 2832 In
764 2801 790 2833 Z
812 2807 896 2833 erat:
922 2801 948 2832 O
970 2803 1024 2834 Ιιο·
1066 2804 1129 2835 teri
1148 2804 1337 2836 coniectura
1350 2806 1480 2846 scripsit
1489 2804 1685 2846 suppetiatus
1697 2814 1740 2835 es,
1764 2804 1816 2835 Ex
1840 2806 1922 2845 opti-

163 2854 272 2885 minem
290 2854 507 2895 impudentem.
1066 2866 1197 2888 morum
1217 2858 1379 2889 librorum
1402 2859 1548 2898 vestigiis
1571 2858 1640 2889 erui
1652 2866 1783 2898 quoque
1797 2863 1921 2897 potest:

205 2906 333 2939 Faba-rii
365 2919 459 2939 manu
479 2918 515 2940 οε
538 2907 652 2940 fraude
673 2907 817 2947 Faberii,
839 2909 898 2950 qui
919 2908 1026 2941 fuerat
1066 2911 1149 2951 quod
1169 2911 1246 2942 mihi
1265 2912 1423 2952 suppecias
1432 2911 1532 2942 ivisti.
1557 2910 1622 2942 Sed
1636 2919 1743 2950 neque
1755 2910 1921 2950 deponens

165 2960 272 2992 scriba
301 2959 452 2993 Caesaris
482 2965 515 2992 et
535 2970 624 2992 nunc
645 2961 797 2993 Antonio
818 2962 853 2994 in
875 2963 968 2994 omni
990 2972 1025 2994 re
1066 2965 1159 3004 illud,
1182 2975 1290 3007 neque
1310 2966 1471 3007 suppetiae
1490 2966 1538 2996 ire
1560 2965 1755 2996 Tullianum
1779 2973 1848 2994 esse
1869 2965 1922 2995 de—

164 3022 292 3045 morem
307 3015 453 3054 gerebat.
465 3014 543 3045 Vid.
565 3014 740 3055 Appianas
756 3016 798 3047 de
810 3016 850 3047 Β.
865 3015 902 3048 C.
916 3016 981 3048 m.
995 3018 1024 3048 5.
1042 3027 1045 3072 ᾗ
1066 3020 1242 3051 monstrari
1262 3025 1367 3060 potest
1403 3019 1530 3050 Verum
1554 3024 1633 3059 puto
1653 3016 1900 3056 snppeclitavisti.

165 3066 217 3100 Cf.
238 3069 330 3101 Vell.
353 3069 424 3101 Pat.
434 3069 480 3100 11.
495 3069 546 3100 60.
567 3069 652 3101 Mox
667 3069 759 3111 Opem
774 3071 889 3112 scripsi
900 3071 1021 3103 initiali
1042 3073 1045 3080 ’
1112 3072 1312 3104 Vacillaruut
1335 3073 1444 3104 locum
1466 3073 1581 3103 cedere
1604 3070 1683 3101 iussi
1707 3069 1801 3100 alteri
1823 3070 1922 3110 serip-

165 3120 358 3159 mainsenlo,
372 3122 531 3162 quoniam
545 3126 654 3163 aperte
666 3123 839 3164 respicitur
852 3125 894 3155 ad
906 3124 1020 3165 ingen·
1067 3132 1160 3158 turae
1182 3137 1199 3159 e
1223 3127 1275 3158 Pii
1297 3127 1390 3158 codd.
1415 3133 1546 3157 notatae
1570 3124 1803 3155 vacillatum'sl.

167 3179 234 3204 tem
256 3174 414 3214 pecuniae
436 3185 599 3206 summam
618 3176 659 3206 ad
670 3175 750 3217 Opis
765 3178 878 3209 aedem
895 3178 1020 3218 deposi-
1044 3173 1045 3176 '
1109 3181 1127 3219 ξ
1155 3180 1182 3210 3.
1206 3180 1303 3219 Saepe
1325 3179 1369 3209 ad
1388 3182 1418 3207 le
1439 3178 1559 3216 scripsi.
1585 3177 1627 3207 H.
1650 3177 1669 3206 l.
1686 3176 1733 3212 16,
1750 3178 1768 3205 4
1783 3183 1813 3206 et
1831 3176 1877 3212 17,
1892 3179 1920 3208 fi.
