2062 3565
744 161 852 204 LlB.
886 161 1004 204 XVI.
1038 161 1123 204 ΕΡ.
1162 163 1202 203 1.
1786 162 1870 202 345

106 297 228 353 ergo?
267 296 318 338 ad
362 297 454 340 Kal.
489 298 577 340 Ian.
612 299 654 341 in
687 299 820 341 Pansa
848 298 968 354 spes?
1001 296 1169 357 Λῆρος
1202 294 1351 350 πολὺς
1383 298 1426 340 in
1461 298 1552 339 vino
1586 302 1626 339 et
1658 297 1700 338 in
1734 312 1872 338 somno

107 371 291 414 istorum.
329 373 369 412 5.
404 371 465 414 De
497 382 596 424 ccii„
631 373 796 429 optime.
847 371 1053 414 Ciceronis
1088 373 1263 415 rationes
1296 371 1560 428 explicentur.
1606 370 1733 412 Ovius
1766 370 1872 412 enim

109 459 270 496 recens3
305 444 340 487 is
372 446 515 497 multa,
550 462 651 502 quae
686 446 841 496 vellem,
875 446 918 487 in
951 446 1001 487 iis
1034 461 1083 488 ne
1117 446 1192 488 hoc
1227 446 1386 502 quidem
1417 446 1566 487 malum
1592 444 1652 500 [in
1676 444 1873 486 mandatis

110 523 172 561 sat
204 518 383 575 abunde]
420 520 505 562 HS.
540 530 658 563 Lxxn.
693 520 789 562 satis
823 535 922 571 esse,
957 520 1106 562 affatim
1140 536 1314 577 prorsus,
1339 519 1406 561 sed
1432 520 1640 561 Xenonem
1662 518 1874 573 perexiguc

111 595 152 634 et
194 588 451 652 γλίσχρως
501 592 704 649 praebere.
756 592 847 644 Quo
891 593 982 648 plus
1015 593 1252 649 permutasti
1285 608 1404 648 quam
1437 591 1486 634 ad
1522 592 1694 633 fructum
1727 590 1875 632 insula·
1916 606 1929 630 5

111 656 215 717 nim,
258 665 302 707 id
344 666 412 709 ille
459 683 588 710 annus
622 666 781 717 habeat,
816 667 859 708 in
893 682 1011 723 quem
1044 667 1202 709 itineris
1235 671 1420 723 sumptus
1454 666 1634 708 accessit.
1686 665 1795 706 Hinc
1829 680 1874 706 ex

112 738 206 781 Kal.
254 739 384 795 April.
428 740 478 782 ad
524 741 608 782 HS.
654 749 766 783 ῙΙΧἩ.
810 739 1151 782 accommodetur.
1199 742 1321 782 Nunc
1364 741 1471 783 enim
1515 740 1670 782 insulae
1703 743 1874 780 tantum.

113 811 344 854 Videndum
389 813 495 855 enim
539 819 600 855 est
648 814 759 869 quid,
807 828 930 869 quum
977 813 1128 855 Romae
1174 813 1262 855 erit.
1312 814 1407 856 Non
1450 814 1555 855 enim
1588 818 1687 869 puto
1720 827 1875 854 socrum

111 884 221 927 illam
264 884 482 928 ferendam.
530 887 706 928 Pindaro
752 887 801 928 de
842 887 1024 929 Cumano
1051 902 1253 943 negaram.
1290 890 1332 929 6.
1366 889 1488 930 Nunc
1521 888 1636 930 cuius
1669 888 1724 930 rei
1758 903 1877 930 causa

111 957 364 1002 tabellarium
410 961 586 1003 miserim
630 961 780 1017 accipe.
828 961 880 1013 Q.
926 961 1032 1002 filius
1074 961 1173 1002 mihi
1207 961 1418 1017 pollicetur
1451 978 1490 1003 se
1524 961 1732 1004 Catonem.
1782 963 1878 1017 Egit
1900 971 1932 997 10

112 1037 246 1076 autem
286 1038 327 1076 et
369 1038 480 1090 pater
524 1039 565 1076 et
608 1035 728 1085 filius,
773 1038 820 1075 ut
862 1033 937 1075 tibi
989 1033 1240 1089 sponderem,
1276 1034 1344 1076 sed
1378 1035 1448 1085 ita,
1483 1039 1529 1076 ut
1560 1040 1647 1076 tum
1681 1034 1874 1087 crederes,

112 1123 237 1163 quum
268 1108 353 1164 ipse
387 1123 613 1165 cognosses.
667 1108 776 1151 Huic
810 1123 884 1163 ego
916 1107 1052 1149 literas
1084 1107 1211 1163 ipsius
1245 1107 1442 1150 arbitratu
1475 1107 1594 1151 dabo.
1640 1110 1720 1151 Eae
1753 1114 1793 1151 te
1826 1125 1875 1151 ne

155 1276 174 1306 3
195 1274 230 1305 in
251 1273 410 1305 mandatis
431 1276 483 1305 sat
506 1274 629 1306 abunde
650 1274 723 1306 sine
745 1274 889 1305 uncinis.
913 1291 954 1296 —
980 1274 997 1304 5
1016 1273 1173 1314 praebere
1196 1273 1249 1316 [id
1271 1276 1327 1312 est,
1351 1274 1560 1315 minutatim}
1584 1293 1625 1299 —

993 1420 995 1427 v

112 1422 196 1454 varii
217 1432 366 1455 rumores
388 1423 586 1455 ferebantur.
624 1423 709 1454 Nam
732 1433 836 1464 quum
858 1423 970 1464 paullo

112 1482 188 1508 ante
222 1476 386 1509 diceretur
421 1478 599 1509 adventare
636 1482 668 1509 et
704 1478 745 1508 ab
775 1478 874 1509 armis
903 1487 970 1509 non

1020 1422 1140 1454 frustra
1162 1423 1274 1464 aliquo
1296 1428 1406 1455 tamen
1430 1423 1528 1453 modo
1551 1431 1568 1452 a
1591 1422 1722 1453 Mosero
1759 1420 1876 1462 Symb.

1019 1475 1098 1508 Crit.
1123 1476 1204 1508 VII.
1227 1488 1258 1518 p.
1282 1477 1321 1508 16
1343 1476 1524 1513 defensum,
1547 1475 1664 1507 delevi.

112 1530 289 1568 discedere,
319 1530 399 1562 XV.
433 1531 483 1568 22,
506 1531 657 1572 proxime
680 1537 808 1562 scutum
830 1531 972 1563 abiicere

112 1583 306 1615 narrabatur
338 1583 418 1614 XV.
453 1584 503 1621 29,
538 1585 567 1615 1.
606 1585 724 1625 Itaque
752 1595 819 1615 non
850 1584 971 1615 mirum

113 1641 206 1675 esset,
230 1626 319 1669 nunc
341 1647 452 1669 rursus
475 1647 551 1670 eum
572 1638 637 1669 dici
660 1638 704 1669 ad
725 1649 812 1669 arma
836 1638 958 1669 iturum

113 1689 180 1722 Sed
206 1689 269 1722 hoe
298 1690 324 1722 si
352 1700 467 1722 verum
501 1696 593 1728 esset,
629 1691 752 1723 bellum
774 1691 872 1731 civile
895 1696 972 1728 erat,

113 1754 174 1777 nec
203 1744 319 1777 Cicero
348 1751 473 1788 poterat
501 1747 643 1778 scm'bere
675 1746 744 1777 sine
771 1746 852 1778 bello
887 1746 975 1778 civili

113 1810 183 1833 esse
217 1801 438 1833 serviendum.
480 1802 527 1832 Ut
561 1802 652 1839 haec,
689 1812 772 1843 quae
800 1803 841 1834 de
871 1801 974 1833 Sexto

113 1856 390 1893 nunc-dicuntur,
420 1866 496 1888 cum
527 1857 741 1897 sequentibus
764 1858 973 1897 quadrarent,

113 1909 233 1941 Bosins
255 1911 400 1941 correxit
421 1910 510 1941 haud
530 1921 628 1947 arma,
660 1921 718 1951 pro
739 1921 805 1951 quo
828 1909 975 1943 Orellius

114 1963 258 1995 malebat
280 1963 368 1994 haud
388 1962 433 1994 ad
453 1974 551 2001 arma,
580 1963 841 2004 Stnrenburgius
864 1969 973 1996 autem

114 2016 160 2048 ad
179 2027 266 2047 arma
289 2017 435 2048 retinens
456 2017 576 2049 deinde
598 2018 975 2059 necessariumputabat

116 2072 149 2102 in
171 2072 252 2103 bello
274 2071 371 2103 civili.
395 2071 511 2104 Orellii
535 2073 722 2104 coniectura
745 2073 828 2104 mihi
851 2073 973 2114 optima

113 2126 252 2158 videtur.

156 2180 210 2210 Ad
230 2179 305 2211 Kal.
331 2179 401 2211 Ian.
424 2180 456 2210 iv
482 2179 590 2210 Pansa
620 2180 719 2220 spes?
748 2191 782 2211 o:
820 2181 974 2223 '‘Spesne

114 2240 173 2272 est,
198 2234 340 2266 Pansam
362 2235 525 2266 Kalendis
548 2236 610 2266 Ian
644 2244 713 2266 rem
737 2236 902 2276 publicam
919 2237 972 2268 de-

116 2289 319 2326 fensurum,''
340 2294 378 2320 ut
399 2289 546 2330 explicat
567 2289 826 2330 Wesenbergius
848 2301 878 2331 p.
902 2291 972 2326 116,

116 2342 173 2383 qui
195 2342 329 2383 putabat
352 2341 397 2372 ad
427 2351 445 2373 e
477 2342 548 2373 cod.
578 2342 613 2374 Z.
635 2342 861 2384 recipiendum
893 2353 973 2376 esse.

116 2394 201 2425 Cum
225 2395 274 2431 iis,
298 2404 382 2435 quae
404 2399 588 2436 sequuntur
608 2395 649 2426 de
661 2394 790 2426 Pansae
807 2395 973 2437 Hirtiique

114 2448 275 2489 languore
297 2453 330 2480 et
353 2448 478 2479 desidia
499 2449 679 2489 comparari
711 2455 857 2489 possunt,
891 2459 974 2490 quae

115 2500 229 2532 scribit
251 2500 293 2539 Q.
319 2499 444 2538 Cicero,
468 2500 561 2532 Fam.
587 2501 686 2532 XVI.
711 2501 760 2534 27.

159 2554 177 2593 ξ
201 2553 229 2585 5.
253 2553 302 2584 De
319 2548 403 2584 ‘C-C'X
424 2554 536 2595 optime
557 2563 591 2584 o:
614 2554 703 2595 quod
724 2555 843 2586 attinet
857 2555 897 2585 ad
913 2554 973 2586 HS

118 2600 219 2644 cC—X,
243 2616 281 2638 ea
302 2617 386 2648 quae
408 2607 493 2638 facta
516 2616 586 2638 esse
608 2607 732 2644 scribis,
756 2609 859 2648 probo
894 2607 974 2639 Post

118 2661 198 2693 haec
220 2661 321 2692 verba
342 2666 429 2693 recte
451 2661 603 2692 distinxit
624 2661 818 2692 Lambinus.

161 2712 256 2744 onius
278 2712 357 2744 enim
380 2723 498 2751 recen-5,
532 2719 593 2744 cet.
616 2724 648 2745 o:
685 2714 835 2746 Advenit
869 2715 974 2746 Ovius

117 2765 252 2807 quidam
275 2775 380 2806 nuper
400 2765 554 2802 Athenis,
567 2766 738 2806 multaque
750 2766 832 2797 mihi
846 2767 887 2798 de
903 2767 973 2798 filio

119 2818 293 2856 nuntiavit,
317 2828 402 2860 quae
423 2819 556 2850 vellem.

159 2870 218 2913 [In
239 2870 400 2902 mandatis
423 2873 474 2901 sat
491 2870 640 2911 abunde}
663 2871 881 2904 Seclusihaec
896 2882 971 2906 auc-

118 2932 188 2957 tore
209 2924 449 2965 Wesenbergio
471 2935 502 2965 p.
526 2924 595 2962 117,
618 2925 675 2965 qui
698 2931 791 2957 acute
813 2931 926 2958 monet
937 2927 972 2958 in

118 2976 277 3008 mandatis
298 2977 497 3018 adscriptum
523 2987 602 3015 esse,
625 2983 661 3008 ut
682 2979 927 3019 explicarentur
938 2989 970 3011 v.

118 3030 152 3061 in
173 3030 215 3061 iis
233 3035 266 3062 et
286 3032 338 3060 sat
359 3030 481 3062 abunde
503 3032 543 3062 ad
566 3032 648 3062 satis
670 3050 711 3055 —
731 3032 866 3074 affatim.
901 3033 974 3064 Iam

119 3084 244 3125 reliqua
265 3085 352 3116 male
372 3084 424 3115 his
446 3085 554 3116 verbis
570 3085 753 3126 interrupta
768 3086 901 3127 optime
922 3096 974 3118 co-

119 3137 263 3168 haerent.
284 3136 541 3176 Apertissimum
563 3137 727 3177 glossema
749 3148 781 3169 v.
794 3135 973 3183 γλίσχρως

1060 1529 1194 1571 Affatim
1216 1539 1249 1560 o:
1285 1530 1360 1570 plus
1382 1538 1483 1570 quam
1505 1528 1594 1559 satis.
1633 1527 1682 1560 Cf.
1706 1528 1804 1560 Tusc.
1829 1528 1876 1560 11.

1019 1583 1068 1614 24.
1093 1583 1134 1614 N.
1157 1583 1197 1614 D.
1221 1584 1267 1614 II.
1292 1583 1363 1617 127.

1061 1635 1232 1667 Xenonem.
1255 1636 1305 1668 Cf.
1329 1636 1428 1668 XIV.
1453 1636 1500 1674 16,
1524 1638 1553 1667 4.

1065 1689 1130 1730 Quo
1155 1690 1231 1731 plus
1250 1691 1446 1730 permutasti.
1477 1691 1566 1722 Male
1589 1690 1651 1721 hoc
1673 1690 1715 1720 ab
1736 1690 1877 1722 Ernesto

1021 1747 1236 1779 sollicitatum
1268 1748 1451 1780 vindicavit
1473 1748 1663 1788 Madvigius
1686 1747 1826 1779 Emend.
1850 1748 1877 1779 1.

1021 1809 1052 1840 p.
1077 1799 1125 1837 73,
1149 1810 1344 1842 comparans
1369 1800 1531 1832 Graecum
1567 1796 1635 1844 ὂσῳ
1678 1796 1794 1832 πλέον.
1825 1814 1878 1821 -

1023 1855 1073 1887 De
1085 1858 1235 1888 mercede
1246 1858 1438 1895 insularum,
1452 1858 1540 1889 unde
1549 1857 1618 1889 filio
1628 1863 1778 1898 sumptus
1789 1867 1878 1899 prae-

1022 1909 1092 1941 beri
1114 1910 1254 1941 volebat.
1282 1911 1392 1951 agitur
1413 1909 1497 1941 X11.
1523 1911 1572 1948 32,
1595 1911 1615 1941 2
1637 1915 1669 1942 et
1692 1910 1770 1942 XV.
1784 1911 1834 1948 20,
1847 1912 1876 1941 4.

1066 1961 1115 1993 Εει·
1140 1962 1214 1994 Kal.
1238 1962 1339 2003 April.
1361 1963 1494 1994 Marcus
1515 1963 1615 2000 filius,
1637 1963 1678 1995 de
1693 1963 1786 1994 cuius
1805 1973 1877 2004 pro-

1022 2017 1164 2049 fectione
1188 2018 1221 2048 in
1246 2016 1419 2049 Graeciam
1432 2017 1540 2058 agitur
1557 2018 1590 2049 in
1605 2018 1752 2059 epistolis
1764 2027 1878 2050 mense

1021 2071 1142 2102 Martio
1175 2071 1350 2112 superioris
1383 2072 1463 2102 anni
1499 2071 1627 2112 scriptis
1650 2071 1732 2103 XII.
1755 2072 1806 2109 24,
1828 2071 1880 2111 27,

1022 2126 1071 2162 32,
1096 2125 1170 2156 Kal.
1194 2125 1303 2166 April.
1328 2135 1452 2156 annum
1475 2125 1620 2157 Athenis
1635 2126 1780 2165 degerat.
1804 2126 1878 2157 Hoc

1022 2181 1125 2212 altero
1148 2190 1236 2211 anno
1259 2180 1288 2212 ei
1322 2181 1362 2211 ad
1396 2179 1466 2212 HS.
1499 2175 1641 2211 LXXX
1671 2180 1772 2211 tribui
1808 2181 1880 2212 vult

1022 2239 1123 2274 pater,
1146 2234 1304 2275 quoniam
1327 2238 1455 2264 tantum
1469 2243 1511 2264 ex
1527 2234 1678 2265 mercede
1694 2233 1879 2265 insularum

1021 2287 1156 2319 redibat.
1198 2287 1278 2318 Plus
1300 2287 1402 2327 igitur
1423 2286 1453 2318 ei
1476 2287 1636 2324 concedit,
1669 2296 1770 2327 quarn
1802 2287 1879 2319 satis

1022 2351 1091 2373 esse
1115 2341 1306 2372 affirmabat.

1067 2394 1158 2436 Quid,
1181 2406 1269 2437 quum
1292 2394 1407 2425 Romae
1430 2394 1490 2425 eric
1513 2405 1546 2426 οε
1570 2395 1650 2436 quid
1672 2395 1701 2426 ei
1724 2396 1878 2436 praebere

1022 2449 1153 2491 possim,
1178 2459 1279 2490 quum
1302 2449 1427 2480 Romae
1450 2449 1521 2480 erit.

1063 2501 1133 2533 Non
1155 2501 1236 2533 enim
1256 2503 1331 2542 puto
1352 2510 1473 2532 socrum
1495 2501 1583 2532 illam
1588 2501 1773 2542 ferendam.
1799 2502 1878 2533 Pos-

1021 2559 1099 2586 sunt
1119 2555 1201 2586 haec
1223 2554 1325 2595 accipi
1347 2554 1388 2585 de
1413 2553 1561 2585 Publilia
1583 2559 1697 2592 matre,
1721 2556 1814 2587 cuius
1838 2556 1875 2586 fi-

1020 2611 1100 2642 liam
1122 2621 1140 2642 a
1163 2610 1323 2643 Cicerone
1346 2610 1551 2651 repudiatam
1576 2611 1731 2642 nonnulli
1747 2622 1820 2643 cum
1840 2621 1878 2643 eo

1020 2664 1196 2695 conciliare
1228 2663 1415 2695 studebant.
1471 2662 1536 2695 Sed
1568 2664 1782 2696 verisimilius
1817 2671 1875 2701 est,

1020 2715 1101 2747 haec
1123 2720 1268 2756 spectare
1291 2716 1332 2747 ad
1353 2715 1578 2747 conditionem
1602 2716 1747 2757 aliquam
1762 2716 1876 2747 Marco

1020 2767 1090 2798 filio
1111 2768 1266 2800 oblatam.
1291 2767 1342 2800 Cf.
1366 2767 1499 2799 Schutz.
1525 2768 1566 2798 ad
1588 2767 1619 2798 h.
1643 2768 1665 2798 l.

1065 2819 1203 2852 Pindaro
1225 2820 1263 2852 de
1287 2820 1422 2851 Oumano
1444 2830 1592 2861 neqaram
1625 2830 1659 2851 o:
1694 2821 1765 2851 dixi
1800 2820 1876 2851 Pin-

1020 2875 1108 2911 daro,
1131 2874 1335 2916 procuratori
1364 2874 1510 2905 hominis
1543 2874 1693 2910 Romani,
1730 2883 1782 2904 me
1813 2872 1875 2905 Cu-

1020 2937 1157 2959 manum
1179 2929 1321 2960 vendere
1343 2928 1443 2959 nolle.
1467 2927 1542 2966 Qua
1554 2927 1774 2967 explicatione
1788 2934 1876 2958 recte

1020 2984 1175 3024 repressit
1196 2982 1401 3021 Mongaltius
1425 2981 1517 3013 Bosii
1549 2980 1744 3021 Graeviique
1778 2981 1875 3021 scrip-

1022 3043 1129 3069 turam
1153 3036 1187 3068 P.
1209 3037 1389 3068 decumano.
1422 3034 1488 3067 Sed
1511 3035 1545 3066 in
1569 3044 1617 3075 ep.
1642 3033 1739 3065 XIV.
1772 3035 1820 3071 13,
1856 3036 1873 3065 5

1020 3090 1061 3121 de
1083 3089 1149 3121 alia
1171 3088 1363 3121 venditione
1386 3087 1505 3128 agitur.

1063 3143 1081 3182 ξ
1104 3142 1132 3174 6.
1155 3142 1280 3173 [siceras
1301 3159 1342 3164 —
1363 3139 1453 3171 dabo.
1473 3138 1559 3170 Sunt
1570 3147 1637 3175 eae,
1655 3139 1786 3179 quaein
1805 3140 1873 3170 vul-

120 3194 155 3224 id
182 3195 228 3224 est
262 3192 437 3224 minutatim
471 3194 594 3226 dudum
629 3195 671 3226 ab
703 3196 776 3227 aliis
811 3201 973 3233 notatum,
995 3201 999 3239 l
1021 3196 1091 3237 gari
1113 3196 1196 3228 serie
1217 3195 1334 3236 quinto
1368 3194 1440 3225 loco
1472 3193 1567 3224 huius
1599 3192 1673 3224 libri
1706 3191 1872 3233 leguntur.
