2062 3565
754 166 862 209 LIB.
898 168 974 210 xl.
1009 169 1092 212 ΕΡ.
1128 175 1169 211 ⁴5.
1762 177 1837 215 1:571

78 313 237 354 quaeso,
279 299 405 354 igitur
438 316 496 352 ea,
532 316 633 356 quae
676 308 841 355 restant,
875 310 915 346 et
948 306 1109 361 explora
1141 321 1233 348 cuin
1267 308 1371 360 istis,
1406 315 1447 351 et
1479 310 1513 351 si
1535 310 1708 366 putabis
1742 327 1840 367 opus

5 458 42 515 εν
24 416 34 426 .

28 435 42 484 Μ
35 371 41 380 η

29 363 39 397 '.
77 386 161 415 esse
204 376 245 414 et
276 372 310 414 si
352 373 442 414 istis
475 374 663 430 placebit,
699 391 778 430 quo
812 379 938 433 inagis
972 379 1123 420 factum
1156 386 1336 422 nostrum
1371 381 1517 424 Caesar
1551 383 1692 439 probet
1725 387 1838 440 quasi

77 444 127 488 de
169 459 333 487 suorum
376 448 576 489 sententia
619 449 785 501 factum,
831 451 1100 494 adhibeantur
1132 453 1369 505 Trebonius,
1406 455 1549 507 Pansa,
1585 457 1618 498 si
1652 458 1721 513 qui
1755 459 1837 509 alii,

77 516 332 574 scribamque
376 519 425 560 ad
469 520 678 562 Caesarem
712 538 788 575 me,
823 524 1021 580 quidquid
1056 526 1231 578 fecerim,
1265 527 1314 568 de
1347 543 1419 570 sua
1452 531 1651 573 sententia
1686 532 1837 574 fecisse.

0 634 4 646 ἓ
38 634 41 638 Δ
81 593 122 638 41.
153 590 308 633 Tulliae
340 608 451 635 meae
484 594 647 636 morbus
680 603 720 637 et
760 597 1014 641 imbecillitas
1057 601 1232 656 corporis
1267 617 1327 642 me
1361 603 1576 655 exanimat,
1612 620 1730 659 quam
1763 606 1839 648 tibi

75 642 257 720 inteffligo
300 680 468 721 magnae
517 682 634 709 curae
667 684 766 719 esse,
802 671 908 726 quod
942 678 1002 713 est
1035 672 1132 714 mihi
1166 674 1454 728 gratissimum.
1491 678 1531 717 5.
1566 677 1625 719 De
1658 678 1838 734 Pompeii

75 736 186 779 exitu
236 739 336 781 mihi
381 739 551 783 dubium
595 757 802 798 nunquam
846 745 937 786 fuit.
983 747 1111 788 Tanta
1153 748 1260 788 6111111
1305 748 1528 804 desperatio
1572 765 1704 792 rerum
1754 753 1839 794 eius

36 854 40 858 ,
75 811 254 854 011111111111
297 828 436 868 regum
485 819 526 855 et
557 815 797 870 populorum
832 818 986 860 animos
1019 826 1248 875 occuparat,
1284 828 1342 871 ut,
1378 836 1617 877 quocunque
1651 824 1837 876 venisset,

35 895 37 898 ’
75 885 150 928 1106
190 891 372 942 putarem
422 887 618 930 futurum.
675 891 771 932 Non
814 907 976 947 possum
1021 893 1107 935 eius
1151 908 1287 936 casum
1332 910 1411 937 non
1445 895 1578 937 dolere
1589 914 1599 947 ς
1636 895 1838 938 hominem

73 958 182 1000 enim
212 958 417 1014 integrum
449 966 490 1002 et
523 968 676 1003 castum
710 968 751 1004 et
783 979 942 1019 gravem
979 967 1162 1021 cognovi.
1198 970 1239 1008 6.
1276 968 1334 1008 De
1373 969 1525 1009 Fannio
1559 969 1737 1010 consoler
1770 975 1838 1012 te?

73 1031 302 1075 Perniciosa
334 1033 574 1089 loquebatur
607 1036 656 1078 de
691 1038 896 1080 mansione
919 1044 1004 1080 tua.
1040 1040 1086 1081 L.
1113 1056 1203 1081 vero
1228 1041 1425 1083 Lentulus
1446 1042 1652 1084 Hortensii
1676 1042 1838 1085 domum

73 1105 151 1147 sibi
184 1110 225 1148 et
257 1107 437 1149 Caesaris
481 1108 617 1150 hortos
650 1115 691 1151 et
725 1111 843 1152 Baias
876 1112 1157 1167 desponderat.
1208 1114 1383 1155 Omnino
1418 1114 1516 1156 haec
1549 1114 1687 1157 eodem
1722 1117 1839 1159 modo

73 1193 121 1220 ex
154 1179 229 1220 hac
271 1184 384 1236 parte
417 1182 534 1232 fiunt,
579 1183 659 1224 nisi
693 1183 800 1238 quod
833 1184 935 1226 illud
969 1190 1055 1226 erat
1086 1186 1304 1228 infinitum.
1356 1188 1505 1229 Omnes
1539 1189 1659 1240 enim,
1694 1191 1763 1244 qui
1797 1191 1838 1232 111

71 1252 192 1295 Italia
223 1239 466 1304 manserant,
501 1254 678 1296 hostium
712 1271 879 1298 numero
913 1256 1179 1300 habebantur.
1226 1259 1302 1301 Sed
1339 1260 1457 1302 velim
1491 1260 1589 1302 haee
1624 1261 1839 1317 aliquando

71 1325 262 1368 solutiore
294 1327 443 1368 animo.
484 1329 522 1368 7.
556 1328 756 1381 Quintum
790 1329 952 1372 fratrem
987 1331 1108 1372 audio
1143 1333 1365 1387 profectum
1399 1334 1441 1375 111
1464 1320 1616 1386 As'am,
1639 1341 1686 1377 ut
1703 1336 1841 1393 depre-

72 1403 242 1441 caretur.
298 1400 359 1441 De
402 1401 483 1442 filio
527 1401 630 1443 nihil
663 1402 815 1444 audivi.
850 1403 929 1445 Sed
963 1419 1106 1459 quaere
1141 1420 1189 1446 ex
1223 1406 1434 1458 Diochare,
1470 1407 1648 1450 Caesaris
1682 1409 1838 1461 liberto,

71 1487 190 1528 quem
223 1488 296 1529 ego
331 1489 412 1515 non
446 1474 543 1526 vidi,
579 1476 650 1531 qui
681 1476 779 1517 istas
814 1477 1087 1520 Alexandreas
1110 1479 1245 1521 literas
1271 1480 1422 1521 attulit.
1458 1480 1498 1522 Is
1523 1481 1671 1524 dicitur
1694 1483 1839 1525 vidisse

113 1657 152 1692 17
175 1657 308 1690 vidisse:
331 1669 374 1690 an
396 1660 548 1690 euntem?
572 1670 614 1691 an
637 1660 700 1691 iam
723 1660 757 1690 in
783 1659 892 1691 Asia?
915 1678 956 1684 —

68 1841 138 1874 Sed
156 1850 218 1873 non
237 1841 364 1884 inteyra
379 1843 570 1884 praeterita.
593 1843 728 1874 Malim:
751 1842 814 1874 Sed
836 1852 930 1883 myeo
955 1847 958 1875 1
977 1841 1122 1882 periisse.
1138 1841 1310 1873 >Fueritue
1332 1841 1390 1873 ille
1413 1841 1510 1879 idem,
1542 1842 1634 1873 cuius
1657 1843 1781 1874 mentio
1805 1844 1839 1874 iit

63 1905 126 1937 pr„
149 1896 280 1939 ineptus
301 1906 386 1935 sum,
409 1897 466 1938 qui
481 1897 612 1928 inculco
628 1906 675 1935 ea,
691 1907 834 1938 quorum
851 1901 930 1928 tem·
954 1906 957 1932 1
976 1895 1011 1926 111
1040 1895 1093 1926 his
1122 1895 1268 1936 epistolis
1302 1895 1380 1926 VII.
1412 1895 1461 1933 15,
1493 1895 1523 1926 2.
1546 1896 1646 1928 VIII.
1673 1897 1720 1934 15,
1744 1898 1771 1934 3,
1797 1908 1838 1928 an

69 1959 130 1992 pus
150 1950 329 1992 praeteriit.
976 1951 1071 1988 alius,
1101 1951 1304 1991 ignoramus.
1333 1969 1374 1974 —-
1405 1950 1439 1982 L.
1470 1950 1624 1982 Lentulus
1654 1951 1747 1990 Crus,
1781 1953 1838 1993 qui

110 2002 168 2042 Ea,
189 2013 270 2045 quae
291 2005 414 2034 restant
437 2013 470 2034 οι
502 2013 548 2041 68,
572 2013 656 2045 quae
678 2013 768 2034 nune
797 2012 930 2044 quoque
975 2003 1142 2044 superiore
1165 2013 1253 2034 anno
1275 2013 1350 2034 611111
1368 2003 1405 2035 C.
1418 2003 1579 2035 Marcello
1593 2005 1708 2036 consul
1724 2004 1837 2042 fuerat,

43 2068 64 2090 8
80 2058 192 2099 ssequi
215 2062 341 2099 potero,
364 2057 532 2099 possimne
556 2058 628 2089 sine
650 2057 799 2098 periculo
823 2062 854 2088 et
876 2057 928 2088 de-
975 2057 1170 2098 Pompeium
1193 2057 1376 2097 fugientem
1397 2061 1525 2088 secutus
1549 2067 1566 2087 a
1584 2057 1765 2090 Ptolemaei
1780 2059 1837 2090 mi-

65 2112 183 2144 deeore
204 2112 323 2144 redire.
974 2112 1088 2143 litibus
1117 2111 1373 2153 comprehensus
1403 2117 1435 2143 et.
1464 2112 1498 2142 in
1528 2112 1675 2143 custodia
1705 2119 1837 2144 necatus

109 2165 127 2205 ᾖ
157 2166 186 2198 5.
217 2164 280 2198 Cn.
313 2165 502 2206 Pompeius,
536 2165 593 2206 qui
622 2169 719 2196 natus
748 2170 795 2196 est
824 2165 929 2206 pridie
974 2168 1033 2196 est.
1056 2164 1147 2196 Caes.
1173 2165 1212 2196 B.
1236 2165 1274 2196 C.
1296 2164 1360 2195 111.
1384 2164 1454 2196 104.

65 2219 143 2252 Kal.
164 2218 236 2252 Oct.
259 2218 296 2251 C.
308 2219 416 2250 Atilio
428 2218 580 2257 Serrano,
598 2218 640 2258 Q.
657 2218 801 2251 Servilio
815 2218 928 2259 Caepi-
952 2253 954 2255 ¹
1020 2216 1200 2248 Perniciosa
1223 2216 1406 2258 loquebatur
1427 2216 1466 2247 de
1487 2218 1648 2248 mansione
1670 2220 1725 2248 lua
1750 2230 1781 2249 ,κ
1809 2227 1838 2250 te

66 2282 131 2306 one
158 2283 249 2305 coss..
279 2273 403 2314 quique
435 2272 538 2304 natali
572 2282 633 2304 suo
654 2273 702 2304 M.
726 2272 856 2309 Pisone,
880 2272 928 2304 M.
952 2262 1182 2312 {obiurgabat
1222 2272 1310 2312 quod
1348 2281 1415 2303 non
1453 2282 1530 2302 cum
1568 2272 1727 2313 Pompeio
1750 2282 1838 2304 mare

25 2329 30 2333 ”
65 2327 211 2360 Messala
241 2336 326 2358 coss.
356 2326 492 2358 tertium
529 2327 744 2368 triumphavit
773 2336 816 2358 ex
845 2326 930 2358 Asia
975 2327 1169 2358 transiisses.

23 2408 26 2410 ,
67 2379 172 2419 (Plin.
206 2379 251 2411 H.
275 2379 318 2411 N.
342 2379 533 2411 XXXVII.
567 2380 631 2418 13),
665 2380 846 2412 trucidatus
880 2385 930 2411 est
952 2377 954 2385 ⁴
1017 2379 1090 2410 Nisi
1110 2381 1193 2422 quod
1213 2380 1298 2411 illud
1317 2383 1387 2411 erat
1408 2381 1564 2420 infinitum
1587 2391 1620 2412 o:
1644 2383 1700 2413 sed
1725 2383 1756 2413 in
1783 2383 1838 2413 illa

66 2441 193 2464 annum
223 2441 325 2474 agens
358 2432 714 2473 duodesexagesimum
746 2433 852 2474 pridie
875 2443 930 2463 na·
952 2421 955 2476 1
975 2440 1075 2476 parte,
1098 2435 1185 2475 apud
1208 2434 1438 2475 Pompeianos,
1454 2435 1526 2467 sine
1538 2436 1636 2467 modo
1653 2442 1683 2467 ct
1701 2445 1838 2467 numero

67 2485 168 2517 talem
194 2485 305 2527 ipsius,
336 2489 372 2516 111
398 2484 499 2517 refert
528 2484 618 2516 Vell.
649 2484 776 2516 Patere.
806 2485 853 2516 ΙΙ.
878 2486 927 2516 53.
974 2487 1083 2518 fiebat.

66 2537 229 2569 Triduum
251 2538 404 2570 dissentit
415 2537 530 2568 abhoc
546 2537 745 2569 Plutarchus
761 2538 795 2568 111
809 2537 930 2580 Pomp.
951 2538 954 2580 ξ
1019 2540 1130 2572 Omnes
1154 2559 1194 2564 —
1215 2540 1417 2571 habebantur.
1441 2540 1579 2581 Saepius
1595 2541 1654 2572 hoc
1671 2544 1838 2582 profitetur

65 2598 93 2622 c.
123 2589 163 2623 79
189 2590 254 2636 μιᾷ
295 2587 435 2635 ὕστερον
477 2587 590 2636 ἡμέρᾳ
636 2591 692 2628 τῆς
740 2582 928 2634 ’γενεθλίου
952 2622 953 2638 ¹
975 2594 1101 2631 Cicero,
1123 2599 1160 2625 111
1181 2593 1275 2624 Fam.
1300 2593 1364 2624 IX.
1389 2595 1417 2631 6,
1443 2595 1461 2625 3
1484 2600 1516 2626 et
1539 2594 1572 2625 in
1596 2594 1835 2634 Πρω-11111833.

22 2667 26 2679 2
66 2655 181 2678 necem
203 2647 392 2688 adsignans.
417 2647 516 2686 Quod
543 2648 688 2688 denique
708 2647 774 2679 Dio
796 2647 928 2679 Cassius
952 2648 953 2656 ¹
1018 2648 1035 2687 ξ
1058 2647 1087 2680 7.
1109 2647 1198 2678 Istas
1213 2646 1436 2678 Alexandreas
1451 2647 1564 2678 literas
1580 2657 1613 2678 o:
1631 2648 1742 2679 literas
1759 2651 1836 2680 Cae-

42 2738 43 2742 *
66 2697 180 2731 XLII.
209 2702 227 2731 5
258 2705 370 2732 narrat
400 2700 598 2741 Pompeium
627 2701 744 2732 eodem
774 2701 837 2738 die,
861 2709 927 2741 quo
950 2694 953 2734 1
974 2702 1054 2733 saris
1078 2701 1295 2733 Alexandrea
1317 2701 1444 2732 missas.
1468 2701 1595 2732 Eodem
1618 2702 1716 2732 modo
1735 2703 1832 2742 scrip-

65 2752 147 2784 olim
168 2753 394 2795 triumpharat,
417 2754 562 2795 periisse,
592 2754 809 2795 oppositionis
830 2763 929 2786 causa
950 2741 953 2757 ³
975 2755 1017 2786 sit
1045 2753 1309 2794 exspectationem
1354 2752 1570 2793 Corfiniensem
1611 2754 1711 2784 VIII.
1744 2757 1771 2791 5,
1802 2756 1830 2791 2,

65 2808 242 2840 confictum
263 2818 334 2840 esse
355 2809 496 2840 videtur.
975 2807 1114 2848 aliaque.
1137 2806 1204 2837 Sed
1221 2805 1380 2847 quoniam
1403 2805 1483 2836 alias
1506 2814 1634 2846 semper
1651 2806 1752 2836 utitur
1769 2807 1832 2836 adi.

107 2859 271 2892 Hominem
291 2879 331 2885 —
353 2861 491 2902 coynovi.
514 2862 640 2893 Tenuis
662 2861 808 2893 laudatio
831 2861 928 2893 Pom·
951 2883 953 2887 .
975 2859 1224 2896 Alexandrinus,
1252 2858 1345 2890 Fam.
1369 2858 1396 2889 I.
1430 2860 1447 2888 5
1471 2868 1498 2895 a,
1526 2858 1553 2888 3.
1586 2861 1602 2887 5
1629 2859 1656 2890 b.
1690 2859 1717 2888 1.
1755 2858 1832 2889 XV.

66 2913 141 2954 peii.
163 2913 230 2946 Sed
251 2924 382 2946 summa
403 2913 573 2946 Ciceronis
595 2916 636 2946 de
659 2925 698 2946 60
719 2915 833 2956 opinio
851 2925 928 2956 pau·
975 2914 1025 2951 15,
1048 2914 1077 2945 2.
1100 2912 1189 2945 Cael.
1214 2913 1264 2944 51.
1295 2912 1378 2944 Rab.
1409 2911 1499 2943 Post.
1532 2912 1569 2942 31
1594 2921 1683 2952 seqq.
1719 2912 1760 2950 Q.
1794 2912 1831 2942 l'r.

65 2965 159 2998 latim
180 2968 277 3000 valde
307 2973 376 3000 erat
396 2968 581 3006 imminuta,
605 2974 638 3000 61
659 2968 776 3000 Cicero
793 2969 928 3001 fortasse
975 2969 1023 3000 11.
1047 2969 1076 3006 2,
1100 2968 1128 3006 3,
1151 2968 1205 2999 hic
1227 2967 1439 2999 scribendum
1460 2972 1554 3007 puto:
1579 2967 1632 3008 qui
1644 2966 1723 2996 istas
1738 2967 1833 2998 Alea*-

66 3029 133 3052 non
160 3021 285 3053 invitus
313 3022 446 3053 videbat
475 3022 617 3053 alterum
647 3031 665 3054 e
703 3023 842 3060 duobus,
871 3023 928 3064 qui
975 3021 1097 3052 andrea
1120 3020 1233 3051 literas
1255 3019 1378 3050 attulit.

66 3080 204 3113 regnare
224 3073 390 3112 volebant,
411 3083 482 3106 esse
503 3074 680 3106 sublatum.
1019 3076 1055 3106 Is
1082 3076 1201 3108 (licitur
1230 3075 1346 3106 vidisse
1375 3077 1494 3106 euntem
1525 3085 1566 3104 an
1589 3074 1648 3104 iam
1681 3074 1711 3104 in
1742 3075 1832 3106 Asia.

108 3126 128 3166 ξ
149 3125 179 3158 6.
207 3125 256 3158 De
285 3127 409 3159 Fannio
437 3127 579 3159 consoler
600 3127 662 3159 te?
694 3128 759 3160 Hic
781 3116 929 3160 Fannius
978 3128 1082 3160 Codd.
1106 3129 1187 3159 dant
1209 3138 1251 3158 cm
1273 3129 1396 3158 euntem
1419 3137 1461 3157 an
1484 3126 1543 3157 iam
1576 3125 1607 3155 in
1640 3125 1728 3156 Asia.
1767 3125 1832 3158 Sed

26 3199 29 3202 <
69 3178 196 3212 videtur
223 3182 340 3214 eodem
368 3182 436 3214 fere
466 3187 611 3224 tempore
632 3188 730 3224 atque
752 3182 930 3225 Pompeius
980 3183 1061 3215 benc
1084 3182 1166 3214 vidit
1188 3182 1347 3213 Ernestus
1371 3181 1460 3222 prius
1474 3180 1555 3211 illud
1571 3190 1611 3209 au
1626 3178 1719 3210 nullo
1735 3181 1832 3212 niodo

1862 980 1893 1006 10

1863 1353 1892 1378 15
