2024 3517
590 566 1058 620 LIBER
1174 563 1346 620 VIII.

701 931 738 973 J.
806 932 871 984 (A.
914 930 958 971 U.
997 931 1038 970 C.
1081 928 1197 982 705).

157 1062 196 1101 1.
230 1059 365 1112 Quum
401 1059 450 1101 ad
484 1064 522 1101 te
556 1058 692 1100 literas
726 1057 940 1109 dedissem,
975 1056 1156 1098 redditae
1190 1053 1290 1095 mihi
1323 1053 1461 1095 literae
1486 1056 1581 1095 sunt
1604 1066 1626 1093 a
1652 1049 1859 1106 Pompeio.

92 1134 234 1175 Cetera
286 1133 334 1175 de
369 1133 488 1175 rebus
522 1133 563 1174 in
599 1133 749 1174 Piceno
781 1132 920 1188 gestis,
968 1146 1069 1187 quae
1103 1130 1153 1172 ad
1188 1146 1227 1171 se
1276 1127 1483 1170 Vibullius
1529 1126 1766 1183 scripsisset,
1813 1123 1860 1164 dc

90 1205 247 1247 delectu
280 1205 464 1257 Domitii,
500 1221 601 1261 quae
635 1211 731 1248 sunt
766 1205 878 1247 vobis
910 1211 1020 1257 nota,
1043 1220 1117 1246 nec
1150 1210 1233 1246 tam
1265 1203 1372 1245 laeta
1404 1207 1519 1244 erant
1560 1202 1604 1243 in
1637 1200 1687 1242 iis
1719 1197 1861 1247 literis,

93 1295 213 1335 quam
249 1282 381 1335 (quae)
416 1279 465 1321 ad
499 1295 562 1321 me
596 1279 841 1322 Philotimus
875 1280 1090 1336 scripserat
1125 1304 1182 1308 —
1217 1278 1347 1334 ipsam
1379 1275 1457 1319 tibi
1489 1275 1699 1332 epistolam
1732 1272 1864 1315 misis-
1903 1281 1916 1305 5

93 1369 190 1405 86111,
224 1354 305 1396 11181
338 1359 421 1396 tam
455 1352 590 1395 subito
624 1353 760 1396 fratris
792 1369 892 1410 puer
926 1351 1275 1410 proficiscebatur3
1319 1366 1405 1393 cras
1437 1350 1564 1405 igitur
1595 1348 1769 1397 mittam,
1805 1369 1862 1374 —

92 1427 161 1469 sed
207 1428 250 1469 in
294 1443 340 1470 ea
388 1428 570 1484 Pompeii
604 1428 773 1484 epistola
806 1433 892 1470 erat
924 1428 968 1469 in
1001 1432 1180 1469 extremo
1212 1426 1341 1482 ipsius
1384 1439 1528 1466 manu:
1593 1450 1613 1474 ,Ι
1626 1422 1689 1463 Tu
1723 1434 1864 1462 censeo

92 1501 303 1543 Luceriam
336 1502 473 1543 venias
483 1520 494 1554 3
529 1516 729 1557 nusquam
765 1502 842 1544 eris
875 1500 1053 1544 tutius?
1110 1500 1159 1542 Id
1193 1514 1267 1555 ego
1299 1498 1343 1541 in
1390 1513 1477 1540 eam
1517 1501 1673 1553 partem
1713 1493 1862 1549 accepi,

92 1574 189 1616 haec
223 1575 369 1630 oppida
403 1580 522 1630 atque
557 1590 667 1616 oram
703 1575 949 1617 maritimam
984 1574 1100 1616 illum
1133 1589 1205 1630 pro
1246 1572 1437 1614 derelicto
1467 1569 1632 1622 habere,
1665 1583 1740 1611 nec
1774 1582 1863 1609 sum

94 1649 261 1691 miratus
294 1663 400 1699 eum,
435 1648 505 1704 qui
539 1652 661 1705 caput
693 1641 828 1705 ipsum
861 1649 1107 1704 reliquisset,
1142 1647 1307 1702 reliquis
1340 1644 1531 1688 membris
1564 1659 1646 1685 non
1687 1656 1863 1699 parcere.
1887 1653 1920 1680 10

98 1726 138 1764 2.
173 1724 224 1765 Ei
258 1723 395 1766 statim
428 1722 615 1780 rescripsi
647 1722 933 1779 hominemque
969 1726 1122 1764 certum
1156 1721 1249 1763 misi
1282 1720 1331 1762 de
1366 1718 1582 1762 comitibus
1624 1717 1738 1769 meis,
1783 1730 1864 1757 non

94 1811 297 1851 quaerere,
332 1796 404 1839 ubi
436 1797 640 1839 tutissimo
674 1812 801 1839 essem
812 1816 823 1849 ;
872 1797 906 1838 si
937 1812 1001 1838 me
1035 1796 1155 1838 vellet
1188 1811 1260 1837 sua
1304 1798 1375 1836 aut
1415 1793 1474 1834 rei
1515 1791 1701 1848 publicae
1745 1804 1866 1831 causa

94 1870 305 1912 Luceriam
337 1870 488 1920 venire,
524 1871 663 1912 statim
697 1885 782 1912 esse
817 1875 1035 1912 venturum
1043 1888 1055 1922 3
1089 1869 1356 1923 hortatusque
1388 1881 1492 1917 sum,
1526 1869 1573 1906 ut
1605 1879 1716 1906 oram
1748 1861 1865 1904 mari-

94 1943 235 1984 timam
268 1943 474 1994 retineret,
511 1944 544 1984 si
576 1959 659 1985 rem
694 1943 998 1986 frumentariam
1032 1942 1111 1985 sibi
1143 1959 1192 1985 ex
1219 1941 1438 1998 provinciis
1460 1937 1710 1996 suppeditari
1731 1936 1865 1978 vellet.

99 2016 186 2056 Hoc
219 2030 282 2057 me
315 2015 465 2057 frustra
498 2016 671 2058 scribere
705 2016 908 2059 videbam.
965 2016 1058 2068 Sed,
1092 2016 1153 2057 uti
1185 2015 1230 2056 in
1262 2014 1362 2056 urbe
1401 2011 1612 2055 retinenda
1653 2015 1766 2059 tunc,
1808 2008 1864 2050 sic
1890 2019 1920 2044 15

96 2103 204 2130 nunc
237 2088 281 2129 in
315 2088 435 2130 Italia
468 2105 551 2131 non
584 2090 850 2146 relinquenda
882 2089 1129 2133 testificabar
1163 2088 1406 2131 sententiam
1449 2101 1593 2128 meam,
1649 2085 1714 2126 Sic
1758 2083 1865 2125 enim

96 2161 225 2216 parari
258 2160 389 2212 video,
423 2167 471 2204 ut
503 2162 719 2205 Luceriam
753 2179 891 2205 omnes
925 2164 1064 2219 copiae
1099 2152 1406 2211 contrahantur,
1448 2164 1495 2201 ut
1533 2174 1583 2200 ne
1625 2160 1660 2201 is
1704 2157 1866 2214 quidem

94 2234 206 2276 locus
240 2234 396 2276 stabilis
431 2236 528 2291 (sit),
564 2237 634 2278 sed
666 2253 715 2279 ex
749 2253 795 2279 eo
828 2238 932 2293 ipso,
968 2238 1001 2278 si
1047 2251 1277 2292 urgeamur,
1320 2237 1485 2290 paretur
1533 2232 1644 2288 fuga.
1701 2233 1743 2273 3.
1777 2231 1869 2283 Quo

95 2308 229 2350 minus
262 2310 418 2360 mirere,
463 2310 496 2351 si
530 2310 683 2352 invitus
717 2312 759 2353 in
793 2327 880 2353 eam
915 2326 1077 2353 causam
1122 2309 1336 2358 descend0‚
1380 2308 1424 2349 in
1466 2322 1546 2362 qua
1586 2321 1715 2362 neque
1759 2305 1869 2361 pacis

139 2475 160 2503 4
181 2482 238 2504 nec
260 2474 363 2504 famen
386 2476 450 2504 tam
473 2475 560 2505 laeta
583 2494 624 2499 —
647 2476 664 2506 5
688 2486 777 2517 quam
801 2476 846 2505 ml
867 2487 912 2506 me
936 2495 975 2498 —
999 2474 1038 2508 17
1064 2473 1305 2509 contrahantur,
1337 2475 1367 2503 el
1392 2483 1430 2503 ne
1452 2472 1480 2503 is
1502 2483 1528 2513 q.
1551 2471 1573 2502 l.
1597 2469 1734 2508 stabilis,
1756 2468 1813 2500 Sed
1833 2487 1872 2491 -—

141 2622 159 2661 ξ
183 2622 211 2652 1.
236 2620 364 2652 Literae
398 2641 431 2645 —
461 2632 481 2652 a
507 2621 661 2662 Pompeio.
683 2622 760 2653 Non
784 2627 832 2653 est
851 2623 958 2654 brevis
980 2621 983 2656 1
1012 2620 1144 2652 Caesari
1176 2621 1366 2660 occupanda
1408 2619 1629 2660 1·elinque1·e.'''
1671 2616 1868 2650 Gronovius.

98 2675 236 2716 epistola
259 2674 420 2715 Pompeii,
449 2684 533 2715 quae
557 2675 679 2715 legitur
711 2676 743 2706 h.
767 2676 789 2706 l.
812 2681 886 2716 post
909 2685 960 2716 ep.
981 2696 984 2714 ,
1012 2673 1236 2715 Derelinquere
1259 2674 1393 2714 gravius
1416 2682 1474 2710 est,
1497 2683 1597 2714 quam
1619 2671 1762 2712 simplex
1776 2671 1872 2702 relin-

98 2728 134 2758 11
158 2728 213 2765 A.,
236 2731 271 2758 ut
293 2727 461 2768 apparebit
483 2732 722 2768 argumentum
751 2728 804 2758 hic
828 2738 846 2759 a
870 2727 959 2760 Cice·
982 2722 983 2747 3
1011 2737 1113 2769 quere,
1125 2736 1257 2767 prorsus
1271 2727 1458 2767 relinquere
1471 2732 1501 2757 et
1515 2727 1673 2757 deserere.
1694 2724 1744 2756 Cf.
1757 2723 1868 2755 Halm.

99 2789 178 2812 rone
201 2780 382 2811 indicatum
404 2789 480 2811 cum
512 2780 571 2811 illa
599 2781 746 2822 epistola,
775 2781 960 2813 clausulam
981 2769 983 2822 1
1011 2782 1052 2812 ad
1074 2786 1155 2811 orat.
1178 2790 1208 2820 pi
1234 2779 1330 2811 Caec.
1355 2780 1426 2811 103.

99 2835 217 2865 harum
238 2833 410 2865 literarum
431 2843 506 2864 cum
528 2833 586 2864 illa
608 2835 821 2875 comparanti.
1054 2834 1153 2875 Caput
1174 2834 1273 2874 ipsum
1296 2843 1330 2864 o:
1354 2834 1506 2865 Romam.

143 2886 257 2918 Cetera
283 2905 323 2909 —-
346 2886 536 2917 Philotimus
555 2887 740 2927 scripserat.
764 2888 815 2918 Ita
839 2888 873 2919 in
889 2889 960 2919 cod.
982 2894 983 2915 1
1052 2888 1070 2928 ξ
1094 2888 1123 2919 2.
1149 2887 1219 2919 Non
1241 2897 1405 2929 quaerere.
1430 2887 1624 2918 Subiectum
1648 2885 1802 2917 infinitivi
1818 2885 1871 2916 de-

103 2940 192 2972 Med.
224 2946 282 2978 est,
314 2940 378 2971 nisi
409 2941 495 2981 quod
525 2946 598 2981 post
627 2952 718 2983 quam
759 2952 802 2973 ex
842 2940 959 2974 Orellii
981 2925 984 2984 1
1010 2941 1127 2978 sidero,
1167 2941 1225 2972 sed
1266 2940 1382 2971 dubito
1422 2940 1507 2971 sime
1545 2939 1794 2979 corrigendum:
1832 2938 1871 2968 de

102 2993 289 3024 coniectura
313 2993 437 3024 inserui
458 3003 548 3034 quae,
564 2998 599 3024 ut
615 2994 720 3025 oratio
743 2994 836 3026 fieret
850 2994 959 3035 plana.
1011 2993 1181 3032 comitibus,
1209 3004 1255 3025 me
1282 3003 1344 3025 non
1374 3004 1534 3036 quaerere,
1573 3004 1614 3025 an
1643 2993 1682 3024 de
1711 2991 1872 3024 comitibus

100 3046 178 3078 Non
208 3046 375 3088 pertinent
403 3046 478 3084 huc,
510 3056 593 3087 quae
624 3046 740 3079 Cicero
761 3048 802 3080 de
824 3048 891 3080 illis
914 3057 960 3080 re·
983 3081 985 3098 1
1011 3047 1097 3085 meis,
1120 3057 1182 3078 non
1203 3056 1354 3088 quaerere
1375 3057 1432 3078 me.

104 3099 164 3131 bus
189 3100 317 3141 scripsit
339 3101 380 3131 ad
402 3099 601 3141 Pompeium
623 3110 675 3142 ep.
703 3101 740 3133 11
762 3102 812 3139 Β.,
836 3102 864 3132 1.
983 3106 985 3143 1
1057 3101 1096 3133 Ut
1117 3112 1157 3134 ne
1185 3101 1213 3132 is
1245 3100 1365 3143 quidem
1395 3102 1483 3133 locus
1515 3101 1642 3133 stabilis
1666 3100 1743 3140 (sit).
1769 3099 1871 3132 Codd.

146 3151 207 3183 Pro
230 3152 382 3184 derelicto
405 3152 518 3184 habere
541 3163 599 3183 aa:
629 3163 695 3184 non
720 3163 813 3193 posse
832 3154 915 3185 tueri
931 3158 961 3185 et
1013 3157 1043 3185 e!
1066 3173 1107 3178 ——
1129 3155 1263 3185 stabilis.
1308 3156 1467 3186 Ernestus
1491 3155 1570 3186 vidit
1593 3155 1780 3186 addendum
1804 3163 1872 3185 esse
