2062 3565
676 134 782 175 LIB.
818 134 941 176 XIII.
978 134 1060 175 ΕΡ.
1101 135 1170 174 19.
1208 137 1279 174 2⁰.
1774 134 1858 171 229

90 275 282 324 Varrone,
317 278 519 327 tamquam
555 270 768 331 ἕρμαιον
802 271 966 326 arripui.
1013 270 1159 325 Aptius
1192 285 1277 310 esse
1312 268 1413 310 nihil
1449 267 1580 323 potuit
1612 267 1661 308 ad
1695 266 1736 308 id
1771 266 1858 322 phi-

88 346 291 404 losophiae
323 360 465 401 genus,
501 360 581 400 quo
613 345 681 387 ille
717 344 887 386 maxime
924 342 1024 384 mihi
1058 342 1247 384 delectari
1283 341 1454 391 videtur,
1490 355 1675 396 measque
1710 345 1855 396 partes,

89 425 136 464 ut
166 434 248 462 non
282 419 357 461 sim
391 423 630 461 consecutus
664 423 710 460 ut
743 418 922 474 superior
955 431 1042 457 mea
1075 431 1194 458 causa
1228 414 1425 456 videatur.
1463 415 1567 456 Sunt
1599 413 1705 455 enim
1741 412 1855 454 vehe-

88 498 241 536 menter
287 490 491 536 πιθανά
538 490 852 550 Ἀντιόχεια,
894 505 996 547 quae
1041 490 1254 545 diligenter
1298 506 1320 529 a
1365 504 1425 529 1110
1470 503 1654 543 expressa
1687 502 1854 528 acumen

88 567 238 611 habent
281 567 488 618 Antiochi,
533 567 703 609 nitorem
748 566 940 607 orationis
985 568 1180 612 nostrum,
1226 562 1256 603 si
1304 561 1422 602 modo
1466 561 1498 602 is
1542 565 1602 602 est
1635 561 1779 617 aliquis
1812 562 1855 603 in

87 640 217 684 uobis.
251 641 329 684 Sed
362 647 408 683 tu
441 640 647 683 dandosne
681 646 797 696 putes
832 639 903 681 hos
936 637 1059 680 libros
1096 636 1264 679 Varroni
1299 636 1418 677 ctiam
1454 641 1574 690 atque
1609 634 1727 676 ctiam
1749 633 1854 675 vidc-

86 716 162 758 bis.
197 715 303 758 Mihi
336 714 533 771 quaedam
567 723 797 765 occurrunt,
833 714 902 757 sed
935 726 982 756 ea
1014 725 1159 753 coram.

126 836 146 867 2
167 844 280 877 easque
300 853 342 858 —

85 956 161 978 cum
184 945 305 979 Catulo
326 945 509 986 ceterisque
531 945 713 983 contulisse,
736 946 861 977 indicat
882 956 947 979 ser-

87 1000 178 1032 moni
191 1000 241 1032 illi
254 1010 288 1032 se
299 1009 432 1042 quoque
448 999 647 1036 interfuisse,
661 1001 750 1040 quod
761 1006 889 1032 constat
904 1011 947 1033 ex
970 1027 972 1044 ;

86 1053 175 1086 illius
199 1053 400 1085 recensionis
423 1053 510 1084 libro
532 1053 688 1090 secundo,
711 1053 768 1094 qui
791 1060 947 1095 superest.
970 1045 973 1060 ⁸

971 1142 973 1146 χ
995 1108 1134 1140 Beierus
1157 1108 1198 1139 ad
1220 1106 1283 1140 Off.
1307 1107 1334 1138 Ι.
1358 1116 1389 1147 p.
1414 1105 1484 1138 307.

126 1106 243 1147 Aptius
265 1115 332 1138 esse
351 1106 436 1137 nihil
451 1105 559 1147 potuit
572 1116 627 1147 np.
645 1116 745 1147 quam
757 1107 843 1138 illud
855 1111 950 1138 tuum

87 1161 274 1198 inventum,
297 1169 397 1202 quam
425 1159 586 1191 Varronis
609 1169 759 1201 persona.

127 1213 276 1256 Measque
293 1215 416 1254 partem
445 1212 482 1245 Si
506 1213 683 1245 lectionem
707 1214 879 1254 vulgatam
903 1224 950 1246 se-

88 1268 230 1311 quimur,
252 1268 305 1299 his
334 1267 444 1299 verbis
481 1267 566 1299 nihil
596 1267 688 1299 aliud
722 1268 817 1306 inest,
851 1279 952 1310 quam

88 1325 178 1367 quod
210 1324 480 1366 praecedentibus
509 1324 575 1355 iam
606 1324 732 1355 dictum
762 1329 841 1356 erat.
884 1323 951 1356 Sed

88 1378 208 1410 Rosius
230 1382 319 1409 recte
341 1387 483 1419 measque
504 1379 630 1418 parte-³,
663 1377 760 1419 idque
794 1387 872 1408 cum
893 1377 951 1409 Er-

88 1435 182 1463 nesto
206 1430 322 1471 recepi.
345 1429 437 1461 Dicit
459 1429 575 1462 Cicero
601 1425 788 1462 Varronem
810 1431 874 1462 sibi
898 1441 952 1472 ap-

87 1491 159 1517 tum
181 1485 290 1517 visum
311 1493 382 1516 esse
403 1485 445 1516 ad
466 1484 629 1516 Antiochi
652 1479 862 1517 'sententiam
898 1485 952 1517 de-

970 966 971 980 :
994 949 1101 980 verior
1124 948 1296 979 nonnullis
1320 947 1494 983 videretur,
1519 955 1618 987 quam
1641 955 1709 976 sua.

1035 1000 1069 1031 Si
1093 1001 1180 1033 modo
1207 1001 1235 1031 is
1258 1002 1304 1031 est
1335 999 1450 1042 aliquis
1480 999 1515 1029 in
1548 997 1645 1029 nobis.
1675 997 1857 1028 Modestiae

994 1054 1148 1091 formula,
1171 1054 1285 1095 quales
1308 1063 1325 1084 e
1358 1051 1527 1084 Ciceronis
1563 1051 1693 1092 scriptis
1722 1050 1858 1091 collegit

1040 1161 1123 1193 Mihi
1141 1161 1294 1203 quaedam
1306 1162 1475 1192 occurrunt
1490 1170 1522 1191 o:
1546 1159 1709 1201 quaedam
1722 1158 1756 1189 in
1770 1167 1859 1189 men-

997 1221 1064 1248 tem
1088 1215 1237 1253 veniunt,
1260 1224 1362 1256 quare
1385 1214 1544 1245 dubitem.
1580 1212 1659 1244 Vid.
1684 1221 1734 1253 ep.
1757 1211 1807 1249 22,
1830 1212 1858 1242 3.

972 1297 975 1308 ,
998 1269 1049 1308 23,
1072 1270 1102 1301 2.
1131 1269 1225 1300 Haec
1247 1269 1362 1300 eadem
1387 1271 1579 1308 repetuntur
1601 1276 1651 1307 ep.
1675 1266 1725 1304 22,
1749 1266 1776 1296 l.
1810 1265 1860 1296 De

996 1324 1060 1355 hoc
1072 1333 1134 1355 usu
1147 1323 1241 1355 verbi
1253 1321 1442 1354 occurrendi
1454 1322 1521 1352 vid.
1536 1320 1688 1358 Kuhner,
1702 1320 1743 1350 ad
1761 1319 1860 1350 Tusc.

999 1377 1027 1408 I.
1050 1376 1101 1407 49.
1124 1375 1167 1407 cf.
1192 1375 1268 1407 Mil.
1292 1376 1344 1406 25.
1376 1374 1452 1405 Fin.
1475 1374 1538 1405 IV.
1570 1374 1621 1404 43.
1663 1372 1700 1404 Si
1731 1372 1860 1403 dativus

998 1431 1136 1469 abesset,
1160 1429 1312 1472 quaedam
1349 1430 1517 1460 occurrunt
1545 1431 1654 1469 posset
1685 1425 1858 1468 explicari:

997 1484 1160 1525 quaedam
1183 1483 1324 1520 obstant,
1347 1482 1571 1518 adversantur,
1605 1487 1640 1511 ut
1663 1477 1799 1511 occurrit
1821 1477 1858 1508 il-

88 1538 297 1576 fendendam,
320 1538 527 1579 eundemque
549 1542 671 1580 aptum,
704 1548 846 1580 quocum
882 1538 951 1580 ipse
975 1526 1055 1578 llud
1077 1543 1109 1570 et
1131 1537 1208 1580 quid
1236 1538 1383 1568 occurrat
1412 1540 1498 1567 recte
1532 1535 1789 1575 interpretantur
1826 1532 1859 1563 in

88 1592 292 1634 disputaret„
317 1590 378 1623 etsi
413 1591 548 1624 fortasse
578 1591 739 1623 Varronis
771 1591 951 1633 disputatio
976 1580 1072 1634 lMii.
1096 1592 1136 1622 48
1160 1595 1192 1622 et
1214 1590 1290 1622 Fin.
1312 1589 1358 1621 Π.
1382 1589 1452 1620 108.

700 1696 792 1740 XX.

857 1699 923 1751 (A.
966 1699 1011 1739 U.
1050 1699 1092 1739 C.
1131 1698 1249 1752 709.)

155 1819 192 1858 1.
228 1820 262 1859 A
296 1819 462 1859 Caesare
496 1816 631 1857 literas
665 1815 800 1870 accepi
823 1814 1123 1863 consolatorias,
1149 1812 1263 1854 datas
1288 1811 1417 1869 pridie
1440 1811 1533 1852 Kal.
1560 1809 1659 1852 Mai.
1685 1809 1859 1865 Hispali.

89 1891 148 1932 De
181 1891 281 1933 urbe
313 1891 497 1946 augenda
530 1889 628 1945 quid
662 1889 714 1930 sit
747 1888 1043 1944 promulgatum
1080 1903 1161 1928 non
1194 1886 1400 1928 inteflexi:
1427 1885 1470 1927 id
1488 1885 1587 1926 scire
1612 1898 1705 1926 sane
1725 1883 1858 1924 velim.

87 1965 288 2020 Torquato
322 1970 458 2007 nostra
491 1964 620 2006 officia
652 1968 766 2018 grata
799 1977 883 2004 esse
917 1962 1033 2004 facile
1067 1962 1210 2017 patior,
1246 1976 1371 2015 eaque
1396 1974 1542 2014 augere
1564 1972 1646 1999 non
1664 1956 1858 1998 desinam.

91 2041 131 2079 2.
169 2037 230 2079 Ad
264 2038 520 2094 Ligarianam
553 2037 602 2078 de
637 2051 758 2077 uxore
791 2035 1015 2078 Tuberonis
1049 2042 1090 2077 et
1119 2035 1302 2091 privigna
1337 2049 1464 2089 neque
1501 2046 1663 2088 possum
1686 2031 1767 2072 iam
1790 2030 1858 2071 ad·
1901 2043 1911 2048 ’

88 2112 179 2154 dere
215 2138 270 2142 —
296 2119 357 2154 est
389 2113 497 2153 enim
530 2110 762 2167 pervulgata
799 2136 870 2161 —,
906 2125 1034 2165 neque
1078 2108 1331 2151 Tuberonem
1369 2108 1456 2149 volo
1491 2104 1715 2157 offendere3
1750 2104 1858 2146 miri·

132 2264 148 2293 5
174 2261 244 2303 [Ad
266 2261 488 2304 Isiyan'anam]
512 2279 550 2283 ——

131 2410 149 2449 ξ
175 2412 202 2442 1.
226 2409 644 2441 Litteras—consolatorias
654 2410 695 2440 de
704 2409 835 2441 Tulliae
847 2409 950 2440 obitu.
972 2410 976 2456 Ι
997 2409 1055 2439 sit:
1087 2408 1168 2438 imae
1191 2406 1325 2437 laborem
1349 2405 1394 2435 ad
1418 2403 1605 2446 quotidiana
1639 2411 1733 2442 opera
1763 2400 1858 2431 adde-

136 2464 180 2495 De
203 2464 276 2495 urbe
297 2462 455 2504 auqenda.
479 2462 530 2495 Cf.
548 2463 588 2494 ad
603 2472 653 2503 ep.
666 2463 715 2497 33
731 2462 762 2500 4,
775 2471 859 2503 quae
875 2466 950 2493 ante

91 2520 176 2551 hanc
197 2519 318 2559 scripta
342 2524 400 2549 est.
973 2527 976 2560 ι

136 2570 289 2613 Torquato
313 2576 374 2603 cet.
398 2569 446 2602 Cf.
472 2579 522 2611 ep.
545 2570 579 2605 9,
603 2569 615 2599 l
641 2575 674 2600 et
697 2568 746 2604 21,
770 2568 800 2598 2.
974 2561 975 2570 ¹

134 2628 152 2667 ξ
175 2627 204 2658 2.
228 2626 280 2657 Ad
300 2626 516 2668 Ifiqarianam.
540 2625 615 2655 Non
640 2624 801 2656 assentior
822 2623 950 2656 Orellio
973 2630 975 2635 ⁴

91 2689 123 2714 et
146 2681 340 2713 Hofmanno
362 2690 392 2721 p.
410 2681 450 2710 45
464 2679 546 2710 haec
558 2679 592 2709 in
606 2688 710 2717 marg.
728 2678 817 2709 Crat.
831 2687 849 2709 e
863 2677 949 2718 glos-

93 2739 215 2766 semate
237 2733 436 2775 pervenisse.
465 2732 607 2767 Atticus,
631 2731 688 2772 qui
710 2731 822 2771 aliqua
844 2730 878 2761 in
897 2729 951 2760 Li·
974 2721 975 2738 ³

93 2787 264 2828 gai-ianam
297 2786 406 2817 addita
444 2785 585 2821 volebat,
622 2793 702 2815 sane
735 2783 870 2824 quidem
899 2783 952 2814 his

92 2841 202 2873 verbis
235 2839 365 2871 omissis
398 2839 595 2871 Ciceronem
628 2837 864 2873 intellexisset;
894 2837 951 2868 sed

93 2896 174 2937 quid
195 2894 389 2937 prohibebat
412 2894 510 2930 hunc,
533 2892 712 2933 quominus
735 2897 844 2924 tamen
857 2891 952 2923 adde-

93 2950 167 2983 ret?
190 2950 227 2982 Si
249 2949 456 2986 omittuntur,
479 2948 599 2979 deinde
621 2947 719 2979 scribi
737 2947 835 2979 debet
847 2946 952 2978 oratio

94 3006 142 3035 est
165 3004 245 3035 enim
262 3003 466 3045 pervulqata.
499 3001 618 3042 Neque
647 3001 844 3032 insolentior
876 3011 951 3032 cou-

94 3056 230 3089 structio
253 3055 373 3087 addere
395 3054 440 3085 ad
460 3053 585 3096 aliquid
615 3063 675 3085 nos
705 3054 872 3086 offendere
899 3055 952 3086 de-

99 3111 160 3141 bet.
192 3109 333 3141 Liviana
363 3107 515 3149 exempla
546 3107 684 3147 collegit
714 3107 881 3138 Drakenb.
911 3107 952 3138 ad

77 3164 163 3210 du.
187 3164 235 3201 11,
259 3164 289 3195 6.
313 3162 434 3195 Caesar
455 3171 584 3204 quoque
608 3162 646 3195 B.
669 3160 706 3194 C.
726 3161 844 3194 111.49
854 3160 945 3203 scrip

976 2847 977 2852 ¹
999 2846 1070 2873 erat
1089 2840 1196 2872 Tullii
1219 2840 1347 2871 adfinis.
1371 2838 1435 2869 vid.

997 2463 1084 2494 bant.
1107 2463 1223 2503 Neque
1246 2461 1350 2502 ipsius
1373 2460 1480 2492 Tullii
1495 2458 1672 2490 auctoritas
1688 2458 1789 2494 deest,
1801 2457 1858 2497 qui

997 2517 1092 2548 Fam.
1115 2515 1195 2548 XV.
1230 2515 1280 2553 20,
1309 2516 1329 2546 2
1357 2514 1486 2546 scribit:
1522 2512 1568 2543 ad
1598 2521 1732 2543 amorem
1762 2520 1858 2541 meum

973 2573 975 2605 J
997 2570 1195 2612 aliquantum
1220 2589 1260 2593 —
1282 2567 1448 2600 addidisti.

1039 2623 1087 2654 De
1109 2633 1207 2654 uxore
1232 2621 1400 2653 Tuberonis
1429 2623 1461 2651 et
1486 2618 1636 2661 priviqna
1669 2618 1753 2649 nihil
1784 2627 1857 2648 con-

972 2675 974 2689 '
998 2681 1071 2708 stat.
1095 2676 1182 2707 Nam
1204 2675 1333 2707 fallitur
1356 2673 1541 2706 Scholiasta
1564 2670 1666 2703 Gron.
1685 2671 1727 2702 ad
1745 2670 1857 2710 Ligar.

1000 2730 1016 2761 l
1047 2740 1182 2761 narrans
1215 2728 1257 2768 Q.
1289 2729 1502 2759 Tuberonem
1532 2734 1673 2756 uxorem
1704 2724 1857 2754 habuisse

1000 2785 1169 2818 Ciceronis
1193 2794 1348 2816 sororem.
1385 2783 1497 2815 Huius
1531 2785 1622 2822 pater
1655 2780 1695 2811 L.
1725 2779 1856 2810 Tubero

1473 2837 1551 2868 ibid.
1575 2836 1624 2866 21.
1669 2833 1856 2865 Gronovius

999 2900 1109 2926 autem
1131 2899 1225 2925 acute
1246 2892 1389 2924 coniecit
1411 2890 1624 2921 Tuberonem
1646 2888 1687 2918 ad
1706 2896 1856 2917 accusan-

999 2949 1082 2979 dum
1102 2947 1276 2988 Ligarium
1302 2946 1344 2977 ab
1365 2945 1417 2976 his
1439 2942 1634 2975 mulieribus
1663 2941 1854 2979 instigatum

999 3001 1115 3038 fuisse3
1140 3001 1231 3042 quod
1252 3000 1296 3030 ita
1320 2999 1353 3030 in
1384 2998 1532 3029 oratione
1565 2995 1628 3026 dici
1658 2998 1792 3034 poterat,
1822 2999 1856 3022 ut

999 3054 1187 3087 Tuberonis
1208 3053 1305 3094 culpa
1327 3056 1515 3092 augeretur.

1043 3106 1219 3149 offendere.
1244 3104 1346 3138 Codd.
1370 3104 1485 3135 vitiose
1497 3101 1681 3143 defendere.
1705 3099 1855 3137 Correxit

1000 3161 1186 3194 Schutzius.
