2062 3565
198 149 254 183 134
585 146 668 185 ΕΡ.
703 144 778 184 AD
811 144 856 182 T.
925 140 1211 182 POMPOMI
1228 141 1273 181 M
1307 142 1495 182 A's'l'ffl
1513 144 1569 183 M.

197 279 325 332 rogari
361 293 438 319 non
475 278 527 318 sit
559 279 636 327 ius,
671 283 871 332 praetores
916 283 1064 326 autem,
1099 290 1223 330 quum
1257 276 1314 316 ita
1346 283 1551 330 rogentur,
1586 285 1632 319 ut
1664 279 1838 334 collegae
1873 295 1966 321 con-

199 350 352 392 sulibus
386 352 479 401 sint,
516 365 684 405 quorum
717 356 778 390 est
812 350 942 390 maius
976 349 1202 404 imperium.
1246 348 1401 410 Aberit*
1421 365 1501 391 non
1536 351 1667 407 longe,
1702 354 1802 408 quin
1837 353 1913 394 1100
1946 369 1968 395 a

202 439 261 463 me
296 423 455 464 decerni
490 423 598 473 velit,
634 438 763 477 neque
798 423 851 463 sit
883 428 1098 463 contentus
1131 421 1275 471 Galba,
1310 424 1513 475 Scaevola,
1547 425 1699 476 Cassio,
1735 428 1928 468 Antonio.

389 532 509 575 Τότε
541 548 628 588 μοι
664 532 822 590 χάνοι
857 537 1018 591 εὐρεῖα
1055 532 1222 590 χθων.

165 662 242 701 -.·,1«.
293 658 370 699 Sed
421 663 570 711 quanta
617 663 834 712 tempestas
882 656 1114 712 impendeat
1165 656 1289 698 vides.
1345 657 1426 709 Qui
1473 659 1705 700 transierint
1770 666 1971 702 senatores
2027 686 2031 687 ν

144 1034 178 1061 10

145 1403 176 1428 15

201 730 369 771 scribam
421 729 469 771 ad
504 739 557 780 te,
593 745 715 784 quum
751 736 905 770 certum
937 728 1108 770 habebo.
1160 730 1219 770 De
1254 746 1294 771 re
1329 730 1589 772 frumentaria
1624 738 1729 773 recte
1762 733 1969 788 intelligis,

201 818 300 857 quac
346 803 456 844 nullo
504 802 622 844 modo
672 803 943 844 administrari
989 803 1073 843 81110
1122 802 1385 857 vectigalibus
1433 810 1577 858 potest,
1626 821 1696 846 1100
1731 806 1816 847 81110
1851 821 1970 848 causa

200 885 239 916 et
289 892 367 926 0118,
419 877 487 930 qui
537 876 686 917 circum
730 877 843 917 111010
889 882 997 926 sunt,
1047 877 1179 917 omnia
1231 877 1480 932 postulantes
1514 884 1554 918 et
1587 877 1738 919 bellum
1771 878 1967 920 nefarium

199 949 330 990 times.
385 949 617 990 Trebatium
668 956 863 999 nostrum,
909 950 998 1000 etsi,
1048 959 1090 990 ut
1135 949 1290 1000 scribis,
1341 951 1442 991 1111111
1493 950 1592 992 110110
1639 958 1784 1007 sperat,
1834 959 1968 994 tamen

200 1022 331 1063 videre
377 1038 470 1064 sane
516 1023 654 1074 velim3
699 1039 817 1078 quem
860 1023 920 1064 fac
974 1023 1143 1064 horteris
1178 1032 1223 1064 ut
1259 1032 1454 1079 properet.
1507 1026 1744 1080 Opportune
1777 1026 1885 1068 enim
1919 1025 1969 1067 ad
2027 1023 2034 1038 ²

200 1112 261 1137 me
306 1101 396 1137 ante
441 1096 658 1137 adventum
704 1098 884 1137 Caesaris
935 1097 1099 1137 venerit.
1172 1097 1232 1137 De
1282 1097 1493 1139 Lanuvino
1543 1098 1693 1148 statim,
1739 1104 1786 1140 ut
1833 1098 1971 1140 audivi

200 1171 415 1212 Phameam
459 1176 677 1224 mortuum,
719 1171 867 1226 optavi,
914 1171 947 1211 si
981 1170 1098 1212 modo
1133 1180 1236 1211 esset
1270 1170 1406 1212 futura
1439 1187 1500 1213 res
1533 1171 1709 1227 publica,
1744 1177 1790 1212 ut
1821 1170 1864 1213 id
1898 1171 1968 1212 ali·

201 1243 288 1298 quis
323 1258 514 1294 meorum,
555 1259 685 1298 neque
718 1250 854 1285 tamen
888 1245 936 1285 de
971 1254 1023 1295 te,
1060 1245 1129 1299 1101
1162 1245 1333 1286 maxime
1367 1259 1480 1286 meus
1513 1247 1599 1299 (es),
1634 1244 1822 1299 cogitavi.
1857 1244 1964 1286 Scie-

200 1315 290 1356 bam
341 1316 447 1357 enim
488 1322 526 1357 tc
576 1323 698 1371 quoto
748 1332 853 1357 anno
896 1322 936 1358 et
980 1321 1175 1371 quantum
1220 1317 1262 1358 in
1307 1317 1390 1358 8010
1422 1317 1564 1358 ,801010
1599 1332 1800 1372 (10001010,
1835 1332 1965 1372 neque

201 1389 327 1430 solum
364 1390 526 1440 Romae,
563 1390 631 1431 sed
665 1390 786 1430 etiam
819 1390 910 1430 Deli
945 1398 1062 1431 tuum
1095 1389 1297 1444 digamma
1330 1389 1522 1431 videram.
1572 1390 1858 1432 Verumtamen
1891 1405 1965 1445 ego

200 1461 316 1512 illud,
363 1477 604 1518 quamquam
647 1468 707 1503 est
750 1461 914 1513 bellum,
960 1463 1124 1503 minoris
1171 1463 1352 1513 aestimo,
1387 1478 1506 1517 quam
1540 1461 1827 1504 aestimabatur
1860 1463 1967 1504 Mar-

202 1536 345 1577 cellino
379 1536 556 1587 consule,
592 1552 716 1590 quum
750 1551 823 1591 ego
856 1536 955 1577 istos
989 1535 1169 1577 hortulos
1202 1542 1364 1591 propter
1391 1535 1570 1587 domum,
1595 1536 1712 1577 Antii
1737 1550 1857 1591 quam
1878 1541 1968 1578 tum

202 1609 412 1660 habebam,
462 1608 718 1650 iucundiores
763 1609 862 1650 mihi
903 1609 984 1650 sore
1036 1608 1228 1664 putabam
1273 1617 1313 1649 et
1358 1609 1510 1651 minore
1554 1610 1748 1665 impensa,
1783 1624 1903 1664 quam
1937 1610 1972 1651 si

201 1683 474 1725 Tusculanum
518 1683 757 1724 refecissem.
826 1683 946 1724 Volui
1002 1684 1083 1725 ils.
1130 1683 1181 1735 Q.
1238 1682 1314 1737 Egi
1360 1699 1428 1738 per
1471 1683 1680 1739 praedem,
1726 1683 1792 1725 1110
1842 1683 1970 1735 daret,

148 1769 183 1795 ρο
205 1756 317 1797 Antii
370 1771 491 1810 (100111
543 1755 707 1797 habel-ct
756 1756 913 1796 venale:
961 1756 1104 1797 uoluit.
1155 1755 1232 1797 Sed
1287 1771 1395 1796 110110
1436 1757 1570 1797 omnia
1602 1757 1680 1797 ista
1711 1756 1840 1798 iacere
1871 1761 1971 1812 puto

204 1836 364 1885 propter
398 1844 612 1870 numorum
657 1828 878 1869 caritatem.
930 1829 1034 1869 Mihi
1069 1828 1231 1881 quidem
1265 1828 1341 1869 erit
1374 1829 1625 1884 aptissimum
1659 1829 1721 1871 vel
1752 1827 1870 1870 nobis
1902 1844 1971 1884 po-

203 1903 299 1952 tius,
346 1902 379 1942 si
423 1909 469 1942 tu
503 1901 659 1942 emeris.
693 1901 770 1942 Sed
805 1901 891 1941 0108
927 1900 1153 1943 dementias
1187 1916 1279 1942 cave
1314 1906 1560 1942 contemnas.
1597 1901 1722 1944 Valde
1755 1907 1816 1943 est
1849 1917 1972 1944 venu-

249 2081 266 2109 5
290 2079 487 2109 transierunt
510 2088 618 2110 errore
641 2085 769 2119 typogr.
792 2097 832 2100 —
857 2078 894 2108 13
918 2087 1009 2114 meus,
1032 2079 1167 2118 coqitavi
1190 2097 1227 2101 —
1253 2079 1290 2110 19
1321 2078 1411 2110 Votai
1433 2081 1450 2113 ‘l’
1473 2079 1515 2110 H.
1540 2079 1563 2109 S
1603 2080 1644 2118 Q.
1666 2098 1708 2102 —

209 2238 382 2278 impen‘um
416 2238 527 2269 minus
558 2238 655 2268 habet
684 2242 821 2278 praetor,
845 2236 951 2267 maius
973 2237 1072 2267 habet
1095 2244 1098 2288 1
1118 2237 1234 2269 Romae
1255 2246 1343 2269 certe
1368 2248 1435 2269 non
1459 2238 1616 2276 habebat3
1651 2239 1722 2276 hoc,
1753 2239 1840 2280 quia,
1869 2240 1898 2270 si
1920 2239 1974 2271 vel

209 2291 334 2328 consul,
360 2297 391 2322 et
414 2302 430 2322 a
454 2291 582 2323 minore
604 2291 742 2331 imperio
765 2290 871 2321 maius
893 2296 949 2320 aut
967 2290 1072 2320 maior
1095 2319 1097 2322 ,
1119 2292 1263 2323 maxime
1298 2292 1432 2332 aliquod
1478 2293 1648 2333 praedium
1680 2293 1715 2323 'm
1753 2293 1861 2324 insula
1890 2292 1976 2324 Delo

212 2348 342 2387 collega
364 2348 472 2387 rogari
495 2348 565 2378 iure
587 2357 654 2378 non
677 2346 871 2387 potest.''cf.
887 2347 920 2377 h.
937 2347 958 2377 l.
975 2347 1023 2384 15,
1042 2347 1071 2377 52.
1094 2374 1095 2378 ,
1118 2345 1276 2383 110110οή1,
1300 2350 1389 2377 certo
1412 2346 1458 2376 ibi
1481 2346 1626 2377 codicem
1648 2346 1771 2387 accepti
1793 2356 1860 2378 non
1878 2346 1974 2378 habe·

253 2403 271 2442 §
294 2404 324 2432 4.
348 2401 397 2432 De
419 2401 582 2432 Lanuvino
605 2408 665 2432 cet.
688 2401 730 2432 cf.
753 2411 802 2442 ep.
827 2401 876 2438 13,
901 2401 929 2438 6,

250 2453 387 2484 Sciebam
411 2454 490 2484 enim
514 2457 546 2484 te
565 2471 607 2475 —
629 2463 781 2494 quaerere

210 2562 295 2593 leres
317 2570 483 2602 quaerere,
506 2570 586 2601 ager
607 2571 625 2591 a
648 2568 680 2591 te
704 2565 830 2601 emptus
863 2566 942 2601 quot
971 2570 1071 2591 anno-

211 2625 285 2645 rum
309 2614 415 2655 spatio
437 2618 568 2645 tantum
590 2613 650 2644 tibi
672 2614 832 2650 redderet,
856 2613 1069 2654 quantumin

211 2668 292 2705 solo,
316 2668 350 2698 id
372 2672 430 2704 est,
454 2667 487 2697 in
511 2667 580 2698 eius
600 2667 767 2707 emptione
782 2667 978 2707 pomissesf’
1002 2666 1070 2697 Ma-
1094 2668 1097 2698 ἱ

211 2720 333 2751 nutius.

255 2773 360 2815 Neque
391 2773 489 2804 solum
511 2791 553 2796 —
574 2772 723 2804 videram.
758 2762 915 2813 Longum
942 2774 998 2803 'est
1026 2781 1073 2803 re-

212 2836 346 2858 censere
368 2827 516 2858 virorum
538 2827 709 2857 doctorum
731 2827 772 2857 de
793 2826 844 2857 his
861 2826 970 2857 verbis
987 2835 1073 2856 com-

213 2886 334 2912 menta.
377 2880 444 2912 Sed
476 2890 544 2911 non
580 2880 690 2910 minus
730 2879 900 2916 falluntur,
937 2879 993 2920 qui
1034 2880 1073 2910 de

216 2935 322 2966 forma
343 2935 414 2976 agri
436 2934 631 2975 digammati
647 2934 788 2965 Aeolico
801 2934 901 2964 simili
916 2934 1073 2974 cogitant,

216 2992 253 3019 ut
276 2988 435 3019 volebant
456 2986 629 3019 Manutius
659 2993 691 3018 et
721 2986 900 3024 Dawesim,
932 2986 1074 3017 Miscell.

216 3040 287 3072 Crit
321 3051 352 3082 p.
389 3040 460 3078 207,
489 3050 588 3081 quam
619 3040 675 3080 qui
697 3040 740 3070 ob
762 3040 892 3071 literam
914 3039 943 3070 F
964 3040 1005 3071 de
1019 3039 1079 3080 fe-

215 3103 291 3124 mere
313 3098 370 3124 aut
392 3094 433 3124 de
446 3091 625 3134 fimdorum
646 3092 754 3123 reditu
776 3092 945 3132 digamma
977 3092 1075 3123 inter-

198 3152 396 3188 spretannn:
433 3147 523 3178 Illud
546 3146 675 3182 falsum,
710 3147 784 3186 quia
820 3147 951 3177 Attis-us
981 3156 1075 3185 agros

837 2468 852 2479 n
862 2452 1015 2484 Sciebam
1038 2459 1070 2484 te
1093 2447 1095 2451 ⁸

211 2507 436 2548 voluptuarias
458 2507 681 2547 possessiones
711 2516 778 2537 non
802 2516 921 2544 emere,
944 2506 1000 2547 qui
1023 2516 1071 2537 so·
1094 2498 1095 2515 ³

1093 2383 1096 2399 ⁴
1117 2399 1181 2436 bat,
1205 2400 1292 2440 quod
1316 2399 1431 2431 Cicero
1455 2401 1489 2431 in
1512 2400 1630 2431 itinere
1652 2401 1803 2432 Asiatico
1815 2400 1976 2441 inspicere

1115 2454 1281 2494 potuisset.
1305 2454 1430 2486 Eadem
1453 2455 1535 2486 ratio
1559 2456 1676 2492 obstat,
1700 2455 1878 2495 quominus
1900 2464 1975 2486 cum

1115 2505 1281 2537 Lambino
1302 2506 1498 2548 diaqramma
1520 2507 1730 2538 scribendum
1740 2512 1864 2548 putem.
1888 2507 1975 2548 Ipse,

1093 2559 1095 2581 1
1115 2566 1152 2590 ut
1174 2569 1249 2590 cum
1272 2561 1461 2601 Malaspina
1482 2561 1608 2601 loquar,
1640 2561 1673 2591 in
1703 2560 1755 2592 his
1783 2560 1893 2592 verbis
1922 2561 1977 2593 vel

1117 2612 1322 2653 explicandis
1346 2612 1398 2644 vel
1421 2613 1635 2644 emendandis
1665 2612 1744 2653 quid
1768 2612 1894 2653 fugiam
1922 2613 1977 2643 ha-

1119 2666 1190 2703 beo,
1214 2666 1295 2707 quid
1317 2676 1435 2707 sequar
1456 2676 1523 2697 non
1545 2667 1661 2698 habeo.

1167 2718 1257 2750 Volui
1280 2718 1342 2751 Hs
1388 2718 1422 2760 Q.
1445 2716 1541 2750 Idem
1562 2728 1718 2750 numerus
1746 2718 1816 2750 HS.
1849 2719 1884 2750 in
1913 2719 1975 2750 hac

1096 2777 1099 2806 l
1118 2782 1153 2804 re
1175 2778 1376 2804 memoratur
1398 2782 1447 2814 ep.
1473 2773 1522 2810 13,
1546 2773 1564 2803 6
1599 2773 1742 2805 Videtur
1763 2777 1873 2804 autem
1895 2772 1977 2804 indi-

1097 2813 1099 2829 ¹
1119 2836 1192 2858 care
1214 2826 1386 2867 quinqenta
1407 2826 1565 2857 sestertia.
1589 2826 1684 2865 Quae
1705 2831 1904 2867 sequuntur:
1918 2825 1977 2865 qu'

1112 2890 1173 2921 per
1200 2879 1359 2921 praedem,
1389 2880 1445 2911 ille
1473 2880 1576 2918 daret,
1606 2880 1697 2911 Antii
1729 2891 1818 2922 quum
1849 2880 1979 2911 haberet

1119 2933 1246 2965 venale.-
1269 2933 1371 2964 noluit
1394 2938 1545 2974 corrupta
1574 2939 1663 2974 put0.
1696 2933 1784 2964 Nam
1806 2941 1848 2964 ne
1869 2933 1977 2963 dicam

1120 2988 1161 3018 de
1192 2986 1326 3017 insolita
1359 2987 1604 3018 constructione
1636 2986 1686 3027 eqi
1717 3003 1758 3008 —
1789 2985 1846 3016 ille
1875 2985 1978 3025 daret,

1121 3045 1196 3071 ante
1219 3040 1419 3080 emptionem
1435 3044 1600 3080 peractam
1618 3039 1728 3070 nullas
1745 3039 1840 3070 video
1850 3035 1979 3079 p‘raedis

1120 3098 1236 3134 partes,
1269 3094 1326 3124 sed
1347 3094 1457 3134 potius
1478 3093 1703 3134 praediatoris,
1725 3101 1806 3133 quos
1827 3091 1978 3123 homines

1099 3187 1101 3189 v
1121 3146 1154 3176 in
1178 3145 1299 3176 talibus
1324 3145 1464 3182 negotiis
1487 3145 1659 3175 consulere
1679 3144 1838 3175 solebant.
1851 3143 1891 3174 cf.
1910 3143 1979 3174 Cic.
