2062 3565
703 181 808 223 LIB.
844 182 920 224 IX.
956 182 1039 223 ΕΡ.
1079 185 1148 223 13.
1753 182 1803 221 75

47 317 143 361 mihi
178 315 381 358 Brundisii
417 320 690 371 suppeterent,
725 315 898 358 mallem.
934 316 1010 359 Sed
1046 316 1102 358 ibi
1137 318 1354 358 occultatio
1389 317 1499 358 nulla
1533 323 1607 358 cst.
1644 317 1808 366 Verum,

44 395 92 434 ut
132 388 287 439 scribis,
331 403 455 443 quum
499 390 685 431 sciemus.
730 392 773 431 6.
820 390 929 432 Viris
959 385 1092 432 'bouis
1127 406 1189 432 me
1222 407 1303 433 11011
1338 391 1458 432 nimis
1492 405 1652 432 excuso.
1697 389 1809 441 Quas

44 463 149 507 enim
183 477 249 504 eos
281 477 423 505 coenas
456 467 497 504 et
530 462 656 505 facere
690 468 732 505 et
763 463 873 505 obire
914 465 1074 520 scripsit
1116 465 1164 506 ad
1199 480 1261 507 me
1297 465 1464 506 Sextus!
1511 479 1630 520 quam
1665 463 1809 513 lautas,

45 551 163 594 quam
195 535 473 591 tempestivas!
510 535 587 578 Sed
619 536 701 578 sint
734 537 916 591 quamvis
950 537 1060 587 boni,
1095 553 1174 580 11011
1216 543 1312 580 sunt
1344 538 1527 580 meliores
1561 552 1680 593 quam
1715 553 1810 588 nos;

44 613 247 680 moverent
279 623 356 660 me,
388 609 422 650 si
455 614 589 651 essent
623 610 818 651 fortiores.
853 611 913 652 Do
947 611 1159 653 Lanuvino
1194 611 1392 653 Phameae
1416 612 1567 663 er1·avi;
1592 610 1809 652 Troianum
1855 622 1868 646 ὁ

43 682 347 727 somniaveram.
382 683 431 725 Id
466 698 540 739 ego
573 683 681 725 volui
715 683 766 736 Q„
802 684 879 725 Sed
914 684 1040 740 pluris
1073 690 1147 726 est.
1182 685 1294 727 Istuc
1328 690 1461 726 tamen
1496 699 1678 740 cuperem
1710 698 1812 724 eme-

43 771 118 807 res,
152 756 186 798 si
218 756 342 798 ullam
375 771 485 812 spem
519 756 680 798 fruendi
714 755 904 798 viderem.
943 758 981 798 7.
1016 757 1103 799 Nos
1137 772 1238 812 quae
1278 761 1455 799 monstra
1488 756 1668 812 quotidie
1701 755 1726 797 †
1753 756 1812 797 in-

43 828 271 884 telligamus
303 844 352 871 ex
384 829 454 871 illo
487 829 637 881 libello,
672 830 742 885 qui
776 828 819 871 in
853 830 1062 886 epistolam
1097 830 1302 872 coniectus
1336 834 1410 871 est.
1446 829 1645 871 Lentulus
1679 833 1813 870 noster

44 902 221 947 Puteolis
263 908 325 945 est
369 897 659 960 ἀδημονῶν,
708 907 753 944 ut
796 903 964 945 Caecius
1012 907 1161 954 narrat,
1212 903 1310 958 quid
1357 907 1463 958 agat.
1524 900 1812 960 Διατροπὴν

43 975 328 1019 Corfiniensem
373 976 619 1019 reformidat.
667 977 859 1033 Pompeio
892 992 1000 1018 nunc
1035 982 1151 1033 putat
1184 977 1450 1027 satisfactum,
1486 976 1680 1018 beneficio
1714 975 1867 1016 Cae-10

43 1049 141 1092 saris
172 1055 369 1102 movetur,
404 1049 474 1092 sed
506 1054 642 1092 tamen
675 1055 858 1092 movetur
903 1051 1031 1105 magis
1065 1055 1273 1106 prospecta
1290 1066 1346 1092 re.
1383 1053 1423 1091 8.
1457 1051 1564 1091 Tene
1598 1049 1697 1091 haec
1715 1049 1815 1090 ferre

11 1155 13 1157 -
43 1123 189 1180 posse?
233 1123 382 1166 Omnia
425 1125 583 1176 misera,
617 1124 686 1165 sed
720 1125 796 1166 hoc
828 1124 931 1166 nihil
964 1124 1170 1166 miserius:
1207 1124 1423 1180 Pompeius
1457 1124 1512 1165 N.
1546 1122 1731 1178 Magium
1765 1122 1814 1163 de

5 1212 9 1217 ¹
43 1210 139 1254 pace
182 1196 310 1249 misit,
353 1202 394 1239 et
426 1201 561 1238 tamen
595 1201 876 1252 oppugnatum
912 1196 1019 1252 quod
1053 1211 1127 1252 ego
1154 1211 1236 1238 non
1270 1195 1495 1247 credebam,
1530 1195 1598 1237 sed
1631 1194 1760 1237 habeo
1794 1210 1816 1236 a

6 1286 10 1295 ’
42 1267 169 1312 Balbo
211 1268 362 1322 literas,
405 1285 574 1326 quarum
618 1269 669 1311 ad
701 1274 741 1311 te
775 1269 1002 1325 exemplum
1036 1269 1152 1321 misi3
1187 1269 1289 1324 lege,
1323 1283 1485 1324 quaeso,
1521 1274 1562 1310 et
1593 1268 1695 1310 illud
1727 1268 1816 1310 infi-

42 1357 152 1385 mum
197 1347 319 1399 caput
361 1343 491 1399 ipsius
541 1342 660 1385 Balbi
711 1342 868 1398 optimi,
913 1342 979 1384 cui
1021 1341 1179 1384 Gnaeus
1225 1347 1360 1384 noster
1393 1342 1407 1383 l
1457 1356 1540 1393 um,
1575 1341 1646 1383 ubi
1679 1341 1816 1383 hortos
1836 1349 1868 1375 1⁵

15 1415 283 1468 ·aedificaret‚
327 1416 455 1470 dedit,
500 1432 619 1472 quem
665 1416 731 1458 cui
775 1420 958 1458 nostrum
1003 1431 1085 1458 non
1127 1431 1243 1472 saepe
1276 1410 1488 1472 praetulit.
1523 1416 1665 1471 Itaque
1699 1413 1817 1456 miser

26 1493 265 1546 torquetur.
299 1490 392 1542 Sed,
425 1501 477 1532 ne
509 1490 574 1532 bis
606 1490 745 1532 eadem
778 1490 902 1546 legas,
935 1490 986 1532 ad
1019 1491 1149 1546 ipsam
1182 1495 1222 1532 te
1255 1489 1466 1546 epistolam
1499 1489 1652 1531 reiicio.
1697 1489 1816 1544 Spem

9 1580 15 1594 ³
44 1567 178 1605 autem
211 1563 321 1620 pacis
353 1563 482 1606 habeo
515 1563 684 1605 nullam.
718 1562 931 1605 Dolabella
963 1563 1047 1605 suis
1070 1563 1198 1604 literis
1216 1562 1360 1604 Idibus
1384 1562 1508 1604 Mart.
1533 1562 1639 1603 datis
1662 1575 1813 1602 merum

18 1633 190 1703 ⁸bellum
223 1628 415 1692 loq'uitur.
449 1637 689 1679 Maneamus
722 1652 816 1693 ergo
849 1637 892 1679 in
925 1637 994 1679 illa
1026 1637 1166 1678 eadem
1199 1636 1400 1678 sententia
1434 1636 1578 1678 misera
1611 1639 1652 1677 et
1678 1634 1815 1690 despe-

16 2053 85 2096 .fio
113 2065 202 2087 onem
232 2056 387 2094 restituit,
414 2066 514 2099 quem
547 2060 640 2101 sequi
668 2059 767 2096 malo,
803 2046 904 2100 quam

19 2139 21 2141 .
46 2106 74 2140 1.
87 2107 350 2146 F-Gronovium,
363 2109 421 2150 qui
427 2110 584 2143 coniecit:
597 2112 751 2143 occultam
760 2109 906 2146 σιτώνην

7 2175 11 2179 ’
46 2171 82 2194 a:
112 2162 292 2195 emtionem
313 2163 481 2196 frumenti.
511 2165 618 2197 Paulo
652 2172 730 2198 ante
763 2163 912 2212 ἀλίμενα

47 2224 123 2252 sunt
143 2220 226 2259 loca,
250 2221 284 2253 in
308 2222 430 2262 quibus
453 2222 570 2255 Cicero
592 2228 670 2262 erat,
694 2234 713 2255 a
741 2225 826 2256 mari
847 2224 910 2256 dis-

0 2275 25 2342 ᾗῇ
46 2272 118 2311 sita,
140 2279 272 2315 portum
286 2276 376 2307 unde
392 2275 521 2308 solvere
535 2282 645 2318 posset
658 2287 726 2309 non
742 2278 909 2310 habentia.

0 2376 25 2405 '9

44 1713 143 1761 rata,
177 1709 340 1766 quando
373 1711 449 1754 hoc
481 1710 668 1752 miserius
701 1725 787 1752 esse
820 1709 924 1752 nihil
958 1714 1108 1766 potest.
1839 1718 1875 1745 20

86 1885 106 1918 6
127 1887 232 1918 tamen
253 1887 295 1919 mi
316 1897 457 1929 cuperem
480 1907 521 1913 —
543 1889 562 1921 9
585 1891 619 1921 at
645 1887 776 1920 Caecius
798 1889 924 1919 narrat.
949 1886 1034 1928 Quid
1055 1887 1161 1929 ayat?
1182 1903 1224 1910 —
1247 1887 1285 1918 ll
1311 1889 1327 1925 †
1343 1887 1574 1928 prospectaret.
1596 1884 1689 1916 Mene
1712 1902 1752 1908 —

958 2058 1076 2099 spexit,
1101 2057 1159 2098 qui
1180 2056 1309 2088 futurus
1331 2057 1373 2088 sit
1393 2055 1615 2088 contentionis
1640 2055 1728 2087 inter
1743 2054 1820 2087 Cae-

958 2120 1064 2142 sarem
1088 2115 1120 2142 et
1141 2109 1340 2150 Pompeium
1363 2109 1485 2141 exitus.
1519 2107 1672 2149 Suspicio
1703 2107 1821 2141 Orellii

959 2163 994 2195 in
1031 2163 1133 2194 verbo
1158 2164 1378 2204 prospectaret
1411 2161 1515 2193 latere
1540 2160 1654 2202 populi
1690 2160 1822 2192 Romani

957 2226 1010 2257 spe
1031 2215 1161 2258 afflicta,
1184 2225 1300 2257 parum
1321 2214 1502 2256 probabilis
1524 2219 1581 2252 est,
1617 2223 1726 2255 neque
1748 2213 1822 2255 plus

958 2272 1067 2303 tribuo
1088 2271 1211 2303 Kochii
1233 2271 1370 2302 invento
1384 2271 1552 2312 prospecta
1573 2268 1739 2300 maritimo.
1784 2267 1821 2300 Si

89 2327 109 2368 ξ
129 2327 160 2360 6.
182 2327 231 2359 De
252 2328 417 2361 Lanuvino
439 2329 600 2362 Phameae
621 2331 736 2370 erravi,
759 2337 820 2364 cet„
844 2332 912 2364 vid,
960 2325 1042 2367 quid
1063 2325 1262 2357 mutandum
1298 2328 1392 2362 esset,
1422 2323 1558 2355 mallem
1589 2323 1630 2355 de
1661 2321 1822 2354 Gronovii

6 2414 11 2421 ,
48 2389 97 2422 ep.
120 2381 150 2419 9,
161 2383 193 2413 4.
217 2381 385 2414 Troianum
398 2388 467 2415 erat
479 2385 651 2425 praedium
662 2385 697 2417 in
717 2386 781 2418 isto
796 2391 912 2424 tractu
960 2378 1149 2410 coniectura
1171 2377 1313 2409 scribere
1326 2385 1478 2417 prospera
1494 2385 1529 2406 re
1543 2385 1576 2407 a:
1600 2374 1733 2406 fortuna
1744 2374 1822 2406 Cae-

2 2455 22 2494 '3
12 2434 136 2475 ,quod
156 2444 281 2466 nomen
304 2442 474 2477 acceperat
495 2437 537 2467 ab
558 2437 696 2470 Aeneae
718 2439 873 2471 adventu.
961 2432 1052 2471 saris,
1074 2437 1132 2463 aut
1154 2432 1195 2463 de
1225 2430 1448 2472 Peerlkampii
1479 2429 1643 2462 sententia
1666 2427 1823 2470 prosperi-

0 2508 26 2557 ᾗ

93 2485 182 2518 Istuc
203 2488 308 2519 tamen
331 2497 471 2529 cuperem
494 2499 620 2521 emeres.
653 2491 694 2522 In
724 2491 777 2523 his
805 2492 915 2524 verbis
962 2489 1040 2518 lale·

11 2554 20 2575 ·:
50 2538 268 2577 restituendis,
290 2550 375 2581 quae
398 2541 432 2572 in
455 2542 549 2573 codd.
566 2543 747 2574 mendosa
738 2544 917 2575 mveniun-
1004 2542 1023 2581 ξ
1046 2542 1075 2572 8.
1101 2540 1184 2572 Tene
1212 2541 1290 2571 haec
1310 2539 1403 2581 ferre
1425 2538 1547 2580 posse?
1590 2538 1642 2569 Ex
1672 2538 1765 2569 litera
1800 2539 1822 2575 l,

0 2579 25 2632 j⁴‘
51 2597 112 2631 tur,
131 2598 262 2626 secutus
281 2604 356 2626 sum
369 2595 590 2636 Madvigium.
615 2595 696 2629 Sine
709 2607 807 2629 causa
820 2596 914 2630 01·οΙ-
963 2604 1047 2635 quae
1069 2594 1103 2626 in
1126 2594 1215 2625 Med.
1239 2593 1388 2625 adhaesit
1420 2591 1628 2634 praecedenti
1661 2589 1823 2621 vocabulo

0 2651 27 2695 ᾗ*
51 2645 115 2678 lius
136 2647 276 2679 inseruit
297 2647 348 2679 mi.
961 2654 995 2680 et
1016 2657 1082 2686 nec,
1106 2647 1234 2679 facilius
1257 2649 1330 2678 tene
1351 2646 1502 2684 efficitur,
1524 2654 1623 2687 quam
1641 2644 1730 2685 quod
1743 2642 1822 2674 Pius

2 2724 29 2747 ιι

0 2753 30 2796 ᾖ
50 2754 124 2795 gius
146 2756 286 2788 Emeud.
308 2767 338 2798 p.
361 2758 399 2789 41
424 2759 491 2790 duo
511 2759 613 2790 verba
625 2759 768 2800 primum
782 2759 915 2792 inverso

2 2803 23 2844 fZ
49 2808 163 2840 ordine
184 2809 313 2851 scripta,
339 2810 458 2842 deinde
481 2811 607 2843 librarii
629 2812 725 2854 culpa
747 2812 781 2844 in
805 2823 911 2844 unum

6 2850 22 2882 's
46 2859 186 2892 conflata
206 2870 287 2899 esse,
310 2867 342 2894 et
364 2863 591 2895 scribendum:
615 2864 763 2906 leqamus,
786 2864 904 2896 intelli-

8 2887 28 2913 5

10 2943 30 2971 n,
7 2920 103 2967 §syce
123 2923 164 2945 ez·
180 2914 240 2946 illo
261 2915 369 2947 libello
390 2922 452 2948 cet.

12 3144 14 3146 ·
51 3129 175 3163 ditione
197 3130 396 3165 Corfiniensi
418 3138 538 3165 ortum.

962 2702 1065 2734 edidit
1085 2711 1183 2732 mene.

1003 2753 1094 2785 Illud
1117 2753 1254 2794 infimum
1275 2755 1368 2794 caput
1390 2752 1489 2793 ipsius
1515 2749 1608 2782 Balbi
1638 2760 1671 2781 o:
1703 2755 1822 2789 postre-

962 2819 1051 2840 mam
1072 2814 1199 2850 partem
1223 2809 1403 2845 literarum,
1428 2817 1527 2848 quam
1549 2807 1618 2847 ipse
1633 2804 1757 2836 Balbus
1771 2804 1824 2834 ad-

962 2864 1100 2905 scripsit.
1123 2863 1279 2896 Cetemm
1303 2872 1374 2895 voc.
1395 2862 1504 2903 optimi
1537 2867 1570 2894 et
1600 2860 1704 2900 itaqae
1734 2858 1825 2888 miser

961 2918 1124 2958 torquetur
1157 2916 1282 2948 ironice
1310 2915 1417 2953 adiici,
1455 2915 1514 2946 vix
1552 2919 1601 2945 est
1637 2913 1723 2954 quod
1757 2920 1823 2941 mo-

97 2965 185 3002 Quid
211 2970 300 3009 apat.
333 2968 414 3001 Sine
450 2970 552 3001 dubio
581 2970 643 3001 hoc
673 2972 795 3012 pendet
831 2981 849 3002 a
883 2981 914 3002 v.
937 2978 1069 3002 *neam
1106 2970 1257 3001 Veibum
1287 2968 1426 3010 torqueri
1461 2968 1502 2998 ab
1534 2967 1604 3008 ipso
1635 2966 1740 2997 Balbo
1771 2965 1823 2994 de-

52 3013 253 3064 ἀδημονεῖν,
276 3022 365 3062 quod
387 3026 436 3053 est
458 3022 555 3053 animi
567 3023 714 3064 pendere.
738 3023 821 3055 Mox
834 3019 914 3056 δια·
962 3029 1131 3065 sumptum
1153 3029 1211 3055 est.

51 3074 180 3119 τροπήν
203 3074 289 3117 Gorf
311 3076 392 3108 dicit
412 3076 578 3118 infamiam
599 3082 631 3110 et
652 3077 788 3110 dedecus
811 3088 828 3110 e
857 3079 910 3111 de-

90 2701 110 2741 §
131 2700 161 2734 7.
184 2701 416 2744 Intelliqamus.
459 2705 568 2736 Acute
604 2705 688 2736 vidit
716 2704 916 2738 Wesenber-

93 3183 237 3216 Movetar
270 3187 369 3224 maqis
395 3190 559 3228 prospecta
589 3198 622 3219 re
644 3199 677 3219 a:
707 3198 812 3230 quum
842 3199 913 3229 pro·
937 3165 940 3219 l
