2062 3565
790 151 897 194 LIB.
932 151 1048 193 XIV.
1083 151 1167 193 ΕΡ.
1205 153 1276 192 20.
1826 150 1911 188 299

145 302 273 343 nuper
306 286 348 328 in
383 286 531 328 edicto.
566 286 832 342 Scripseram⁴
855 292 997 342 rogatu
1031 292 1116 328 tuo.
1151 287 1290 328 Meum
1324 285 1422 327 mihi
1458 283 1655 340 placebat,
1689 282 1749 324 illi
1783 298 1914 324 suum.

146 359 263 406 Quin
303 359 439 410 etiam,
490 375 614 415 quum
660 360 788 415 ipsius
834 359 1021 415 precibus
1068 374 1192 415 paene
1227 358 1427 400 adductus
1461 358 1707 413 scripsissem
1741 356 1791 398 ad
1825 370 1915 397 eum

146 433 195 474 de
241 433 392 489 optimo
435 447 580 488 genere
625 432 803 484 dicendi,
850 448 932 475 non
976 432 1096 475 modo
1130 433 1228 474 mihi
1263 432 1331 474 sed
1366 432 1486 474 etiam
1520 430 1595 472 tibi
1631 430 1805 486 scripsit,
1840 428 1915 470 sibi

144 507 262 559 illud,
296 506 405 563 quod
439 505 538 547 mihi
573 505 762 561 placeret,
798 522 878 548 non
914 505 1088 562 probari.
1140 505 1273 558 Quare
1308 506 1393 547 sine
1427 520 1575 560 quaeso
1609 502 1685 545 sibi
1721 517 1918 558 quemque

146 580 334 623 scribere.
1963 594 1977 619 5

253 674 370 715 Suam
403 672 543 728 cuique
574 686 770 724 sponsam,
805 671 904 712 milei
936 687 1086 722 meam5
1120 685 1231 712 suum
1267 671 1407 726 cuique
1440 683 1619 719 amorem,
1653 666 1751 708 mihi
1783 681 1919 707 meum.

145 764 241 805 Non
291 763 405 805 scite.
462 763 552 804 Hoc
599 763 707 804 enim
759 763 926 814 Atilius,
973 768 1092 820 poeta
1142 762 1396 804 durissimus.
1447 762 1582 817 Atque
1614 759 1770 800 utinam
1803 758 1922 800 liceat

144 837 214 878 isti
257 836 502 879 contionari!
550 836 628 878 Cui
673 837 706 878 si
754 852 838 879 esse
884 838 928 879 in
961 837 1062 879 urbe
1095 841 1185 879 tuto
1218 835 1372 887 licebit,
1407 835 1590 877 vicimus.
1625 833 1779 876 Ducem
1815 832 1920 873 enim

145 911 241 953 novi
289 910 385 952 belli
435 910 565 952 civilis
616 915 686 952 aut
727 926 846 952 nemo
889 916 1080 966 sequetur
1131 915 1201 952 aut
1243 910 1273 951 ii
1315 913 1547 965 sequentur,
1582 907 1653 963 qui
1687 907 1802 949 facile
1837 907 1922 948 vin-

146 989 303 1026 cantur.
351 987 392 1026 4.
434 985 565 1026 Venio
614 984 664 1026 ad
711 985 887 1027 tertiam.
935 986 1082 1027 Gratas
1124 984 1247 1026 fuisse
1281 998 1388 1025 meas
1420 983 1557 1024 literas
1590 982 1718 1023 Bruto
1752 987 1792 1022 et
1824 981 1922 1023 Cas·
1944 992 1980 1018 10

147 1059 206 1100 sio
249 1057 419 1114 gaudeo.
469 1059 613 1114 Itaque
660 1059 710 1100 iis
761 1059 962 1115 rescripsi.
1008 1058 1129 1111 Quod
1172 1057 1355 1100 Hirtium
1402 1072 1471 1112 per
1504 1072 1567 1097 me
1600 1055 1805 1098 meliorem
1839 1056 1923 1097 ficri

147 1132 304 1183 volunt,
356 1131 408 1173 do
451 1131 637 1186 equidem
685 1147 860 1187 operam,
899 1136 940 1173 et
981 1131 1049 1173 ille
1100 1131 1250 1187 optime
1282 1130 1476 1185 loquitur,
1511 1129 1581 1171 sed
1616 1129 1716 1170 vivit
1748 1127 1923 1170 habitat-

147 1221 226 1261 que
259 1220 351 1247 cum
385 1204 528 1256 Balbo,
563 1206 634 1261 qui
668 1205 766 1246 item
799 1205 903 1247 bene
937 1205 1132 1260 loquitur.
1167 1204 1278 1257 Quid
1313 1203 1451 1246 credas
1476 1203 1638 1245 videris.
1674 1201 1923 1243 Dolabellam

148 1280 264 1322 valde
298 1279 454 1336 placere
487 1277 565 1320 tibi
598 1278 731 1329 video,
765 1278 866 1320 mihi
900 1278 1065 1334 quidem
1099 1278 1272 1333 egregie.
1314 1277 1416 1319 Cum
1450 1277 1583 1318 Pansa
1615 1276 1698 1317 vixi
1730 1275 1774 1316 in
1808 1275 1925 1316 Pom·

151 1355 312 1410 peiano.
346 1353 388 1395 Is
421 1352 539 1408 plane
572 1351 674 1394 mihi
706 1351 904 1408 probabat
939 1367 979 1394 se
1013 1351 1114 1394 bene
1150 1352 1297 1393 sentire
1332 1356 1372 1392 et
1397 1365 1542 1406 cupere
1564 1364 1718 1406 pacem.
1753 1348 1926 1390 Causam
1947 1357 1980 1383 15

151 1443 356 1470 armorum
390 1427 524 1482 quaeri
561 1426 679 1483 plane
714 1426 845 1468 video.
890 1426 1082 1468 Edictum
1116 1426 1235 1467 Bruti
1268 1430 1308 1467 et
1342 1425 1471 1467 Cassii
1504 1423 1643 1480 probo.
1678 1421 1848 1475 Quaeris
1881 1425 1927 1462 ut

156 1502 373 1557 suscipiam
405 1500 707 1555 cogitationem,
743 1500 937 1556 quidnam
967 1501 1057 1542 istis
1091 1499 1293 1555 agendum
1328 1503 1487 1555 putem:
1514 1497 1679 1539 consilia
1702 1501 1926 1552 temporum

152 1580 260 1626 sunt,
286 1589 416 1632 'quae
459 1574 502 1616 in
535 1574 652 1615 horas
697 1575 935 1616 commutari
969 1573 1094 1615 vides.
1144 1572 1381 1616 Dolabellae
1415 1577 1455 1614 et
1489 1572 1616 1628 prima
1648 1570 1718 1612 illa
1750 1569 1854 1611 actio
1888 1574 1928 1610 et

150 1648 249 1691 haec
283 1653 424 1690 contra
458 1648 685 1690 Antonium
720 1648 855 1690 contio
889 1647 991 1689 mihi
1024 1648 1238 1704 profecisse
1271 1645 1516 1703 permultum
1549 1644 1723 1686 videtur.
1760 1644 1928 1685 Prorsus

151 1721 238 1764 ibat
282 1738 356 1764 res.
406 1722 529 1763 Nunc
575 1725 708 1762 autem
753 1721 935 1763 videmur
979 1721 1160 1763 habituri
1207 1720 1365 1771 ducem,
1401 1719 1507 1775 quod
1543 1734 1666 1760 unum
1705 1716 1927 1772 municipia
1948 1731 1983 1756 20

151 1795 327 1851 bonique
375 1793 619 1836 desiderant.
672 1796 712 1834 5.
763 1794 929 1850 Epicuri
982 1794 1228 1836 mentionem
1277 1793 1375 1835 facis
1423 1798 1464 1834 et
1512 1792 1634 1834 audes
1680 1792 1811 1833 dicere
1858 1790 1926 1849 μὴ

151 1865 533 1912 πολιτεύεσθαιὲ)
573 1869 670 1910 Non
714 1873 754 1910 te
800 1868 919 1910 Bruti
966 1869 1095 1910 nostri
1136 1867 1355 1909 vulticulus
1390 1866 1440 1909 ab
1472 1867 1551 1908 ista
1584 1866 1763 1908 oratione
1797 1865 1926 1907 deter-

152 1943 244 1984 ret?
279 1942 459 1995 Quintus
492 1942 612 1993 filius,
648 1947 694 1984 ut
727 1941 883 1994 scribis,
919 1943 1090 1984 Antonii
1125 1947 1185 1984 est
1217 1941 1403 1984 dextella.
1438 1942 1516 1983 Per
1549 1956 1639 1983 eum
1658 1941 1798 1996 igitur,
1819 1939 1925 1995 quod

154 2017 346 2068 volemus,
393 2015 510 2058 facile
546 2016 785 2058 auferemus.
824 2017 1052 2072 Exspecto,
1088 2017 1135 2068 si,
1170 2021 1217 2058 ut
1248 2020 1381 2072 putas,
1415 2016 1464 2057 L.
1499 2015 1703 2057 Antonius
1738 2013 1927 2070 produxit

153 2091 382 2141 Octavium,
417 2090 546 2146 qualis
579 2091 714 2132 contio
747 2090 883 2132 fuerit.
922 2091 1035 2132 Haec
1070 2090 1213 2146 scripsi
1246 2090 1272 2134 †
1290 2090 1460 2131 citatim.
1496 2088 1639 2130 Statim
1666 2089 1774 2129 enim
1797 2086 1926 2128 Cassii
1946 2095 1981 2121 2⁵

151 2163 398 2206 tabellarius.
446 2165 567 2206 Eram
601 2164 793 2205 continuo
826 2164 973 2205 Piliam
1008 2164 1277 2214 salutaturus,
1313 2162 1459 2205 deinde
1493 2161 1543 2204 ad
1578 2161 1715 2218 epulas
1749 2160 1926 2201 Vestorii

153 2238 353 2280 navicula.
386 2239 548 2280 Atticae
582 2238 797 2294 plurimam
831 2238 1018 2280 salutem.

155 2385 229 2407 mus
251 2376 350 2407 Tusc.
375 2375 419 2407 V.
441 2376 498 2407 632
522 2376 626 2409 adhuc
638 2379 789 2410 neminem
802 2379 930 2420 ooqnovz'
942 2380 1016 2420 poe'-
1036 2372 1039 2416 l
1060 2377 1149 2409 hunc
1183 2377 1347 2408 comicum
1381 2376 1521 2407 vocabat
1552 2375 1694 2416 ferreum
1735 2375 1927 2416 scriptorem.

153 2432 230 2468 tam,
251 2429 304 2472 qui
319 2430 379 2462 sibi
400 2440 462 2462 non
484 2431 617 2472 optimus
639 2432 817 2468 videntur,-
843 2433 888 2463 εἰσ
910 2443 943 2464 se
966 2444 1016 2465 res
1037 2425 1039 2451 ¹
1102 2432 1120 2471 ξ
1143 2432 1173 2462 4.
1206 2430 1339 2463 Causam
1361 2439 1515 2461 armorum
1539 2429 1650 2470 quaeri
1667 2429 1768 2469 plane
1791 2428 1880 2460 video
1892 2439 1926 2458 o:

155 2482 265 2514 habet:
290 2484 321 2513 te
343 2486 409 2521 tua,
431 2494 478 2515 me
499 2483 658 2516 delectant
680 2496 758 2517 mea.
1037 2497 1039 2528 2
1060 2488 1209 2525 apertum
1235 2489 1284 2515 est
1307 2482 1495 2514 Antonium
1523 2483 1559 2513 id
1579 2491 1685 2523 agere,
1710 2488 1746 2512 ut
1769 2491 1858 2512 arma
1877 2491 1926 2511 ca-

197 2535 246 2567 De
267 2536 381 2577 optimo
398 2547 516 2578 yenere
547 2537 685 2569 dicendi.
722 2539 848 2570 Eodem
882 2539 1018 2570 nomine
1038 2535 1039 2539 ’
1061 2538 1193 2580 piantur
1214 2539 1369 2570 adversus
1385 2538 1527 2569 Brutum
1540 2545 1572 2568 et
1585 2537 1746 2568 cassium.
1767 2545 1816 2576 ep.
1833 2535 1882 2572 21,
1895 2536 1925 2566 2.

155 2589 308 2631 designat
322 2590 356 2621 in
374 2590 511 2632 epistola
525 2592 566 2622 ad
579 2591 795 2623 Cornificium
807 2592 918 2631 (Fam.
932 2592 1016 2624 XII.
1036 2587 1039 2608 ⁵
1106 2592 1237 2624 Prorsus
1267 2593 1334 2624 ibat
1357 2602 1407 2623 res
1430 2602 1465 2623 o:
1489 2601 1540 2623 res
1563 2592 1769 2633 procedebat,
1793 2597 1861 2621 crat
1890 2591 1923 2620 in

157 2642 207 2681 17,
230 2643 265 2685 2)
288 2643 422 2681 librum,
445 2653 544 2684 quem
568 2644 649 2675 alibi
682 2644 844 2676 Oratorem
875 2645 1015 2686 appella·
1036 2644 1039 2687 J
1060 2656 1168 2677 cursu.
1192 2645 1242 2678 Cf.
1267 2655 1318 2686 ep.
1342 2646 1391 2683 15,
1417 2646 1447 2676 2.

155 2697 214 2735 vit,
236 2697 330 2728 Fam.
359 2697 419 2728 VI.
443 2698 491 2735 18,
516 2698 544 2729 1.
566 2697 678 2729 Divin.
702 2699 748 2730 ΙΙ.
775 2700 805 2729 4.
835 2699 940 2730 Aliud
963 2709 1015 2740 ge·
1038 2692 1039 2705 ¹
1099 2700 1117 2738 ξ
1145 2701 1173 2730 5.
1198 2699 1330 2730 Antonii
1342 2701 1388 2730 est
1406 2699 1558 2730 dea-tella.
1574 2708 1607 2729 o:
1632 2698 1726 2729 cuius
1739 2707 1839 2738 opera
1854 2696 1923 2727 An-

156 2761 219 2782 nus
241 2751 372 2783 dicendi
394 2751 555 2792 placuisse
584 2752 697 2789 Bruto,
735 2763 833 2793 quarn
864 2752 1016 2784 Ciceroni
1037 2726 1040 2782 l
1059 2752 1172 2783 tonius
1202 2753 1346 2783 multum
1374 2752 1486 2783 utitur.
1519 2750 1568 2783 Cf.
1598 2751 1645 2781 Io.
1670 2749 1790 2781 Clerici
1815 2749 1926 2779 adnot.

156 2808 290 2845 apparet
311 2813 440 2844 quoque
463 2813 506 2835 ex
536 2814 586 2845 ep.
617 2805 633 2834 1
666 2805 706 2836 B.
740 2805 816 2836 libri
846 2806 1013 2846 sequentis
1037 2799 1039 2833 l
1061 2807 1102 2837 ad
1122 2806 1331 2838 Albinovani
1355 2806 1406 2837 El.
1429 2806 1477 2842 ΙΙ,
1504 2805 1551 2836 14.

157 2862 256 2898 atque
278 2866 296 2889 e
318 2856 404 2888 Difll·
427 2857 468 2888 (le
490 2864 586 2889 Ol'fltt·
609 2868 636 2888 e·
661 2858 711 2888 18.
1037 2858 1039 2881 2
1103 2860 1164 2892 Per
1187 2871 1255 2892 eum
1277 2879 1317 2884 —
1340 2860 1530 2901 auferemur.
1555 2858 1778 2899 Cogitandum
1795 2857 1925 2887 videtur

199 2911 271 2943 Non
292 2911 382 2942 scite.
406 2911 483 2942 Non
507 2911 613 2952 magis
634 2922 735 2953 quam
750 2911 895 2945 Orellius
907 2913 1014 2951 video,
1061 2914 1102 2946 de
1124 2923 1159 2946 re
1181 2914 1355 2946 Buthrotia
1377 2918 1434 2944 aut
1456 2913 1496 2944 dc
1519 2912 1684 2952 legatione
1703 2910 1823 2941 votiva.

158 2963 193 2995 in
217 2974 282 3005 quo
304 2964 383 2996 insit
405 2974 472 2995 non
495 2964 615 2996 scitum
635 2965 708 2996 hoc.
731 2966 760 2996 E
774 2965 895 3007 triplici
907 2975 1017 2998 emen-
1104 2966 1222 3008 Scripsi
1242 2969 1259 3006 †
1281 2967 1412 2998 citatim.
1435 2966 1643 2998 Adverbium
1659 2963 1780 2995 citatim
1809 2972 1826 2994 c
1839 2963 1926 2994 codi-

157 3017 258 3048 dandi
280 3017 419 3054 ratione,
441 3027 541 3058 quam
563 3017 642 3048 olim
667 3024 891 3060 proposuerat,
914 3019 948 3049 in
972 3019 1016 3049 al·
1063 3030 1100 3052 ce
1122 3022 1199 3052 ficto
1222 3031 1240 3051 a
1263 3021 1366 3052 Bosio
1388 3020 1562 3061 prolatum,
1593 3018 1685 3050 Bosii
1709 3016 1846 3056 ingenio
1868 3026 1921 3056 po-

158 3075 229 3102 tera
249 3071 326 3102 edit.
348 3081 450 3102 unam
471 3071 636 3112 probavit:
663 3072 734 3104 Non
755 3072 862 3104 scite?
884 3072 955 3103 Hoc
968 3075 1016 3103 la·
1062 3076 1138 3114 tius,
1171 3085 1271 3117 quam
1303 3075 1456 3107 Ciceroni
1485 3074 1632 3110 debetur,
1666 3072 1723 3113 qui
1757 3080 1924 3112 nusquam

159 3133 228 3154 men
257 3123 376 3154 Atilius
390 3134 426 3165 p.
450 3124 480 3154 d.
504 3141 544 3146 —
566 3124 617 3156 De
649 3125 756 3157 Atilio
789 3126 857 3167 egit
890 3126 1017 3158 Madvi-
1063 3139 1103 3161 eo
1124 3130 1238 3161 utitur.
1269 3128 1414 3161 Orellius
1445 3128 1589 3159 malebat
1618 3125 1803 3156 summatim.
1836 3124 1924 3156 Mihi

160 3176 234 3216 gius
256 3177 296 3207 ad
319 3176 388 3207 Cic.
410 3177 450 3207 de
480 3176 554 3207 Fin.
579 3177 604 3207 I.
630 3178 657 3209 5.
702 3178 851 3210 Licinius
882 3179 1017 3219 quidam
1063 3183 1169 3224 magis
1192 3183 1297 3223 placet
1320 3181 1391 3212 cilo.
