2062 3565
720 133 827 174 LIB.
865 133 955 174 XV.
997 134 1074 175 ΕΡ.
1116 136 1184 174 lu.
1226 135 1294 174 11.
1804 134 1889 171 :siti

120 269 296 325 profecto
340 269 381 310 in
428 274 600 310 mentem
637 270 817 320 veniunt,
852 284 922 311 cur
958 285 1036 310 nou
1071 276 1176 310 esset
1208 276 1298 311 tuto
1333 270 1508 311 futurus.
1547 272 1586 310 2.
1627 267 1756 310 Multo
1795 266 1886 307 inde

122 357 301 385 sermone
335 342 619 398 querebantur,
666 350 785 396 atque
818 343 856 384 id
895 342 1057 398 quidem
1092 343 1256 384 Cassius
1292 343 1478 392 maxime,
1513 342 1679 383 amissas
1713 340 1888 381 occasio-

123 432 192 458 nes
243 416 532 471 Decimumque
565 416 739 470 graviter
773 415 1032 457 accusabant.
1088 417 1171 471 Ego
1205 414 1400 470 negabam
1435 419 1617 471 oportere
1653 414 1882 470 praeterita;

123 487 367 532 assentiebar
400 494 548 530 tamen.
604 492 820 544 Quumque
854 489 1060 544 ingressus
1094 504 1220 530 essem
1256 488 1386 529 dicere
1422 487 1518 543 quid
1554 488 1797 543 oportuisset
1839 512 1848 515 -
1877 512 1889 513 e

122 578 195 605 nec
241 578 331 605 vero
374 564 594 619 quidquam
642 564 748 612 novi,
793 563 860 604 scd
905 578 963 613 ea,
1013 578 1115 617 quae
1156 562 1337 618 quotidie
1381 577 1521 603 omnes
1558 587 1611 590 -⁴—-
1648 576 1720 602 nec
1755 569 1890 602 tamen
1936 565 1949 588 r.

121 637 235 678 ilium
279 637 411 678 locum
456 637 709 692 attingerem,
745 652 984 692 quemquam
1023 643 1223 691 praeterea
1257 637 1480 691 oportuisse
1514 636 1642 690 tangi,
1677 634 1745 676 sed
1781 651 1893 675 seua-

122 717 209 751 tum
243 710 390 759 vocari,
438 709 630 766 populum
676 709 881 750 ardentem
917 709 1052 750 studio
1089 709 1364 750 vehementius
1399 708 1574 759 incitari,
1609 713 1732 749 totam
1769 708 1894 749 susci-

125 799 257 839 perem
290 798 373 825 rem
406 782 625 839 publicam,
660 782 858 824 exclamat
881 788 951 824 tua
974 782 1201 823 familiaris:
1235 810 1254 832 u
1270 782 1358 823 l-loc
1380 797 1471 823 vero
1495 781 1692 823 neminem
1716 795 1893 834 unquam

124 856 314 898 audivi!”
361 857 446 912 Ego
491 857 674 912 repressi.
726 854 803 897 Sed
838 861 879 896 et
911 855 1074 896 Cassius
1108 855 1208 895 milii
1242 853 1452 896 videbatur
1486 855 1618 896 iturus
1654 879 1709 883 -—
1745 854 1894 895 etenim

123 929 290 971 Servilia
339 929 603 985 pollicebatur
651 945 691 971 se
736 935 981 979 curaturam,
1032 934 1077 969 ut
1120 928 1189 969 illa
1236 928 1426 969 frumenti
1460 929 1615 969 curatio
1649 928 1697 969 de
1732 936 1895 969 senatus
1919 945 1947 969 ιι»

124 1003 308 1045 consulto
341 1003 548 1045 tolleretur
585 1029 657 1053 —,
692 1009 733 1044 et
766 1008 900 1044 noster
934 1002 1014 1043 cito
1050 1001 1230 1042 deiectus
1265 1011 1325 1042 est
1359 1001 1407 1041 de
1442 1000 1510 1042 illo
1553 1001 1665 1042 inani
1698 1016 1894 1043 sermone.

123 1077 237 1118 Velle
280 1077 388 1119 enim
433 1092 473 1117 se
519 1076 689 1117 dixerat.
745 1075 971 1116 Constituit
1019 1074 1142 1129 igitur
1176 1080 1221 1114 ut
1255 1073 1339 1114 ludi
1373 1072 1538 1114 absente
1573 1088 1614 1114 se
1648 1076 1790 1115 fierent
1823 1090 1895 1116 suo

124 1151 299 1193 nomine.
334 1151 540 1192 Proficisci
575 1158 711 1191 autem
743 1149 844 1190 mihi
877 1149 920 1189 in
955 1148 1091 1189 Asiam
1127 1146 1339 1188 videbatur
1373 1145 1423 1187 ab
1461 1147 1586 1187 Antio
1622 1147 1736 1188 velle.
1763 1152 1804 1188 55.
1831 1148 1894 1189 Nc

123 1224 269 1265 multa:
316 1224 419 1266 nihil
462 1238 524 1264 me
557 1224 601 1265 in
633 1223 703 1264 illo
735 1223 879 1264 itinere
920 1226 1076 1277 praeter
1110 1220 1358 1262 conscientia
1392 1234 1479 1261 mea
1514 1219 1746 1261 delectavit.
1800 1222 1894 1262 Non

123 1297 228 1337 enim
273 1296 352 1338 fuit
396 1297 746 1348 committendum,
789 1301 835 1337 ut
867 1295 934 1336 ille
968 1310 1017 1336 ex
1051 1294 1171 1336 Italia
1205 1294 1330 1349 prius,
1366 1308 1483 1348 quam
1521 1309 1543 1335 a
1575 1309 1638 1335 me
1672 1301 1896 1336 conventus
1917 1313 1948 1337 15

122 1377 240 1422 esset,
275 1370 512 1412 discederet.
547 1370 637 1411 Hoc
673 1370 837 1425 dempto
872 1384 1038 1410 munere
1074 1368 1220 1409 amoris
1253 1373 1373 1421 atque
1407 1368 1527 1408 oflicii
1570 1367 1825 1423 sequebatur,
1851 1374 1896 1410 ut

122 1458 280 1485 mecum
312 1444 419 1500 ipse:

371 1531 438 1577 ‘H
469 1529 583 1595 δεῦρ’
618 1530 740 1587 ὁδός
775 1549 857 1578 σοι
891 1535 948 1577 τί
975 1530 1197 1578 δύναται
1235 1536 1346 1589 νῦν,
1383 1532 1648 1593 &soffredum

125 1618 292 1670 Prorsus
338 1627 579 1669 dissolutum
623 1627 772 1669 offendi
817 1627 1024 1682 navigium
1072 1627 1133 1667 vel
1175 1627 1308 1682 potius
1343 1626 1599 1682 dissipatum.
1654 1626 1770 1668 Nihil
1803 1640 1896 1667 con-

125 1701 228 1753 silio,
274 1701 377 1743 nihil
415 1701 583 1752 ratione,
630 1701 732 1742 nihil
767 1700 920 1741 ordine.
972 1700 1116 1754 Itaque
1150 1701 1225 1740 etsi
1260 1715 1308 1741 ne
1344 1704 1461 1741 antea
1499 1700 1661 1754 quidem
1697 1698 1896 1749 dubitavi,
1918 1711 1951 1736 ιο

123 1781 258 1816 tamen
290 1790 399 1834 nunc
433 1790 479 1815 eo
513 1775 660 1824 minus,
695 1774 850 1815 evolare
885 1773 993 1823 hinc,
1027 1772 1150 1827 idque
1185 1787 1305 1828 quam
1340 1773 1528 1827 primum,
1583 1775 1648 1814 ubi
1682 1790 1749 1815 ›net-
1784 1775 1897 1814 Pelo-

167 1933 183 1966 ’ἶ
208 1936 303 1964 totam
325 1933 442 1974 suscipi
466 1953 506 1958 —
531 1935 570 1964 14
587 1936 719 1974 praeler
741 1933 964 1964 conscientiam
989 1933 1160 1965 delectavit
1187 1953 1224 1957 —
1256 1935 1292 1965 21
1319 1934 1370 1965 ubi
1394 1944 1411 1964 a
1436 1944 1532 1965 versu
1556 1942 1623 1973 seq.
1648 1933 1830 1964 seiunctum
1854 1950 1894 1956 —

124 2079 177 2104 tur
196 2073 322 2114 aliquid
344 2074 461 2104 maius.
494 2074 594 2104 Hunc
618 2084 713 2105 usum
737 2074 918 2115 particulae
941 2077 986 2104 al·
1033 2082 1096 2107 est:
1132 2086 1234 2117 quum
1271 2076 1420 2106 oratione
1456 2074 1700 2115 complecterer,
1737 2082 1820 2112 qnae
1856 2072 1896 2101 ad

122 2136 181 2167 que
210 2127 373 2167 exemplis
405 2127 607 2158 comicorum
632 2127 811 2158 illustravit
833 2127 987 2158 Handius
1033 2139 1197 2161 summam
1220 2139 1289 2161 rem
1314 2129 1482 2170 publicam
1507 2127 1720 2168 pertinerent.

124 2182 157 2212 in
181 2181 277 2212 Turs.
303 2182 330 2212 Ι.
354 2192 384 2222 p.
406 2182 478 2214 467.
1077 2181 1143 2212 Tua
1156 2181 1338 2221 fizmiliarz's
1361 2188 1410 2212 est
1432 2180 1575 2212 Servilia
1611 2178 1660 2210 Cf.
1684 2188 1734 2219 ep.
1761 2178 1806 2215 17,
1832 2178 1896 2208 211.

166 2235 184 2274 ξ
216 2235 245 2266 2.
278 2235 387 2266 Multa
421 2236 454 2266 in
487 2237 537 2267 liis
573 2237 681 2267 verbis
711 2237 808 2268 aliter
830 2242 929 2277 atque
952 2237 985 2267 in
1035 2237 1054 2266 l.
1078 2236 1160 2277 Nep.
1186 2236 1220 2266 in
1244 2236 1316 2266 Att.
1339 2235 1388 2265 11.

123 2289 216 2320 codd.
239 2289 396 2330 scriptum
420 2296 469 2320 est
485 2298 664 2330 posuerunt
678 2291 829 2327 editores,
844 2300 985 2331 quorum
1008 2294 1010 2298 ’
1076 2289 1138 2330 qu
1167 2290 1313 2329 repressi.
1343 2291 1433 2320 Ante
1465 2288 1601 2320 verbum
1631 2293 1710 2328 puto
1733 2286 1898 2318 excidisse

123 2344 381 2380 emendefiones,
405 2350 440 2374 ut
464 2348 576 2380 certas,
602 2344 720 2384 recepi.
744 2342 920 2375 Graeterus
933 2343 986 2374 hic
1009 2334 1010 2367 l
1031 2353 1087 2374 me.
1112 2343 1228 2374 Cicero
1252 2352 1286 2373 se
1308 2342 1484 2379 continuit,
1507 2350 1568 2372 nee
1591 2340 1685 2381 plura
1707 2340 1793 2370 dixit

123 2406 254 2437 quoque
284 2396 450 2428 infelicem
482 2397 631 2428 criticum
663 2397 732 2438 agit
755 2403 787 2428 et
809 2398 901 2428 omni
926 2407 986 2438 ope
1075 2397 1093 2434 ἓ
1126 2397 1156 2425 3.
1195 2394 1282 2425 Nihil
1315 2407 1360 2425 me
1393 2413 1431 2417 -
1455 2395 1587 2434 praeter
1616 2391 1807 2423 conscientia
1831 2402 1897 2421 mea

125 2450 263 2488 laborat,
299 2456 335 2481 ut
368 2460 385 2481 e
418 2451 530 2481 ‹sedit-c
564 2451 688 2482 nullius
721 2451 816 2491 pretii
846 2461 882 2482 ea
907 2452 986 2482 vitia
1009 2444 1010 2448 ¹
1031 2449 1210 2480 delectavit.
1235 2448 1290 2479 Sic
1314 2449 1351 2479 M
1375 2445 1414 2490 '7¹²²
1439 2449 1480 2479 de
1504 2447 1642 2489 reliquis
1659 2446 1742 2477 nihil
1760 2451 1897 2476 constat.

123 2505 268 2542 reducat,
290 2514 375 2546 quae
397 2505 521 2545 priores
536 2514 579 2536 ex
590 2505 728 2543 ingenio
745 2506 870 2536 dudum
883 2512 986 2536 sustu·
1009 2502 1011 2539 J
1036 2503 1206 2544 Antiquae
1239 2503 1400 2535 editiones
1433 2503 1557 2534 habent
1581 2504 1712 2542 praeter
1742 2500 1898 2530 eom-cieu-

123 2558 240 2589 lerant.
266 2558 342 2589 Vid.
367 2557 428 2589 VI.
453 2569 482 2598 p.
505 2558 566 2588 420
588 2567 676 2598 seqq.
1009 2568 1011 2570 ·
1034 2557 1111 2587 tiam
1143 2568 1256 2593 meam,·
1289 2557 1487 2589 recentiores
1516 2557 1669 2588 delei-unt
1693 2566 1798 2584 meam.
1833 2553 1897 2584 Sed

165 2612 641 2654 Decimumque—accusabam
669 2628 679 2637 υ
692 2614 749 2654 qui
765 2624 840 2644 cum
869 2620 900 2645 et
912 2614 986 2644 (ial-
1035 2611 1163 2642 codices
1193 2621 1311 2651 sequor
1340 2610 1383 2640 ob
1412 2610 1573 2640 rationem
1605 2609 1645 2639 ad
1678 2608 1718 2638 V.
1749 2610 1777 2644 3,
1801 2608 1819 2637 2
1844 2616 1898 2638 ex-

123 2665 203 2696 liam
227 2665 431 2706 provinciam
455 2671 487 2696 et
510 2665 544 2695 in
568 2675 607 2696 ea
630 2671 693 2696 tres
717 2665 866 2706 legiones
887 2666 985 2697 habe·
1009 2652 1011 2678 l
1037 2665 1186 2705 positam.
1212 2665 1327 2696 Cicero
1350 2664 1431 2695 dicit
1452 2673 1486 2695 se
1503 2664 1633 2694 nullum
1649 2672 1691 2694 ex
1709 2662 1897 2692 itinereillo

125 2723 182 2756 ret,
203 2718 327 2749 otiosus
350 2718 434 2748 nihil
458 2727 516 2758 pro
539 2727 605 2758 rep.
623 2718 828 2749 moliretur.''
855 2719 984 2750 Manui..
1008 2711 1012 2747 l
1034 2717 1178 2748 fructum
1200 2718 1334 2759 cepisse,
1358 2718 1421 2748 nisi
1444 2718 1532 2757 quod
1556 2717 1617 2747 sibi
1641 2716 1791 2746 conscius
1814 2721 1896 2745 esset

168 2770 353 2812 Quemquam
376 2771 466 2812 tanqi
488 2781 522 2801 o:
552 2771 739 2802 Antonium
753 2781 885 2812 quoque
909 2782 986 2803 cum
1009 2783 1012 2830 ἰ
1035 2781 1069 2803 se
1093 2772 1198 2803 Bruto
1220 2781 1287 2802 non
1310 2770 1462 2802 defuisse.

124 2824 264 2857 Caesare
293 2825 476 2866 oportuisse
505 2826 590 2856 sicae
622 2825 687 2856 ictu
723 2826 838 2866 perire.
873 2826 1011 2857 Πιίιιιι·Ἰ
1078 2823 1096 2860 ἡ
1130 2819 1212 2869 δεῦρ’
1243 2819 1322 2860 ὀὃός
1350 2835 1382 2854 κ.
1414 2834 1446 2854 τ.
1480 2819 1496 2852 λ
1537 2821 1586 2853 Cf.
1611 2821 1706 2851 XVI.
1731 2819 1897 2856 (3‚2.Ve1·-

124 2882 234 2908 autem
272 2878 392 2908 leniOri
424 2877 525 2908 verbo
559 2877 657 2918 ranst,
688 2879 776 2918 quod
809 2887 888 2909 eave
911 2888 986 2909 cum
1009 2863 1012 2922 l
1036 2891 1090 2912 sus
1112 2890 1130 2912 e
1151 2881 1278 2912 comico
1302 2880 1424 2921 petitus
1447 2880 1584 2914 videtur,
1609 2885 1644 2908 ut
1661 2876 1801 2907 coniecit
1814 2875 1898 2905 Mei-

124 2929 278 2961 Manutio
300 2931 410 2962 omitti
432 2939 526 2971 posse
550 2936 653 2971 putes.
1009 2929 1012 2959 ἱ
1036 2935 1154 2966 nekius
1176 2934 1275 2975 Fra&
1299 2933 1394 2965 Com,
1416 2933 1472 2964 Gr,
1497 2933 1557 2964 IV,
1585 2943 1604 2972 p
1639 2931 1709 2961 610.

166 2978 317 3014 Senaf'v'l
346 2983 461 3014 vocari·
491 2983 535 3014 Cf
572 2982 670 3014 XIV·
700 2984 748 3021 10,
778 2985 804 3014 l·
841 2984 905 3015 Pr0
937 2993 986 3020 ΕΟ,
1010 2971 1011 3015 l
1080 2989 1255 3030 Naviyiwu.
1287 2987 1342 3019 Sic
1371 2988 1451 3019 dicit
1483 2997 1551 3018 rein
1576 2986 1741 3027 publicani
1768 2985 1817 3015 vel
1843 2994 1897 3015 eos

124 3035 213 3075 quod
234 3037 352 3068 deiude
376 3037 409 3067 in
434 3036 523 3067 Med·
546 3042 595 3067 cst
615 3036 780 3076 suscipere,
796 3037 986 3068 maluiscri·
1009 3039 1012 3079 i
1036 3041 1154 3082 potius,
1177 3051 1319 3082 quorum
1341 3040 1482 3071 consilio
1505 3049 1556 3071 res
1580 3038 1711 3079 publica
1735 3044 1812 3067 tunc
1827 3036 1898 3073 geri

125 3089 202 3120 bere
223 3099 300 3121 curn
315 3089 485 3122 Gronovio
497 3090 693 3130 susciperem,
709 3100 808 3132 quam
823 3090 987 3123 Orellium
1037 3094 1206 3126 debuerat.

125 3143 229 3182 sequi.
269 3141 365 3182 Qvum
402 3146 497 3172 totam
527 3143 712 3183 susciperem
743 3154 804 3174 rem
831 3144 986 3183 publicam
1083 3146 1138 3177 Ubi
1161 3157 1217 3177 nec
1239 3164 1280 3170 —-
1301 3145 1438 3175 audiam.
1462 3144 1566 3184 Saepo
1593 3144 1707 3172 ‘'iven-0
1732 3142 1817 3172 hunc
1832 3152 1890 3172 vei·-
