2062 3565
102 149 184 189 196
503 143 586 184 ΕΡ.
621 142 697 182 AD
728 140 777 180 Τ.
812 136 1161 180 POMPONIUM
1197 133 1460 176 ATTlc-UM.

99 280 345 338 supplicibus
388 278 533 329 verbis,
578 282 624 318 1113
665 275 784 316 liceat
828 278 868 316 013
912 278 957 314 ut
1000 271 1075 314 sibi
1121 270 1351 314 rescribam.
1402 269 1481 311 Bes
1529 284 1648 325 quam
1699 267 1866 310 molesta

100 357 152 397 sit
194 354 318 396 vides.
367 351 567 406 Rescripsi
611 364 674 390 me
736 348 856 389 etiam
890 346 1050 401 gravius
1083 360 1167 387 esse
1202 345 1418 399 (affectum)
1453 357 1573 398 quam
1604 347 1707 393 tum,
1741 356 1866 397 quum

102 429 161 470 illi
205 427 394 468 dixissem
436 438 498 464 me
542 421 671 463 solum
713 435 798 462 esse
844 419 958 470 velle,
991 433 1113 473 quare
1144 417 1251 459 nolle
1283 431 1346 458 me
1379 416 1455 458 hoc
1487 421 1665 472 tempore
1696 430 1783 457 eam
1817 413 1867 456 ad

103 517 165 543 me
212 500 359 541 venire.
415 495 628 546 Putabam,
671 495 703 535 si
736 492 840 535 nihil
872 492 1177 547 rescripsissem,
1209 490 1321 532 illam
1353 505 1446 531 cum
1475 495 1600 531 matre
1633 493 1842 530 venturam
1855 505 1867 539 ς

69 594 79 599 -
103 588 210 615 1111110
244 587 325 613 11011
358 576 471 626 puto.
506 567 737 625 Apparebat
770 567 876 608 enim
909 565 998 608 illas
1030 565 1167 607 literas
1199 579 1281 606 non
1313 563 1422 605 illius
1455 578 1554 605 esse.
1587 561 1696 604 Elud
1719 566 1869 612 autem,

103 647 210 703 quod
252 647 334 687 fore
379 644 507 695 video,
553 644 686 698 ipsum
729 641 820 682 volo
862 641 1003 681 vitare.
1059 640 1123 681 Ne
1157 639 1249 680 illae
1284 638 1335 679 ad
1367 653 1430 679 me
1464 638 1642 688 veniant,
1679 637 1755 691 [et]
1791 649 1871 676 una

103 727 162 762 est
203 720 358 770 vitatio,
400 724 446 760 ut
490 732 563 773 ego
596 716 735 758 nolim.
786 713 864 756 Sed
889 728 1050 755 necesse
1083 719 1158 755 0513.
1191 713 1247 754 Το
1279 713 1354 753 1100
1387 726 1496 753 1111110
1529 725 1626 766 rogo
1659 715 1706 751 ut
1737 708 1872 764 explo-

104 810 178 845 res,
223 794 273 834 ad
306 807 427 848 quam
470 791 578 833 diem
609 790 675 831 hic
708 790 766 831 ita
799 789 947 844 possim
982 802 1081 839 esse,
1116 793 1162 828 ut
1194 802 1243 828 ne
1278 787 1493 842 opprimar.
1543 787 1666 841 Ages,
1701 789 1746 825 ut
1779 783 1873 824 scri-

146 965 165 995 2
188 963 344 1005 Rescripsi
369 965 386 1003 †
407 973 454 994 me
475 981 516 985 —
540 961 723 1004 [affectum]
746 979 787 983 —
811 963 830 991 5
853 969 916 991 non
938 968 1006 990 esse
1028 956 1126 998 ipsius
1150 975 1189 980 —
1212 956 1231 986 6
1254 955 1373 999 vitare,
1398 964 1437 986 ne
1459 972 1500 978 —-
1522 954 1661 987 veniant.
1685 952 1727 984 Et
1747 964 1811 985 una
1835 970 1874 975 —

105 1132 179 1155 cero
202 1122 316 1153 scribit
338 1122 379 1153 ad
405 1120 466 1152 Cn.
490 1119 677 1156 Plancium,
700 1119 757 1159 qui
782 1127 884 1149 novas
903 1117 965 1158 ipsi
987 1120 991 1175 ι
1013 1120 1102 1148 retur
1124 1135 1164 1139 —
1187 1116 1232 1148 ad
1252 1116 1298 1148 me
1320 1118 1483 1148 venturam
1506 1122 1565 1148 cet.
1600 1114 1784 1156 scripserat
1812 1114 1875 1146 Pu-

107 1178 237 1219 nuptias
261 1176 444 1218 gratulat-us
468 1181 547 1212 erat,
560 1173 654 1205 Fam.
669 1173 732 1204 IV.
751 1173 801 1210 14,
816 1174 845 1204 3.
871 1172 964 1210 Quae
1015 1170 1128 1201 blilia:
1159 1170 1266 1201 Jlater
1287 1169 1332 1200 ad
1353 1172 1385 1201 te
1405 1169 1520 1208 veniet,
1551 1178 1638 1200 non:
1675 1167 1780 1198 Mater
1809 1176 1876 1198 mea

105 1231 245 1272 epistola
267 1240 371 1271 quum
392 1228 576 1261 certissime
596 1227 715 1267 scripta
737 1226 780 1257 sit
810 1232 885 1266 post
914 1235 965 1266 ep.

106 1284 155 1322 ll,
178 1284 254 1315 Lib.
287 1282 361 1314 XII
390 1283 431 1313 ad
460 1281 624 1317 Atticum,
654 1280 689 1310 in
725 1289 791 1320 qua
820 1278 966 1309 vidimus

106 1337 300 1370 Ciceronem
331 1345 453 1367 novam
483 1334 709 1366 conditionem
742 1337 966 1373 quaerentem,

106 1402 173 1424 non
197 1392 237 1422 ad
261 1390 393 1422 initium
416 1389 496 1420 anni
519 1389 590 1426 708,
614 1394 650 1418 ut
679 1386 756 1418 fecit
789 1385 967 1422 Gruberus,

107 1445 279 1478 referenda
301 1450 358 1481 est,
391 1444 448 1475 sed
483 1442 602 1474 melius
633 1440 852 1472 collocabitur
881 1440 969 1470 inter

108 1498 261 1540 epistolas
285 1502 429 1529 exeunte
451 1495 511 1526 illo
545 1504 633 1526 anno
666 1493 719 1524 vel
758 1492 854 1523 initio
889 1491 968 1522 anni

108 1551 179 1590 709,
214 1550 354 1583 Caesare
387 1550 421 1581 in
451 1548 651 1589 Hispaniam
680 1546 836 1587 profecto,
866 1545 968 1575 datas.

108 1606 224 1637 Novae
247 1603 509 1641 necessitudinis,
526 1612 592 1633 non
609 1611 652 1633 ex
667 1609 789 1636 amore,
804 1600 862 1631 sed
876 1608 970 1640 prop-

111 1666 160 1691 ter
182 1658 327 1690 rationes
350 1657 398 1689 rei
419 1656 592 1687 familiaris
614 1655 718 1686 initae
743 1653 808 1684 cito
843 1652 970 1684 Cicero-

111 1723 187 1746 nem
210 1713 412 1755 poenituisse
435 1721 479 1743 ex
501 1711 563 1742 hoc
586 1711 660 1741 loco
688 1714 831 1750 apparet,
862 1716 970 1748 neque

111 1774 160 1800 est
182 1768 272 1808 quod
294 1767 454 1797 miremur
477 1774 644 1805 nusquam
665 1768 833 1804 praeterea
852 1762 888 1793 in
906 1762 970 1803 epi-

112 1821 206 1854 stolis
229 1820 397 1852 Publiliae
420 1819 626 1851 mentionem
650 1817 731 1848 fieri.
766 1817 882 1857 Atque
905 1815 972 1846 iam

112 1881 234 1907 aestate
276 1885 305 1906 a.
345 1874 405 1907 709
442 1873 623 1904 divortium
661 1880 731 1903 esse
760 1870 884 1901 factum
914 1869 970 1910 (cf.

113 1933 202 1964 Plut.
226 1932 249 1963 l.
271 1932 310 1973 l.)
331 1936 467 1972 apparet
488 1940 530 1961 ex
553 1929 603 1967 iis,
633 1937 717 1970 quae
747 1928 781 1958 in
804 1937 854 1968 ep.
878 1927 919 1958 34
941 1932 974 1958 et

114 1987 163 2025 47,
187 1987 215 2024 2,
240 1986 297 2016 lib.
320 1985 413 2016 XIII
436 1985 478 2015 ad
512 1984 583 2015 Att.
616 1982 771 2023 legimus,
799 1990 884 2022 quae
914 1980 974 2012 vix

114 2041 210 2073 aliter
232 2040 392 2081 explicari
416 2044 562 2080 possunt,
596 2047 694 2079 quam
717 2037 745 2068 si
768 2042 891 2067 statuas
920 2035 975 2075 agi

114 2096 155 2126 de
177 2096 254 2126 dote
286 2093 401 2125 uxoris
432 2092 525 2123 fratri
554 2091 724 2123 solvenda.
757 2090 799 2121 cf.
821 2090 974 2126 Abeken,

117 2149 232 2181 Cicero
255 2158 314 2179 aus
342 2148 456 2179 seinen
481 2146 627 2183 Briefen,
650 2156 680 2186 p.
704 2145 765 2176 318
791 2150 822 2175 et
843 2144 914 2175 328.

161 2202 259 2244 Quasi
280 2213 347 2233 cum
370 2201 508 2232 Publilio
531 2201 720 2242 loqueretur.
749 2198 863 2238 Quum
885 2207 976 2239 supe-

117 2258 219 2289 riores
243 2257 383 2288 editores
406 2255 460 2286 vel
483 2265 500 2286 0
530 2255 618 2286 Med.
649 2254 816 2285 dedissent
847 2254 976 2283 matrem

118 2321 216 2348 suam,
254 2320 321 2340 cum
354 2308 489 2340 Publilio
521 2309 710 2349 loqueretur,
750 2307 804 2338 vel
832 2307 978 2347 ineptam

121 2365 298 2397 lectionem
321 2363 500 2395 infeliciter
534 2367 757 2403 temptassent,
791 2361 911 2392 Bosius
942 2360 977 2390 in

120 2420 191 2451 cod.
215 2419 247 2450 Y
270 2428 304 2450 se
327 2418 494 2449 invenisse
518 2417 645 2458 scripsit
671 2426 738 2446 cum
761 2415 870 2446 Publio
893 2413 979 2455 loqui

121 2477 208 2505 retur
231 2480 264 2505 et
286 2483 330 2504 ex
358 2472 467 2504 verbis
495 2472 581 2503 hanc
615 2470 818 2504 sententiam
848 2469 977 2501 elicuit:

123 2543 137 2554 u
148 2528 295 2559 Publilia
317 2527 362 2558 ita
385 2526 591 2558 familiariter
613 2535 665 2557 me
688 2535 745 2566 per
766 2525 877 2556 literas
900 2524 978 2555 allo-

123 2582 242 2623 quina,
266 2587 302 2612 ut
324 2591 358 2613 se
381 2581 472 2622 loqui
493 2585 587 2621 putet
605 2589 680 2610 cum
696 2579 794 2610 fratre
812 2578 977 2615 Publili03

126 2636 236 2676 itaque
272 2635 384 2666 scribit
413 2638 554 2665 matrem
584 2643 677 2664 suam
705 2642 783 2663 cum
811 2631 910 2663 fratre
939 2631 980 2662 ad

126 2700 179 2721 me
196 2699 265 2721 esse
281 2690 490 2726 venturam,”
505 2688 540 2719 in
558 2697 624 2728 quo
640 2687 761 2718 multos
776 2687 981 2728 acquiescere

125 2744 232 2775 video.
250 2743 338 2774 Mihi
359 2753 438 2775 vero
453 2748 485 2774 et
501 2741 673 2773 collocatio
688 2741 867 2773 verborum
881 2740 983 2772 talem

127 2797 383 2838 explicationem
408 2796 583 2828 excludere
606 2796 734 2826 videtur
750 2801 783 2826 et
798 2800 984 2835 suspectum

127 2857 175 2882 est
196 2852 294 2888 retur,
317 2851 405 2891 quod
427 2860 495 2881 non
518 2849 657 2880 memini
679 2849 713 2879 in
737 2849 841 2880 Tullii
854 2848 984 2889 scriptis

129 2904 281 2935 inveniri.
303 2903 420 2943 Neque
442 2912 521 2934 vero
543 2902 708 2943 intelligo,
741 2903 908 2943 quomodo
932 2901 983 2933 Ci-

128 2966 203 2988 cero
225 2956 367 2997 potuerit
390 2955 514 2987 offendi
535 2955 595 2986 illo
618 2955 750 2992 nuntio,
773 2965 875 2996 quum
889 2955 984 2986 adde-

130 3016 180 3040 ret
199 3018 287 3039 uxor
307 3008 335 3038 sz'
364 3010 398 3038 tu
420 3007 558 3048 pateris,
589 3014 621 3039 et
648 3007 762 3038 multis
791 3006 901 3039 verbis
929 3016 984 3038 ve-

131 3064 221 3095 niam
242 3069 385 3104 rogaret.
408 3063 539 3094 Vitium
570 3063 658 3103 quod
688 3062 769 3093 haec
798 3062 900 3094 verba
931 3061 986 3093 ob-

133 3116 284 3153 scuravit,
307 3116 425 3147 sustuli
446 3126 506 3156 pro
528 3124 616 3145 suam
637 3124 799 3155 reponens
818 3113 918 3155 quasi.
947 3113 986 3145 P.
1010 3152 1011 3156 Ἰ

133 3168 177 3196 ml
198 3178 244 3198 me
267 3169 392 3206 scripsit
416 3170 542 3198 malrem
565 3185 604 3190 -—
627 3168 716 3207 quas-d
738 3176 802 3198 cum
826 3167 862 3197 P.
885 3167 986 3207 loque·
1008 3165 1012 3193 l

1014 1224 1059 1255 ad
1079 1226 1110 1255 te
1134 1223 1246 1261 veniet,
1271 1233 1375 1265 eaque
1397 1222 1586 1264 appellatio,
1601 1231 1667 1263 qua
1683 1221 1743 1252 illa
1756 1220 1876 1252 mulier

1015 1279 1078 1310 sibi
1101 1288 1235 1319 quoque
1258 1284 1295 1309 ut
1316 1283 1422 1309 mater
1451 1277 1693 1318 imponebatur,
1724 1274 1876 1307 Ciceroni

1015 1332 1222 1373 displicuisse
1245 1332 1386 1363 videtur.

1060 1386 1132 1417 Cum
1154 1386 1221 1418 illo.
1247 1387 1339 1418 Haec
1362 1386 1445 1417 mihi
1474 1386 1571 1417 valde
1602 1390 1753 1426 suspecta
1786 1390 1873 1422 sunt,

1018 1446 1050 1473 et
1071 1441 1149 1483 quia
1170 1441 1339 1473 Publilius
1361 1440 1460 1481 paulo
1483 1445 1559 1472 ante
1580 1440 1616 1471 in
1638 1439 1789 1471 Africam
1805 1448 1876 1480 pro·

1018 1495 1122 1526 fectus
1144 1495 1285 1532 videtur,
1315 1500 1354 1524 ut
1375 1493 1530 1524 novimus
1560 1502 1604 1525 ex
1632 1502 1682 1534 ep.
1713 1492 1763 1531 24,
1795 1493 1811 1523 1
1844 1498 1878 1524 et

1019 1549 1068 1586 28,
1092 1550 1120 1586 3,
1144 1555 1176 1580 et
1199 1549 1288 1589 quod
1311 1547 1346 1578 in
1370 1547 1420 1585 iis,
1443 1556 1528 1589 quae
1558 1552 1752 1588 sequuntur,
1781 1546 1877 1578 nulla

1019 1602 1091 1634 eius
1113 1601 1238 1633 mentio
1259 1602 1306 1640 fit,
1329 1601 1386 1632 sed
1408 1601 1448 1632 de
1478 1600 1557 1632 solis
1585 1599 1781 1632 mulieribus
1811 1599 1880 1640 agi-

1020 1663 1082 1689 tur.
1106 1656 1259 1688 Fortasse
1282 1656 1317 1687 in
1339 1655 1391 1687 his
1419 1655 1501 1687 latet
1529 1664 1652 1686 nomen
1684 1654 1759 1692 loci,
1789 1654 1878 1686 unde

1020 1716 1179 1743 venturae
1201 1717 1320 1749 essent,
1343 1716 1400 1741 aut
1422 1709 1633 1741 scribendum
1655 1718 1722 1740 cum
1736 1708 1879 1740 Camillo.

1062 1764 1220 1805 Rescn‘psi
1242 1774 1288 1794 me
1310 1763 1404 1794 etiam
1431 1762 1563 1804 yravius
1590 1771 1657 1793 esse
1691 1762 1879 1804 (affectum).

1020 1818 1184 1849 Ultimam
1207 1827 1324 1848 vocem
1346 1817 1381 1848 in
1403 1816 1494 1848 Med.
1506 1815 1665 1846 omissam
1679 1815 1769 1846 unde
1780 1813 1879 1856 primi

1022 1872 1162 1904 editores
1186 1871 1385 1913 sumpserint
1417 1870 1595 1901 nescimus.
1632 1868 1740 1900 Malui
1769 1873 1879 1900 tamen

1021 1936 1095 1958 eam
1117 1926 1271 1963 retinere,
1293 1935 1393 1966 quam
1408 1925 1450 1956 de
1466 1922 1585 1956 Orellii
1598 1923 1788 1955 coniectura
1804 1922 1880 1954 scri-

1022 1981 1112 2012 bere:
1137 1980 1178 2011 mi
1199 1979 1295 2010 etiam
1313 1978 1446 2021 qravius
1467 1987 1545 2016 esse,
1575 1977 1734 2019 quoniam
1753 1987 1788 2008 se
1806 1985 1883 2018 qra-

1021 2034 1103 2065 vz'ter
1123 2034 1238 2065 habere
1261 2039 1310 2065 est
1326 2032 1704 2074 periculoseaeyrotare,
1727 2030 1768 2062 cf.
1798 2030 1881 2062 V11.

1022 2088 1051 2125 2,
1075 2087 1104 2125 3,
1127 2092 1159 2118 et
1182 2086 1298 2118 Cicero
1310 2095 1377 2117 non
1396 2094 1532 2126 gravem
1546 2084 1700 2116 morbum
1712 2083 1881 2121 simulare,

1023 2142 1080 2173 sed
1103 2141 1206 2172 animi
1228 2140 1429 2172 maestitiam
1450 2139 1494 2170 ob
1514 2139 1603 2171 filiae
1627 2138 1757 2170 obitum
1780 2147 1879 2170 excu-

1023 2206 1095 2228 sare
1115 2197 1239 2228 debuit.

1065 2250 1150 2281 Illas
1171 2251 1285 2281 literas
1307 2260 1369 2282 non
1391 2249 1482 2281 illius
1503 2258 1581 2281 esse.
1603 2248 1721 2282 Cicero
1743 2248 1884 2290 suspica-

1026 2305 1120 2336 batur
1142 2314 1196 2336 eas
1217 2315 1236 2336 a
1261 2310 1365 2336 matre
1381 2305 1470 2336 filiae
1490 2304 1591 2335 fuisse
1609 2304 1745 2335 dictatas
1766 2308 1799 2335 et
1820 2302 1886 2334 Pu-

1029 2361 1156 2392 bliliam
1178 2361 1285 2401 magis
1306 2361 1351 2392 ob
1373 2366 1524 2398 matrem,
1554 2370 1655 2401 quam
1684 2369 1742 2391 sua
1764 2359 1882 2390 volun-

1027 2422 1092 2446 tate
1130 2425 1199 2446 esse
1230 2421 1414 2447 venturam.
1448 2414 1564 2455 Vulgo
1592 2413 1700 2445 editur
1728 2422 1789 2443 non
1819 2421 1886 2443 esee

1025 2469 1135 2510 ipsius.
1179 2469 1277 2500 Redii
1298 2470 1339 2500 ad
1362 2469 1405 2506 id,
1429 2468 1518 2509 quod
1539 2468 1629 2499 Med.
1649 2467 1759 2504 habet,
1781 2475 1884 2507 quum

1027 2523 1069 2554 sit
1091 2521 1264 2563 optimum.

1069 2575 1169 2613 Illud,
1191 2574 1273 2617 quod
1284 2573 1363 2615 fore
1378 2573 1466 2605 video
1481 2579 1544 2605 cet.
1567 2572 1645 2604 Non
1661 2572 1794 2604 videbat
1805 2571 1886 2610 fore,

1029 2637 1067 2662 ut
1087 2629 1244 2661 mulieres
1258 2634 1368 2660 tamen
1385 2628 1556 2665 venirent3
1581 2637 1660 2658 nam
1675 2627 1774 2658 modo
1788 2626 1886 2667 scrip-

1029 2685 1072 2716 sit
1093 2694 1128 2715 se
1149 2693 1238 2714 nunc
1259 2692 1328 2714 non
1350 2688 1474 2724 putare,
1499 2687 1534 2713 ut
1555 2680 1702 2712 Publilia
1722 2690 1799 2712 cum
1819 2689 1887 2711 ma-

1029 2743 1078 2769 tre
1100 2737 1248 2773 veniret3
1271 2736 1329 2767 sed
1357 2744 1573 2776 congressum
1601 2744 1679 2765 cum
1706 2739 1812 2765 matre
1839 2732 1888 2763 vi-

1030 2797 1099 2823 tare
1121 2791 1265 2822 volebat.
1298 2790 1410 2828 Quare
1439 2789 1541 2821 verba
1571 2789 1617 2819 ita
1652 2786 1888 2828 distinguenda

1032 2852 1063 2878 et
1084 2845 1279 2885 corrigenda
1299 2843 1471 2876 videntur:
1495 2842 1587 2874 Illud
1605 2844 1709 2874 autem
1719 2841 1802 2884 quod
1808 2841 1889 2882 fore

1032 2898 1131 2936 video,
1153 2898 1253 2939 ipsum
1275 2898 1344 2929 volo
1365 2898 1478 2939 vitare.
1501 2896 1550 2928 Ne
1571 2896 1633 2927 illa
1653 2895 1754 2927 adme
1769 2894 1888 2933 veniat,

1031 2962 1096 2983 una
1118 2953 1165 2982 est
1186 2951 1310 2988 vitatio,
1331 2953 1368 2981 ut
1390 2960 1446 2992 eqo
1466 2950 1562 2981 nolim
1583 2960 1618 2981 οε
1646 2958 1715 2980 una
1735 2953 1785 2980 est
1805 2948 1889 2979 ratio

1031 3003 1159 3036 vitandi
1187 3013 1382 3044 congressus
1410 3013 1486 3035 cum
1512 3008 1626 3040 matre,
1654 3007 1692 3033 ut
1718 3001 1798 3033 hinc
1826 3001 1890 3033 dis·

1031 3059 1154 3095 cedam,
1172 3067 1237 3099 qua
1257 3067 1319 3098 ego
1331 3057 1456 3089 invitus
1469 3062 1554 3089 utor.
1575 3055 1638 3087 Sed
1650 3065 1776 3087 necesse
1794 3057 1888 3086 esto:

1033 3112 1090 3143 sed
1111 3111 1208 3142 aliter
1229 3120 1301 3142 eain
1324 3111 1431 3142 vitare
1454 3120 1521 3141 non
1544 3119 1687 3149 possum,
1722 3117 1818 3148 quam
1843 3107 1891 3138 vi-

1032 3166 1108 3197 dere
1130 3165 1216 3196 nolo.
