2062 3565
141 139 225 179 lsss

542 138 627 180 ΕΡ.
662 139 737 179 AD
771 138 815 178 T.
851 135 1201 178 POMPONIUM
1235 134 1498 177 ATTICUM.

771 324 817 363 V.
885 324 950 375 (Α.
992 323 1038 363 U.
1076 324 1118 363 c,
1156 321 1274 375 708.)

203 441 241 479 1.
275 439 451 490 Quintus
483 444 595 494 pater
629 440 817 493 quartum
848 436 910 477 vel
941 436 1078 492 potius
1111 436 1367 477 millesimum
1401 435 1503 476 nihil
1537 437 1654 491 sapit,
1690 437 1759 491 qui
1780 437 1900 478 laete-

136 516 200 552 tur
233 511 414 566 Luperco
447 511 528 552 filio
561 515 602 552 et
635 510 776 561 Statio,
810 513 858 551 ut
887 513 1024 550 cernat
1057 508 1211 564 duplici
1247 507 1439 550 dedecore
1458 508 1703 551 cumulatam
1722 509 1900 551 domum.

134 584 252 625 Addo
293 584 414 625 etiam
459 583 725 624 Philotimum
769 582 950 623 tertium.
1005 581 1042 623 O
1092 579 1322 633 stultitiam,
1369 580 1448 622 nisi
1492 595 1580 622 mea
1624 582 1750 623 maior
1783 587 1901 633 esset,

97 671 111 696 ⁵
133 656 399 710 singularem!
452 655 572 708 Quod
615 659 749 697 autem
796 670 853 705 os,
898 655 941 695 in
974 653 1079 696 hanc
1111 668 1192 695 rem
1229 647 1413 712 ἔρανον
1446 668 1469 694 a
1500 654 1571 695 te?
1605 654 1699 705 Fac,
1734 669 1815 696 non
1850 654 1901 696 ad

132 723 372 784 διψῶσαν
404 727 605 787 κρήνην,
641 727 709 769 sed
743 727 792 768 ad
828 724 1084 785 Πειρήνην
1117 740 1209 766 eum
1242 725 1412 777 venisse,
1447 731 1487 767 et
1520 721 1795 784 ἄμπνευμα
1832 741 1903 770 σε·

131 801 266 859 ,ιινὸν
302 799 532 857 Ἀλφειοῦ
565 802 591 844 †
620 801 664 842 in
696 806 736 842 te
770 799 972 859 κρήνην,
1006 804 1054 840 ut
1087 798 1242 850 scribis,
1276 798 1450 849 haurire,
1474 799 1517 840 in
1538 799 1664 841 tantis
1687 800 1770 842 suis
1794 815 1903 856 prae-

132 875 267 916 sertim
308 875 506 930 angustiis
548 878 639 918 ποῖ
675 871 815 917 ταῦτ’
850 869 915 932 ἄρ
947 868 1225 928 οἱποσκήψει
1237 889 1259 925 ,·
1301 872 1379 913 Sed
1412 873 1496 927 ipse
1530 872 1688 914 viderit.
1727 876 1767 915 2.
1802 874 1902 916 Cato

131 963 193 988 me
228 947 389 1002 quidem
422 947 608 998 delectat,
643 946 712 987 sed
747 946 868 987 etiam
901 945 1071 986 Bassum
1105 944 1308 986 Lucilium
1344 960 1430 986 sua.
1464 945 1525 986 De
1559 945 1695 988 Caelio
1717 951 1764 988 tu
1783 962 1903 1002 quae-

76 1039 112 1064 10
131 1035 205 1072 reS,
240 1026 286 1060 ut
318 1019 474 1069 scribis,
516 1035 589 1075 ego
622 1019 726 1061 nihil
759 1019 868 1061 novi.
913 1017 1129 1060 Noscenda
1163 1023 1224 1059 est
1255 1022 1415 1068 natura,
1449 1033 1531 1059 non
1564 1018 1734 1061 facultas
1767 1020 1901 1062 modo.

130 1092 190 1134 Dc
226 1092 443 1134 Hortensio
477 1097 517 1134 et
549 1092 757 1148 Verginio,
793 1098 839 1133 tu
873 1091 906 1132 si
941 1090 1037 1146 quid
1073 1089 1297 1140 dubitabis,
1332 1091 1407 1132 etsi
1443 1090 1549 1146 quod
1584 1092 1712 1146 magis
1732 1092 1902 1147 placeat,

172 1266 189 1298 7
211 1256 368 1310 Ἀλφειοῦ
391 1266 425 1297 in
449 1268 479 1297 le
513 1257 677 1309 [κρήνην]
712 1281 751 1284 -
774 1262 792 1292 8
816 1262 989 1304 affusum
1014 1262 1075 1294 ποῖ
1103 1262 1216 1294 ταῦτα
1244 1257 1313 1306 ἄρα
1342 1254 1569 1307 &noenu-pet?
1602 1279 1647 1283 ——

172 1415 191 1453 ξ
215 1415 243 1444 1.
269 1413 304 1454 Q.
322 1416 417 1453 pater
439 1415 581 1454 quartum
598 1431 639 1436 —
655 1414 737 1444 nz’ln'l
751 1415 846 1455 sapit.
865 1429 878 1440 υ
892 1415 990 1446 Vide-

131 1472 183 1497 tur
203 1468 349 1508 quartum
372 1472 540 1507 sumptum
563 1476 605 1498 ex
621 1467 709 1498 dicto
723 1472 838 1508 poetae
851 1467 991 1499 alicuius

130 1519 246 1551 Graeci
280 1526 336 1551 aut
368 1520 490 1557 Latini,
523 1520 580 1561 qui
610 1530 713 1561 quum
744 1521 835 1552 varia
871 1531 991 1562 genera
1016 1510 1017 1532 ¹

131 1574 291 1606 stultitiae
326 1574 553 1611 recensuisset,
583 1580 699 1615 quarto
732 1575 804 1606 loco
826 1576 913 1606 dixit
936 1585 991 1606 eos

131 1636 247 1667 parum
269 1636 392 1666 sapere,
407 1626 465 1666 qui
488 1626 645 1667 improbis
670 1628 857 1658 domesticis
880 1627 992 1658 volen-

132 1687 179 1712 tes
203 1690 238 1711 ac
272 1680 413 1712 libentes
435 1683 640 1712 uterentur.''
673 1681 871 1713 Gronovius.
896 1681 992 1719 Casu,

132 1743 199 1764 non
229 1733 367 1764 consilio
398 1733 519 1764 factum
541 1738 619 1774 puto
641 1735 730 1774 quod
751 1734 888 1774 epistola
910 1735 992 1766 inci-

156 1897 168 1925 t
189 1894 308 1926 consul.

122 1896 154 1936 fi
179 1947 238 1988 Qui
271 1947 408 1978 laetetur
441 1946 581 1987 Luperco
606 1946 693 1987 filio.
728 1947 874 1987 Quintus
907 1949 995 1979 filius

134 2000 294 2041 probante
323 2005 415 2040 patre
446 1999 575 2030 videtur
604 2000 704 2040 paulo
726 2005 802 2032 ante
824 2000 995 2042 Lupercus
1016 2010 1017 2014 ¹

135 2054 238 2085 factus
261 2063 342 2091 esse,
365 2063 449 2094 quae
472 2054 626 2084 sodalitas
643 2054 781 2085 omnino
796 2055 837 2085 ab
853 2055 996 2086 honesti-

135 2108 247 2139 oribus
273 2108 555 2139 contemnebatur.
588 2107 657 2139 Cic.
682 2107 772 2139 Cael.
796 2108 845 2139 26.
870 2108 906 2139 Si
939 2118 997 2149 per

137 2161 294 2201 temporis
303 2161 466 2192 rationem
475 2165 616 2192 statuere
623 2161 746 2199 liceret,
756 2171 831 2193 eum
839 2162 997 2202 Lupercis

136 2215 233 2246 Iuliis
260 2214 459 2255 adscriptum
489 2224 568 2252 esse,
599 2215 660 2246 ista
689 2225 820 2256 quoque
851 2207 1019 2246 adulatio'

136 2267 270 2298 victoris
295 2266 446 2298 Ciceroni
469 2267 608 2297 molesta
630 2266 755 2298 fuisset.
778 2267 845 2298 Sed
856 2267 918 2298 hoc
934 2268 997 2298 col-

137 2319 264 2360 legium
300 2329 328 2349 a.
357 2318 417 2351 708
453 2319 602 2349 nondum
631 2325 700 2350 erat
728 2319 927 2351 institutum.
957 2319 997 2350 cf.

139 2371 229 2403 Suet.
253 2371 346 2403 Caes.
369 2371 419 2403 76.
442 2370 506 2401 Dio
529 2370 658 2402 XLIV.
674 2371 702 2402 6.
726 2371 847 2402 Statius
870 2378 902 2403 et
924 2371 998 2401 Pla·-

139 2425 266 2456 lotimus
287 2424 435 2456 libertini
457 2424 616 2465 Lupercis
645 2434 713 2456 non
736 2430 812 2456 sunt
834 2426 998 2467 adscripti,

140 2487 248 2519 neque
270 2477 413 2509 ministri
443 2484 476 2508 et
497 2477 656 2508 calatores
673 2477 806 2516 ·Quinti
831 2478 998 2511 Ciceronis

139 2530 281 2572 Luperci
304 2529 445 2567 fuerunt,
462 2534 497 2560 ut
513 2530 611 2560 multi
627 2535 749 2561 temere
767 2536 926 2568 statuunt,
942 2533 999 2563 sed.

140 2589 375 2621 memorantur,
391 2584 479 2624 quod
495 2583 621 2622 Quinto
637 2585 721 2625 patri
732 2585 882 2616 dedecori
897 2591 998 2617 erant.
1020 2600 1022 2609 >

140 2637 174 2667 Is
203 2637 291 2668 male
312 2636 465 2667 audiebat
487 2636 529 2666 ob
551 2636 806 2668 familiaritatem
829 2647 904 2668 cum
929 2638 998 2668 Sta-

141 2690 187 2721 tio
213 2696 246 2722 et
276 2690 475 2721 Philotimus
505 2689 680 2721 Terentiae
711 2690 848 2722 libertus
873 2691 1000 2723 videtur

140 2744 227 2784 apud
249 2752 324 2774 eum
348 2743 382 2774 in
405 2743 531 2773 honore
551 2742 661 2774 fuisse.
852 2775 855 2778 ,

181 2796 252 2826 Nisi
273 2806 340 2826 mea
363 2795 461 2826 maior
481 2797 572 2826 esset.
595 2796 705 2834 Quam
716 2796 803 2827 dicat
817 2807 910 2828 suam
922 2798 1000 2829 stul-

141 2849 247 2880 titiam
270 2849 399 2889 ignoro.
421 2848 591 2879 Manutius
614 2849 758 2890 explicat
779 2850 819 2881 de
841 2860 890 2887 ec,
913 2852 999 2891 quod

141 2902 220 2942 ipse,
242 2902 300 2942 qui
322 2906 429 2933 tantas
451 2910 502 2932 res
523 2900 557 2931 in
581 2911 646 2942 rep.
670 2908 824 2942 gesserat,
847 2902 999 2934 libertate

141 2965 304 2996 oppressa,
328 2960 437 2986 tamen
460 2954 495 2986 in
518 2956 598 2986 urbe
620 2961 778 2987 maneret.
794 2957 998 2997 Mongaltius

142 3014 236 3049 putat
275 3008 469 3040 Ciceronem
499 3008 562 3039 sibi
596 3009 732 3039 stultum
766 3009 879 3050 videri,
911 3012 999 3051 quod

144 3061 251 3092 fratris
282 3062 454 3092 stultitiam
490 3070 587 3101 aegre
617 3061 708 3093 ferat.
746 3062 932 3094 Gronovius
962 3064 997 3094 in

143 3117 265 3148 notulis
287 3117 367 3149 Mss.
390 3118 429 3148 ad
451 3117 531 3148 haec
554 3117 668 3149 verba:
695 3131 708 3142 υ
720 3117 775 3158 qui
799 3118 880 3150 haec
904 3118 999 3150 video

1037 1421 1070 1447 et
1104 1415 1214 1446 vivere
1246 1413 1428 1444 sustineo.”
1463 1413 1515 1444 En
1547 1419 1612 1444 tres
1635 1413 1817 1454 opiniones.
1843 1414 1905 1445 Cui

1037 1469 1129 1500 nulla
1155 1466 1308 1509 placebit,
1338 1466 1367 1497 ei
1398 1465 1535 1497 fortasse
1557 1466 1734 1497 satisfaciet
1756 1465 1905 1498 Schutzii

1037 1524 1146 1555 audax
1169 1521 1318 1556 mutatio,
1343 1530 1400 1560 pro
1424 1530 1491 1551 mea
1513 1520 1686 1551 scribentis
1708 1520 1787 1551 alia.

1080 1574 1144 1604 Fac
1168 1584 1228 1604 non
1250 1592 1292 1596 —-
1315 1568 1532 1616 ἀποσκήψεις
1557 1571 1731 1604 Sententia
1752 1577 1815 1604 est:
1840 1571 1906 1603 Fac

1016 1632 1017 1638 ¹
1039 1640 1114 1662 eum
1138 1641 1205 1662 non
1231 1630 1361 1662 venisse
1387 1630 1427 1660 ad
1450 1629 1616 1661 sitientem
1639 1628 1766 1660 fontem
1791 1630 1840 1666 (οε
1865 1630 1905 1660 ad

1041 1694 1150 1715 arcam
1183 1693 1286 1725 paene
1326 1683 1547 1723 exhaustam),
1584 1683 1642 1714 sed
1681 1682 1722 1713 ad
1751 1682 1905 1721 Pirenen,

1016 1744 1018 1778 ᾗ
1044 1737 1251 1768 uberrimum
1274 1736 1400 1767 fontem
1425 1736 1472 1766 (oz
1497 1736 1538 1766 ad
1560 1745 1668 1766 arcam
1690 1735 1852 1776 plenam),
1873 1741 1905 1767 et

131 1787 179 1828 pit
209 1787 327 1818 iisdem
355 1787 464 1818 verbis
498 1792 596 1828 atque
628 1788 731 1819 Ennii
763 1797 876 1820 versus
907 1790 994 1830 apud
1016 1783 1018 1807 ⁴³
1043 1790 1270 1821 venerandum
1303 1789 1423 1820 ostium
1459 1787 1583 1829 Alphei
1622 1789 1673 1828 (ut
1702 1788 1905 1819 Arethusam

132 1840 279 1873 Gellium
308 1841 350 1872 N.
379 1842 421 1872 A.
452 1841 497 1872 X.
528 1841 556 1873 1.
582 1841 718 1882 Quintus
734 1845 830 1882 pater
851 1834 1018 1884 quartum*¹

1040 1845 1183 1886 appellat
1207 1844 1371 1876 Pindarus
1387 1844 1484 1875 Nem.
1500 1844 1527 1874 I.
1539 1844 1576 1882 1)
1590 1843 1731 1881 haurire,
1746 1853 1904 1885 quorsum

1039 1898 1121 1929 haec
1144 1898 1279 1929 tandem
1301 1902 1475 1938 erumpent
1498 1896 1531 1927 in
1555 1896 1654 1927 tantis
1678 1896 1745 1927 suis
1761 1905 1903 1937 praeser-

1039 1951 1100 1981 tim
1129 1949 1313 1991 angustiis?
1345 1967 1383 1972 --
1405 1948 1524 1980 Altero
1548 1948 1620 1980 loco
1642 1959 1673 1979 v.
1696 1943 1822 1994 κρήνην
1857 1958 1903 1980 se-

1039 2007 1136 2038 clusit
1169 2007 1360 2043 Lambinus,
1399 2010 1429 2036 et
1457 2014 1547 2038 sane*
1564 2005 1707 2036 otiosum
1738 2010 1795 2036 est.
1830 2005 1904 2046 Ego

1040 2060 1186 2101 suspicor
1218 2060 1373 2100 inteyrum
1404 2058 1504 2089 latere
1533 2057 1566 2087 in
1598 2058 1686 2089 Med.
1716 2059 1902 2099 corruptela

1016 2111 1019 2143 f
1041 2110 1317 2142 INTEPHNHN.

1084 2167 1102 2206 ξ
1128 2167 1156 2197 2.
1183 2165 1258 2196 Cato
1280 2175 1326 2195 sne
1349 2164 1547 2195 —delectat.
1563 2163 1707 2201 Catonis,
1722 2163 1778 2204 qui
1792 2172 1904 2194 mense

1042 2218 1152 2258 Aprili
1174 2218 1269 2248 huius
1292 2218 1372 2248 anni
1394 2217 1514 2248 Uticae
1536 2221 1677 2248 mortem
1699 2216 1763 2247 sibi
1780 2215 1903 2247 consci-

1042 2276 1142 2307 verat‚
1172 2270 1272 2300 vitam
1302 2270 1429 2311 scripsit
1468 2269 1592 2306 Cicero,
1623 2269 1681 2310 qui
1717 2269 1801 2300 liber
1832 2268 1905 2298 laus

1046 2322 1174 2353 Catonis
1196 2322 1371 2363 inscriptus
1394 2327 1451 2359 est,
1468 2327 1550 2353 teste
1563 2320 1672 2352 Gellio
1687 2321 1729 2352 N.
1743 2321 1776 2352 A
1801 2320 1905 2352 XIII.

1045 2377 1093 2408 19.
1116 2376 1254 2417 Saepius
1276 2377 1329 2407 hic
1352 2377 1436 2407 liber
1457 2377 1505 2407 M.
1530 2376 1626 2407 Bruti
1642 2381 1759 2416 rogatu
1776 2385 1905 2416 compo-

1043 2431 1123 2462 situs
1146 2431 1180 2461 in
1203 2430 1349 2471 epistolis
1372 2434 1584 2466 memoratur,
1612 2429 1652 2460 ad
1678 2429 1747 2459 Att.
1770 2428 1852 2459 XII.
1875 2428 1904 2458 4.

1044 2484 1143 2515 XIII.
1166 2484 1216 2516 27.
1238 2484 1288 2514 46.
1322 2482 1510 2524 Disputavit
1532 2483 1572 2513 (le
1596 2491 1634 2513 eo
1657 2481 1748 2513 Frid.
1770 2480 1907 2513 Schnei-

1044 2538 1140 2568 derus
1183 2537 1216 2568 in
1258 2537 1378 2567 Diariis
1419 2535 1629 2576 Antiquariis
1668 2545 1694 2565 a.
1729 2534 1809 2567 1837
1849 2534 1905 2565 fol.

1047 2591 1104 2622 140
1128 2600 1175 2631 sq.

1086 2644 1149 2675 Sed
1167 2644 1262 2675 etiam
1293 2643 1425 2673 Bassum
1461 2641 1614 2673 Lucilium
1641 2651 1699 2672 sua
1729 2651 1773 2672 sc.
1802 2641 1906 2672 delec-

1044 2703 1124 2728 tant.
1156 2697 1297 2728 Videtur
1329 2704 1461 2736 carpere
1491 2695 1617 2725 malum
1639 2694 1830 2734 scriptorem
1853 2693 1906 2725 vel

1045 2757 1185 2793 poetam,
1208 2759 1298 2781 nunc
1321 2749 1418 2790 plane
1433 2748 1597 2788 ignotum.
1612 2747 1653 2777 cf.
1669 2747 1713 2778 A.
1729 2746 1906 2783 Weichert,

1045 2806 1085 2836 de
1106 2805 1145 2835 L.
1169 2803 1264 2834 Varii
1287 2808 1318 2833 et
1341 2801 1447 2834 Cassii
1470 2802 1579 2832 Parni.
1603 2800 1671 2831 vita
1688 2810 1720 2841 p.
1736 2800 1806 2831 143.
1823 2799 1907 2831 Con-

1045 2857 1122 2888 ferri
1151 2861 1296 2897 possunt,
1327 2865 1413 2895 quae
1443 2855 1483 2885 de
1513 2854 1618 2894 poetis
1639 2853 1770 2893 scripsit
1792 2852 1907 2884 Cicero

1045 2911 1142 2941 Tusc.
1169 2909 1212 2939 V.
1235 2908 1294 2938 63:
1318 2907 1368 2938 Sic
1389 2918 1423 2938 se
1445 2916 1496 2936 res
1519 2905 1629 2937 habet:
1653 2907 1685 2936 te
1707 2907 1773 2942 tua,
1798 2915 1844 2935 me
1857 2904 1908 2936 de-

1043 2962 1164 2992 lectant
1186 2971 1264 2991 mea.

1085 3013 1133 3044 De
1165 3013 1270 3043 Caelio
1300 3011 1497 3052 argentario,
1527 3010 1619 3041 cuius
1651 3008 1776 3040 mentio
1798 3008 1835 3038 fit
1857 3017 1907 3048 ep.

1043 3077 1110 3108 seq.
1144 3068 1171 3104 l,
1202 3067 1289 3097 unde
1323 3076 1389 3096 uon
1425 3065 1564 3095 dubium
1594 3069 1652 3099 est,
1683 3062 1762 3103 quid
1793 3061 1908 3093 Cicero

1045 3129 1119 3150 cuin
1145 3128 1183 3150 eo
1205 3127 1301 3158 agere
1325 3117 1435 3154 vellet,
1458 3122 1490 3148 et
1514 3116 1594 3146 VII.
1620 3116 1648 3152 3,
1674 3114 1721 3145 11.
1752 3113 1853 3145 XIII.
1879 3113 1907 3154 3,
