2062 3565
150 961 183 986 10

212 153 296 193 les
611 151 694 192 ΕΡ.
730 149 806 190 AD
839 149 885 189 Τ.
921 145 1272 188 POMPONIUM
1305 145 1571 188 ATTICUM.

208 288 426 343 gloriosum
469 292 529 327 est
571 298 692 340 quam
735 283 915 333 Catonis,
965 287 1102 323 tamen
1150 285 1192 322 et
1233 281 1412 336 periculo
1456 295 1629 323 vacuum
1661 290 1722 325 est
1753 290 1794 326 et
1825 286 1974 328 dolore.

208 361 443 402 Extremum
483 363 543 399 est
583 371 734 407 eorum,
769 355 840 411 qui
872 356 916 396 in
949 354 1104 396 Achaia
1138 358 1247 396 sunt.
1300 354 1338 395 Ii
1370 358 1506 396 tamen
1538 355 1617 411 ipsi
1648 371 1690 398 se
1723 357 1799 399 hoc
1832 358 1975 401 melius

645 418 663 435 0

207 432 358 473 habent
399 445 516 486 quam
550 446 638 482 nOS,
685 429 792 485 quod
826 435 868 470 et
899 429 1019 470 multi
1053 433 1149 470 sunt
1180 443 1262 469 uno
1294 428 1339 469 in
1371 428 1459 470 loco
1493 433 1546 480 et,
1582 445 1706 485 quum
1738 431 1784 472 in
1815 431 1975 474 Italiam
2020 462 2029 467 -r

206 505 401 556 venerint,
452 504 615 546 domum
665 503 803 545 statim
853 503 1050 544 venerint.
1103 503 1215 544 Haec
1247 507 1295 542 tu
1327 516 1460 557 perge,
1495 507 1542 543 ut
1573 502 1686 555 facis,
1720 505 1904 560 mitigare
1936 511 1976 548 et
2019 511 2022 515 “

206 578 371 635 probare
414 593 535 634 quam
586 577 784 633 plurimis.
833 579 874 617 5.
921 576 1041 628 Quod
1084 581 1124 617 te
1165 590 1345 627 excusas,
1391 590 1464 630 ego
1509 591 1602 618 vero
1642 582 1682 618 et
1713 583 1804 620 tuas
1837 594 1975 622 causas

205 667 325 694 nosco
358 658 399 694 et
431 666 519 693 mea
550 651 741 693 interesse
775 654 873 706 puto
906 656 946 691 te
978 649 1070 691 istic
1105 665 1204 700 esse,
1240 649 1302 690 vel
1338 655 1385 691 ut
1418 665 1511 691 cum
1542 650 1607 702 iis,
1639 650 1788 706 quibus
1820 658 1975 708 oporte-
2060 672 2062 701 ;

207 727 279 777 bit,
323 740 431 781 agas,
476 740 578 780 quae
623 729 743 766 erunt
787 723 943 779 agenda
977 722 1026 764 de
1058 722 1190 775 nobis,
1224 728 1272 764 ut
1303 738 1362 774 ea,
1398 737 1500 778 quae
1533 723 1665 778 egisti,
1698 724 1974 781 imprimisque
2016 716 2020 718 V
2059 729 2062 761 ἶ

204 799 279 839 1100
315 798 431 840 velim
464 798 781 840 animadvertas:
817 797 965 839 multos
998 812 1084 838 esse
1118 796 1303 847 arbitror,
1339 797 1409 851 qui
1443 796 1494 838 ad
1523 796 1733 839 Caesarem
1756 798 1976 841 detulerint

2058 809 2062 828 ῑ

2059 835 2062 866 ἲ

205 871 424 913 dela-turive
457 872 540 913 sint
573 886 634 912 me
669 877 739 913 aut
772 871 974 927 poenitere
1008 870 1166 912 consilii
1198 870 1279 911 mei
1311 876 1381 911 aut
1413 885 1496 911 non
1518 869 1699 926 probare,
1725 886 1827 926 quae
1849 873 1949 914 fiant
1957 891 1968 924 3
2021 888 2026 890 ·
2059 880 2062 884 ’

205 960 373 1000 quorum
420 945 496 986 etsi
540 950 756 1000 utrumque
806 959 944 986 verum
990 949 1064 994 est,
1110 949 1245 985 tamen
1289 941 1339 983 ab
1382 942 1464 984 illis
1508 942 1656 984 dicitur
1691 943 1824 985 animo
1857 961 1879 987 a
1913 961 1974 988 me

204 1019 390 1070 alienato,
435 1034 517 1061 non
551 1034 630 1075 quo
662 1020 720 1061 ita
754 1034 839 1060 esse
874 1019 1161 1074 perspexerint.
1207 1016 1285 1058 Sed
1319 1021 1450 1058 totum
1483 1022 1530 1058 ut
1562 1016 1638 1058 hoc
1671 1016 1823 1059 Balbus
1856 1019 1975 1060 susti-
2028 1033 2033 1035 ·
2060 999 2062 1034 3

204 1099 298 1133 neat
330 1097 370 1133 et
404 1093 560 1148 Oppius
594 1098 634 1134 et
666 1108 803 1134 eorum
837 1091 986 1133 crebris
1019 1091 1147 1132 literis
1181 1090 1290 1132 illius
1323 1089 1509 1132 voluntas
1543 1105 1636 1146 erga
1674 1105 1736 1132 me
1770 1092 1974 1134 confirme-

207 1173 271 1205 tur
315 1169 355 1206 et
401 1165 478 1206 hoc
520 1165 637 1221 plane
686 1172 733 1207 ut
766 1166 848 1216 fiat,
884 1164 1135 1220 diligentiam
1170 1162 1395 1205 adhibebis.
1431 1165 1472 1204 6.
1508 1163 1691 1206 Alterum
1723 1169 1797 1216 est,
1832 1180 1903 1207 cur
1934 1170 1974 1208 te
2031 1164 2034 1166 ’
2060 1144 2062 1151 ¹

207 1237 331 1279 nolim
375 1237 592 1290 discedere,
637 1239 742 1294 quod
787 1237 929 1280 scribis
961 1238 1008 1279 T.
1044 1238 1275 1293 efflagitare.
1311 1237 1347 1278 O
1381 1252 1463 1278 rem
1496 1237 1701 1280 miseram!
1737 1237 1847 1290 Quid
1882 1239 1974 1280 scri-

176 1322 189 1345 5
208 1310 314 1361 bam,
349 1316 419 1352 aut
452 1312 550 1367 quid
584 1312 733 1353 velim?
768 1312 894 1353 Breve
917 1311 1074 1353 faciam.
1109 1311 1315 1352 Lacrimae
1339 1311 1445 1352 enim
1472 1326 1511 1352 se
1536 1310 1671 1352 subito
1696 1310 1973 1367 profuderunt.

209 1383 300 1425 Tibi
334 1385 545 1440 permitt03
580 1390 625 1427 tu
660 1385 836 1427 consule.
881 1385 1056 1426 Tantum
1091 1385 1194 1435 vide,
1230 1400 1279 1425 116
1312 1383 1387 1425 1100
1421 1390 1599 1440 tempore
1633 1385 1702 1425 isti
1735 1383 1873 1426 obesse
1905 1385 1975 1426 ali-

209 1457 305 1512 quid
340 1459 479 1514 possit.
513 1459 696 1514 Ignosce,
732 1458 895 1500 obsecro
928 1467 981 1510 te,
1017 1474 1098 1500 non
1132 1472 1293 1514 possum
1329 1472 1421 1512 prae
1455 1457 1550 1498 fletu
1584 1465 1625 1498 et
1649 1457 1784 1499 dolore
1819 1457 1974 1500 diutius

205 1532 247 1572 in
291 1531 366 1573 hoc
409 1532 497 1574 loco
543 1533 790 1575 commorari.
840 1533 1014 1574 Tantum
1058 1532 1188 1574 dicam
1233 1530 1335 1572 nihil
1379 1530 1478 1572 mihi
1519 1531 1674 1585 gratius
1717 1546 1817 1583 esse,
1851 1547 1970 1587 quam

246 1711 281 1741 ll
306 1720 367 1741 non
389 1720 448 1752 quo
468 1709 515 1740 ita
533 1709 751 1750 perspexerint
775 1726 813 1731 -
838 1709 877 1739 14
898 1709 1008 1739 scribis
1031 1708 1123 1738 islam
1150 1708 1326 1748 effla-eiicere
1348 1727 1389 1733 —
1413 1709 1451 1740 16
1474 1710 1530 1741 hoe
1563 1710 1709 1751 temporis
1731 1710 1788 1742 tibi
1809 1711 1912 1743 obesse
1938 1728 1974 1734 —-
2030 1710 2062 1750 μ’

248 1880 345 1921 Quum
361 1880 391 1910 ist
407 1879 435 1909 l.
452 1879 602 1916 venem‘nl,
618 1879 735 1910 domnas
751 1880 858 1910 statim
874 1879 1015 1909 venerint
1029 1890 1060 1908 .›:

204 1944 269 1964 uon
293 1933 531 1964 detinebuntur
554 1933 588 1963 in
612 1933 724 1974 aliquo
746 1933 876 1974 oppido,
895 1933 951 1964 sed
967 1933 1062 1964 venia

1112 1878 1288 1909 dicendum
1311 1887 1390 1910 erat.
1416 1880 1581 1921 Exempla
1603 1886 1756 1921 petantur
1779 1890 1822 1912 ex
1845 1881 1970 1912 Handii

1085 1936 1087 1942 ⁴
1112 1932 1298 1962 TurssIV.
1322 1943 1351 1973 p.
1376 1933 1437 1964 469
1461 1943 1507 1974 sq.

203 1998 220 2017 a
244 1987 382 2018 Caesare
398 1987 569 2027 impetrata
583 1987 694 2018 statim
712 1988 829 2018 urbem
843 1993 963 2027 petent.
986 1986 1062 2017 Fut.
1084 1980 1087 2016 ἶ

203 2044 355 2071 exactum
377 2039 412 2070 in
434 2044 572 2080 utroque
596 2040 744 2070 membro
768 2040 912 2080 ponitur,
935 2040 993 2070 ubi
1016 2040 1062 2070 in·
1084 2055 1086 2073 1

202 2092 379 2123 dir-andum
414 2097 461 2123 est
492 2098 666 2133 utramque
703 2102 772 2124 rem
804 2093 902 2123 simul
940 2092 1086 2123 factum,

203 2145 251 2176 iri.
289 2145 329 2175 cf.
352 2144 516 2185 Madvigii
538 2144 687 2176 Gramm.
710 2145 784 2176 Lat.
811 2147 828 2186 ξ
851 2146 922 2182 365,
946 2146 1019 2176 adn.
1044 2146 1061 2175 2

203 2198 337 2237 interpr.
357 2206 459 2228 meae.
483 2197 622 2229 Temere
637 2197 814 2228 Schutzius
829 2197 974 2238 scripsit:
997 2199 1059 2227 sla·
1084 2220 1085 2223 ¹

201 2250 255 2280 tim
277 2250 413 2281 venient.

244 2305 261 2342 ξ
286 2306 313 2334 5.
341 2302 423 2334 Tuas
445 2314 559 2333 eausa-s-
582 2314 673 2334 nosco
697 2315 729 2335 o:
768 2304 892 2345 accipio
915 2310 985 2335 tuas
1014 2315 1061 2335 ra-

204 2357 319 2387 tiones.
342 2355 377 2386 cf
411 2356 494 2395 Leg.
519 2356 546 2386 Ι.
574 2356 624 2386 ll.
662 2356 783 2394 Vereor,
807 2367 846 2387 ne
875 2357 966 2387 istam
989 2367 1061 2387 eau—
1084 2379 1085 2382 η

203 2419 269 2439 sam
293 2419 380 2439 nemo
402 2411 520 2446 noscat,
552 2409 608 2440 ubi
641 2409 678 2439 cfv
706 2410 830 2441 Bakius
863 2428 903 2431 —
926 2410 1060 2441 Atticus

203 2462 333 2494 videtur
355 2472 389 2494 se
412 2472 594 2499 excusasse,
618 2463 706 2502 quod
730 2463 762 2493 in
796 2464 875 2494 urbe
906 2464 1061 2495 manebat

204 2526 311 2558 neque
334 2517 552 2548 Brundisium
574 2517 759 2548 festinabat.

246 2571 315 2602 ,Von
337 2581 396 2613 qao
421 2571 468 2601 ita
498 2581 563 2602 esse
588 2572 808 2612 perspererz'nt
850 2572 1061 2603 infinitivum

204 2625 315 2656 addidi
338 2635 355 2656 e
367 2625 466 2656 scidis
480 2625 825 2665 wirzeburgensibus,
840 2636 923 2666 quae
935 2626 1027 2667 epist.
1042 2626 1059 2658 7

205 2691 222 2711 a
244 2680 354 2711 verbis
377 2682 479 2710 {amen
501 2682 532 2709 et
549 2680 694 2720 periculo
727 2690 832 2721 usque
866 2682 907 2711 ad
936 2691 986 2722 ep.
1022 2681 1060 2712 12

205 2734 238 2764 in
258 2735 454 2773 praesentem
468 2733 580 2763 acerbe
595 2733 722 2764 dixerat
734 2734 914 2766 continent.
938 2735 1063 2765 Earum

206 2788 364 2819 lectiones
388 2787 429 2818 ab
450 2787 554 2818 altera
577 2787 655 2818 edit.
686 2787 741 2819 Or.
766 2789 912 2820 diversas
935 2789 1062 2820 notavit

204 2903 234 2934 p.
258 2893 318 2926 917
342 2903 389 2934 sq.

205 3010 297 3032 serus
319 3001 387 3031 vim
410 3001 558 3032 adverbii
573 3001 682 3041 plane,
713 3012 815 3042 quum
838 3001 953 3042 Symb.
977 3002 1059 3033 crit.

1154 1985 1223 2024 §fi
1262 1985 1352 2025 Quod
1379 1986 1488 2017 scribis
1522 1986 1554 2018 T.
1584 1988 1770 2028 efflayz'lare.
1803 1988 1843 2018 In
1875 1988 1963 2019 Med.

1112 2038 1249 2077 legitur:
1274 2039 1356 2080 quod
1376 2040 1486 2071 scribis
1503 2041 1702 2082 lefflaqitare,
1717 2042 1751 2073 in
1764 2052 1868 2083 marg.
1884 2041 1970 2073 Crat.

1111 2098 1142 2123 et
1172 2093 1205 2123 in
1236 2092 1342 2124 Scidis
1384 2094 1486 2125 Wirz.
1517 2106 1543 2136 q.
1573 2105 1598 2125 s.
1628 2097 1658 2126 te
1677 2095 1852 2137 flaqitare;
1883 2097 1971 2128 unde

1111 2148 1169 2179 alii
1191 2148 1339 2180 fecerunt
1367 2151 1563 2192 leflaqz'tarz'
1585 2152 1637 2182 vel
1661 2154 1692 2182 te
1714 2151 1894 2194 efflayilarI,
1914 2153 1969 2183 alii

1111 2203 1150 2233 T.
1173 2212 1204 2233 o:
1234 2203 1367 2234 Polliam
1391 2205 1578 2245 efflaqz'tare.
1602 2206 1676 2237 Hoc
1699 2212 1826 2238 rectum
1848 2213 1937 2248 puto.

1156 2258 1243 2295 Quid
1263 2259 1352 2289 velim
1366 2259 1385 2288 ἶ
1411 2260 1529 2291 Merito
1553 2260 1717 2292 Orellium
1742 2261 1880 2293 offendit
1895 2272 1969 2293 con·
2016 2300 2030 2308 .,

1109 2312 1283 2350 iunctivus‚
1307 2313 1363 2353 qui
1388 2324 1405 2344 a
1430 2314 1573 2346 librariis
1606 2315 1718 2346 illatus
1752 2316 1882 2347 videtur
1910 2327 1970 2356 pro

1109 2363 1219 2396 futuro
1241 2366 1352 2396 volam.

1152 2418 1254 2449 Breve
1267 2418 1390 2457 faciam
1416 2429 1449 2449 o:
1473 2430 1540 2450 non
1576 2420 1714 2459 longum
1747 2420 1876 2452 faciam.
1920 2421 1969 2452 At

1111 2472 1162 2503 vel
1185 2472 1299 2503 invitis
1325 2473 1418 2503 libris
1440 2473 1617 2504 dicendum
1631 2483 1700 2505 esse
1716 2473 1801 2505 brevi
1815 2474 1917 2506 dicam
1933 2485 1964 2505 ³:

1111 2525 1260 2561 breviter,
1285 2526 1396 2566 paucis
1420 2526 1527 2557 verbis
1549 2526 1666 2563 dicam,
1688 2527 1874 2558 docuerunt
1892 2527 1967 2558 intt.

1109 2579 1150 2608 ad
1172 2577 1368 2614 Sestianam.
1394 2579 1410 2615 ξ
1438 2578 1483 2609 12.
1507 2577 1558 2608 eff.
1583 2589 1715 2619 quoque
1738 2578 1793 2611 Or.
1818 2585 1850 2611 et
1863 2580 1967 2611 Wun-

1109 2631 1176 2660 der.
1201 2631 1241 2660 ad
1264 2630 1368 2661 Plane
1405 2631 1423 2670 §
1445 2631 1495 2661 95.

1150 2684 1198 2714 Ne
1234 2685 1291 2714 hoc
1326 2687 1461 2725 tempore
1491 2685 1546 2715 isti
1573 2686 1677 2716 obesse
1709 2685 1834 2727 aliquid
1854 2687 1965 2727 possit.

1083 2765 1085 2779 ἱ
1110 2737 1185 2767 Non
1221 2737 1369 2768 dubitavi
1407 2737 1474 2768 leni
1508 2738 1662 2775 remedio,
1693 2740 1781 2779 quod
1815 2739 1966 2772 Koehius

1084 2825 1085 2828 Ἰ
1111 2791 1341 2830 suppeditavit,
1370 2791 1470 2821 verba
1494 2801 1511 2821 a
1535 2791 1649 2822 scribis
1673 2792 1759 2823 male
1781 2792 1894 2824 habita
1916 2803 1965 2824 re-

205 2842 246 2872 L.
271 2841 470 2882 Spengelius
492 2841 526 2872 in
538 2841 659 2872 Relatt.
677 2842 761 2873 doct.
778 2842 909 2873 Momm.
927 2843 1061 2880 a.1846,
1084 2843 1085 2847 ’

1112 2843 1240 2874 sarcire.
1276 2842 1486 2883 Scripserunt
1515 2843 1660 2884 temporis
1696 2844 1763 2875 tibi.

1111 2958 1195 2989 quae
1217 2949 1274 2979 hoc
1296 2951 1429 2989 tempore
1450 2951 1660 2981 scribendum
1682 2951 1786 2981 docet.
1819 2951 1855 2982 cf
1884 2951 1918 2982 h.
1942 2952 1964 2985 l.

1111 3055 1227 3087 Cicero
1249 3057 1289 3087 de
1311 3057 1428 3096 quovis
1450 3062 1595 3098 tempore
1617 3057 1711 3094 dixit,
1734 3058 1791 3088 sed
1812 3058 1852 3088 (16
1874 3064 1964 3089 certo

1112 3116 1257 3149 tempore
1279 3109 1353 3146 diei,
1378 3110 1469 3140 velut
1491 3109 1575 3140 infra
1598 3109 1700 3140 XIII.
1724 3110 1773 3147 33,
1795 3112 1824 3141 4.
1850 3110 1963 3149 Quum

1111 3169 1220 3204 autem
1242 3163 1276 3194 in
1300 3163 1388 3194 Med.
1411 3173 1469 3204 pro
1492 3162 1549 3194 tibi
1571 3163 1665 3195 initio
1688 3164 1843 3205 scriptum
1866 3164 1962 3196 fuerit

1808 2845 1965 2876 Alterum

1084 2884 1086 2902 ἶ
1111 2896 1169 2926 lzoe
1190 2896 1335 2936 temporis
1357 2897 1480 2927 recedit
1502 2907 1519 2927 a
1543 2897 1779 2929 consuetudine
1794 2898 1964 2935 Tulliana,

247 2946 318 2977 Hoc
333 2946 433 2987 plane
453 2949 486 2976 nt
498 2948 576 2987 fiat.
613 2947 768 2987 Tmpiter
790 2948 957 2987 ignoravit
990 2949 1061 2979 Mo·
1084 2953 1086 2955 ’

1084 3011 1087 3024 ³
1111 3004 1139 3040 8,
1164 3004 1191 3034 1.
1215 3004 1264 3040 12,
1287 3003 1315 3034 2.
1341 3004 1389 3041 13,
1414 3005 1442 3035 2.
1467 3005 1517 3042 16,
1548 3005 1576 3034 1.
1614 3005 1729 3045 Neque
1757 3004 1795 3035 id
1818 3005 1965 3046 temporis

207 3054 250 3084 V.
272 3064 303 3094 p.
329 3054 368 3084 16
389 3054 445 3084 1110
460 3054 558 3094 plene
589 3054 799 3085 scribendiun
829 3065 898 3086 esse
929 3061 1061 3087 cont-eu—
1084 3054 1086 3067 ἱ

206 3108 306 3138 deret.
330 3107 472 3138 Meliora
493 3109 613 3139 docent
636 3108 751 3145 lexica,
776 3109 840 3139 nisi
865 3108 949 3140 forte
966 3109 1061 3140 libra·
1084 3113 1085 3116 ’

184 3175 187 3177 “
207 3161 246 3192 rii
270 3161 433 3192 sexcentis
453 3162 532 3193 locis
545 3162 645 3202 plane
663 3162 859 3203 scripserint,
895 3163 950 3194 ubi
964 3164 1060 3203 plene
1084 3162 1085 3166 ’
