2062 3565
167 152 250 193 326

583 151 667 192 ΕΡ.
700 150 777 190 AD
809 150 855 190 Τ.
889 147 1240 190 POMPONIUM
1271 146 1536 189 ATTICUM.

169 291 214 328 ut
247 301 312 328 eos
346 300 499 341 semper
532 301 555 326 a
598 290 636 326 te
669 285 854 327 defensos
886 283 998 325 velis.
1044 283 1164 335 Quod
1197 287 1244 324 ut
1276 282 1412 334 facias,
1446 286 1486 323 te
1519 281 1773 324 vehementer
1805 281 1924 322 etiam

168 364 289 416 atque
323 360 442 401 etiam
476 358 618 414 rogo.’'

232 436 272 474 4.
323 434 400 474 His
445 432 571 474 literis
615 433 787 488 scriptis,
832 447 894 473 me
939 431 988 473 ad
1023 428 1285 484 συντάξεις
1319 429 1426 481 dedi,
1462 444 1561 484 quae
1594 429 1756 485 quidem
1790 443 1926 469 vereor

166 521 215 547 ne
263 506 429 547 miniata
474 505 607 547 cerula
650 510 721 547 tua
753 504 937 561 pluribus
970 504 1069 546 locis
1101 504 1301 546 notandae
1335 504 1437 545 sint:
1473 503 1530 544 ita
1563 517 1652 544 sum
1683 501 1925 560 μετέωρος

131 593 144 617 5
165 584 204 621 et
236 579 393 634 magnis
427 579 740 634 cogitationibus
772 578 1006 635 impeditus.

205 754 223 794 ξ
246 755 276 784 4.
302 751 491 793 συντάξεις.
526 752 615 785 Fieri
646 758 761 795 potest,
795 759 832 784 ut
854 754 920 784 iam
943 760 1019 784 tunc

161 810 302 842 scribere
331 811 474 851 coeperit
504 810 606 842 libros
633 811 674 841 de
707 810 840 851 Qffiffl'&
863 811 920 842 sed
941 811 974 842 h.
998 812 1019 842 l.

161 864 267 906 potius
295 865 511 905 cogitandum
540 874 610 896 esse
639 866 681 896 de
709 875 807 906 opere
839 865 878 896 de
908 865 1041 909 Gloria*

161 918 257 959 (XV.
280 918 329 956 27,
354 919 381 949 2.
406 918 504 949 XVI.
535 917 564 955 2,
598 918 632 955 6)
656 928 757 959 quum
781 918 846 949 alia
869 919 1018 957 suadent,
1040 928 1041 941 ¹

159 977 228 1002 tum
250 972 339 1012 quod
363 970 459 1002 XVI.
485 972 533 1009 11,
558 972 574 1002 1
605 981 702 1012 opere
725 972 765 1002 de
788 970 913 1003 Officiis
936 982 1018 1002 non·
1039 958 1041 992 ⁴.

158 1026 238 1055 dum
260 1025 412 1056 absoluto
436 1025 536 1063 (ibid.,
568 1026 613 1065 4),
635 1026 676 1056 de
698 1025 758 1055 illo
781 1025 906 1066 repet-it,
930 1027 1018 1066 quod
1039 1011 1041 1022 *

158 1079 190 1110 h.
212 1080 234 1110 l.
257 1080 370 1111 scribit
391 1080 516 1111 verulas
537 1080 644 1111 Attici
674 1080 860 1111 miniatulas
881 1090 915 1110 se
937 1080 1017 1111 eaeti-
1039 1105 1041 1111 ,

158 1142 301 1165 mescere.
337 1134 491 1166 Ceterum
519 1135 713 1166 observetur
741 1132 795 1165 hic
827 1145 898 1165 mos
921 1134 1017 1166 adno-

157 1185 249 1218 tandi
271 1187 371 1225 (Plin.
395 1187 456 1228 Ep.
482 1188 510 1219 1.
534 1188 562 1226 8,
586 1189 620 1229 3)
644 1188 697 1219 vel
714 1187 1016 1229 signiappingendi

754 1291 851 1336 XV.

1042 778 1043 803 1
1068 755 1158 792 locis,
1183 764 1268 796 quae
1280 755 1483 786 correctione
1495 754 1699 795 indigebant.
1721 752 1819 784 Talia
1833 760 1926 784 cerae

1066 807 1205 840 frustula
1227 807 1342 840 Graeci
1366 809 1529 840 vocabant
1551 803 1853 851 παραπλάσματα.
1876 804 1926 838 Cf.

1064 865 1253 906 Hesychius
1287 865 1321 896 in
1354 874 1444 896 voce.
1475 863 1657 896 Salmasius
1689 864 1731 894 ad
1764 862 1870 894 Solin.
1892 873 1925 903 p.

1065 917 1136 950 755.
1173 918 1313 951 Casaub.
1347 919 1389 950 ad
1418 918 1569 950 Persium
1603 928 1635 959 p.
1671 917 1743 948 418.
1768 916 1820 949 Cf.
1841 916 1925 948 Hor.

1064 972 1123 1013 Ep.
1147 972 1188 1004 ad
1212 973 1280 1003 Pis.
1310 972 1381 1003 446.

1103 1023 1293 1071 Μετέωρος,
1317 1026 1428 1057 animo
1450 1034 1617 1067 suspenso,
1640 1030 1677 1056 ut
1699 1035 1750 1066 ap.
1770 1024 1923 1064 Thucyd.

1064 1082 1112 1113 ΙΙ.
1141 1083 1170 1113 8.
1205 1082 1342 1124 Proprie
1364 1083 1485 1115 dicitur
1506 1084 1547 1114 de
1569 1083 1709 1114 navibus
1732 1082 1801 1113 salo
1825 1081 1925 1122 agita-

1063 1134 1115 1166 tis.
1146 1135 1241 1167 Conf.
1272 1135 1369 1167 XVI.
1402 1138 1432 1176 5,
1461 1138 1479 1168 3
1502 1135 1725 1167 Existimabam
1750 1135 1922 1176 (Brutum)

1062 1185 1308 1235 μετεωρότερον
1331 1200 1409 1221 esse.

918 1296 984 1347 (A.
1026 1296 1071 1337 [s.
1110 1298 1153 1338 C.
1191 1298 1310 1352 710.)

221 1411 260 1450 1.
305 1409 352 1450 L.
402 1410 581 1451 Antonio
626 1409 727 1450 male
773 1409 838 1459 sit,
883 1409 1082 1465 siquidem
1127 1412 1353 1455 Buthrotiis
1402 1414 1592 1457 molestus
1625 1422 1699 1457 est.
1747 1417 1833 1471 Ego
1866 1420 1925 1457 te-

156 1484 389 1526 stimonium
428 1485 649 1540 composui,
684 1484 805 1539 quod,
840 1500 965 1539 quum
996 1486 1117 1538 voles,
1137 1487 1431 1543 obsignabitur.
1467 1489 1625 1530 Numos
1650 1489 1924 1545 Arpinatium,

157 1559 191 1599 si
234 1558 282 1599 L.
335 1558 484 1600 Fadius
529 1558 669 1600 aedilis
718 1563 839 1613 petet,
886 1559 947 1600 vel
980 1574 1117 1601 omnes
1150 1560 1322 1603 reddito.
1369 1562 1455 1617 Ego
1490 1562 1539 1603 ad
1572 1567 1612 1603 te
1646 1562 1724 1603 alia.
1757 1562 1924 1618 epistola

119 1648 132 1672 5
155 1632 295 1688 scripsi
329 1632 377 1674 de
412 1633 497 1675 HS.
533 1649 607 1683 cx„
643 1647 743 1687 quae
778 1633 906 1674 Statio
940 1639 1187 1677 curarentur.
1233 1636 1275 1677 Si
1309 1651 1401 1691 ergo
1435 1641 1544 1691 petet
1577 1635 1741 1687 Fadius,
1775 1636 1812 1678 ei
1835 1637 1923 1678 volo

155 1708 283 1759 reddi,
321 1711 475 1764 praeter
509 1706 679 1747 Fadium
713 1705 879 1746 nemini.
916 1706 1035 1762 Apud
1070 1722 1133 1749 me
1167 1709 1263 1750 item
1297 1714 1394 1764 puto
1429 1708 1669 1764 depositum.
1704 1708 1752 1750 Id
1782 1709 1922 1765 scripsi

158 1782 207 1823 ad
253 1783 415 1824 Erotem
458 1784 506 1821 ut
549 1778 744 1820 redderet.
793 1780 833 1819 2.
881 1779 1076 1834 Reginam
1123 1781 1204 1823 odi.
1262 1782 1329 1823 Me
1362 1782 1447 1823 iure
1482 1781 1609 1824 facere
1644 1782 1720 1823 scit
1753 1797 1918 1838 sponsor

195 1948 212 1977 3
235 1945 420 1988 obsiynabiS.
447 1944 492 1975 Tu
514 1952 650 1975 nummo-5
671 1943 861 1984 Arpinatum
885 1962 924 1967 —

194 2093 212 2131 ξ
238 2094 263 2123 l.
288 2092 353 2134 Eyo
381 2091 589 2123 testimonium
611 2091 774 2130 composui.
804 2089 939 2122 Scilicet
963 2092 1014 2123 Ui·
1037 2108 1041 2141 Ι
1060 2095 1234 2133 debuisset,
1259 2096 1328 2127 eius
1350 2096 1452 2127 debiti
1479 2096 1683 2127 mentionem
1706 2095 1764 2126 alii
1775 2096 1823 2126 rei
1838 2100 1925 2126 recte

152 2156 226 2178 cero
248 2147 370 2177 tabulis
393 2146 609 2177 confirmabat
631 2155 678 2182 ea,
693 2155 776 2185 quae
791 2155 825 2176 se
842 2151 1014 2186 praesente
1038 2150 1041 2200 ὅ
1062 2149 1238 2190 interponi.
1267 2149 1332 2181 Sed
1366 2160 1434 2181 non
1464 2150 1563 2181 laudo
1585 2150 1656 2181 eius
1676 2149 1923 2185 correctionem,

152 2203 193 2233 de
221 2211 300 2242 agro
330 2201 581 2232 Buthrotiorum
616 2200 788 2231 liberando
819 2201 1017 2231 decrevisset
1039 2201 1040 2217 ³
1063 2213 1126 2244 qua
1150 2203 1249 2234 Fadio
1271 2204 1385 2245 reponi
1408 2204 1548 2235 volebat.
1586 2204 1695 2245 Magis
1730 2209 1810 2244 puto
1834 2202 1922 2235 Cice-

153 2254 282 2285 Caesar.
318 2254 379 2285 Cff-
403 2253 561 2294 epistolae
583 2254 623 2283 ad
648 2252 809 2283 Plancum
831 2257 863 2283 et
886 2252 1017 2293 Capito-
1038 2225 1041 2300 ⁴
1063 2267 1178 2289 ronem
1211 2258 1391 2298 scripsisse:
1425 2268 1505 2299 quae
1537 2269 1557 2287 a
1590 2257 1694 2288 Statio
1725 2259 1925 2288 curarentur.

152 2317 229 2339 nem
263 2317 360 2349 super
394 2307 457 2337 hoc
491 2306 626 2346 negotio
660 2306 801 2346 scriptae
823 2312 856 2337 et
878 2306 1017 2337 ultimae
1039 2301 1041 2343 J
1066 2311 1210 2349 Quintus
1234 2312 1359 2349 Cicero,
1382 2312 1438 2353 qui
1462 2311 1570 2343 Statio
1598 2312 1718 2343 liberto
1741 2312 1782 2342 ad
1804 2311 1925 2342 multas

153 2363 311 2404 epistolae
334 2362 412 2394 libri
434 2361 524 2393 XVI
547 2362 700 2392 adiectae.
1038 2376 1041 2406 1
1069 2373 1119 2396 res
1152 2365 1313 2402 utebatur,
1348 2375 1465 2396 numos
1503 2364 1643 2396 debebat
1676 2364 1768 2396 fratri
1805 2373 1926 2405 eosque

196 2416 427 2458 Obsifflzabz'tur.
461 2415 576 2455 Vulgo
611 2414 782 2456 obsifflzavi,
822 2420 860 2445 ut
895 2422 943 2446 est
982 2416 1014 2446 in
1038 2411 1040 2429 ³
1068 2418 1204 2451 fortasse
1228 2429 1261 2451 se
1284 2420 1470 2451 soluturum
1491 2419 1696 2460 promiserat.
1730 2419 1856 2450 Eodem
1881 2428 1928 2450 re-

151 2471 241 2502 Med.
272 2470 338 2502 Sed
370 2480 475 2511 quum
506 2469 540 2500 in
572 2470 644 2500 cod.
674 2469 737 2501 illo
770 2469 813 2500 sit
845 2468 1040 2515 obsiqnavi.3
1067 2474 1136 2505 fero
1168 2475 1314 2505 eiusdem
1349 2474 1446 2506 Statii
1479 2474 1684 2506 mentionem
1705 2474 1739 2504 in
1763 2483 1811 2515 ep.
1836 2474 1874 2505 16
1896 2485 1928 2504 a.

153 2523 289 2554 Turnum
313 2532 385 2560 mos,
408 2523 480 2554 sine
502 2522 603 2553 dubio
626 2522 731 2553 literis
754 2522 874 2553 melius
897 2522 1015 2553 direm-
1038 2518 1039 2543 ἶ
1067 2531 1149 2558 extr,
1173 2527 1285 2558 Verba
1308 2527 1354 2558 sic
1376 2532 1520 2558 correcta
1532 2532 1606 2568 apte
1623 2526 1842 2558 subiiciuntur
1853 2526 1926 2558 voci

150 2578 214 2618 ptis
246 2577 465 2614 scribendum,
501 2581 538 2607 ut
568 2575 654 2606 edidi
684 2583 716 2606 et
748 2582 824 2607 ante
846 2585 899 2607 me
921 2577 1039 2614 Klot-1
1065 2581 1200 2613 reddito,
1234 2583 1320 2613 Nam
1351 2583 1565 2613 indicandum
1594 2588 1662 2614 erat
1690 2583 1814 2620 Attico,
1837 2583 1927 2614 unde

150 2632 236 2664 zius:
261 2631 485 2673 obsifflzabitur.
510 2630 653 2661 Nummos
675 2636 734 2662 cet.
1037 2619 1039 2672 i
1066 2645 1186 2667 numos
1223 2642 1377 2667 sumeret.
1410 2636 1542 2668 Partem
1576 2635 1617 2675 Q.
1651 2635 1760 2668 fratris
1792 2636 1927 2668 nomine

195 2685 406 2726 Arpinatium.
428 2685 538 2716 Etiam
562 2684 675 2715 invitis
699 2683 792 2714 libris
807 2684 889 2716 haec
909 2685 1014 2716 forma
1037 2675 1039 2722 Ι
1065 2691 1285 2732 suppeditaret
1313 2690 1454 2728 Statius3
1487 2691 1575 2731 quod
1597 2691 1723 2722 deesset
1745 2700 1762 2722 e
1785 2691 1926 2732 pecunia

152 2742 291 2782 genitivi
314 2740 428 2772 Tullio
461 2740 628 2772 reddenda
649 2745 706 2771 est.
730 2740 855 2771 Nititur
877 2742 1014 2772 auctori-
1037 2729 1039 2764 3
1065 2743 1155 2774 domi
1176 2744 1325 2784 deposita
1346 2744 1429 2775 Eros
1446 2744 1604 2775 redderet.

151 2800 218 2826 tate
241 2794 442 2834 optimorum
466 2793 559 2824 codd.
583 2793 617 2822 in
640 2793 701 2823 hoe
718 2793 788 2833 ipso
800 2793 935 2825 nomine
950 2793 1013 2827 Off.
1036 2803 1039 2819 ¹
1106 2797 1296 2838 Depositum.
1311 2812 1323 2824 u
1335 2798 1417 2829 Post
1426 2798 1512 2829 hanc
1525 2807 1637 2828 vocem
1650 2797 1804 2828 videntur
1813 2798 1924 2830 deesse

151 2850 178 2879 I.
202 2849 252 2885 21,
285 2849 343 2879 ubi
373 2848 414 2879 cf.
452 2847 657 2887 Heusingeri
691 2848 802 2878 adnot.
831 2853 861 2879 et
884 2848 1013 2880 Orellii.
1066 2856 1172 2888 notae,
1202 2860 1286 2891 quae
1317 2850 1558 2891 significabant,
1582 2854 1745 2890 quantum
1766 2855 1851 2881 esset
1873 2851 1924 2882 de-

150 2904 315 2934 Accurate
337 2902 423 2933 hanc
446 2901 672 2943 quaestionem
694 2902 846 2932 tractavit
859 2901 1012 2934 Osannus
1036 2893 1038 2913 ³
1064 2905 1241 2945 positum.”
1253 2905 1446 2935 Lambinus.
1460 2904 1534 2944 Ego
1547 2903 1632 2934 nihil
1645 2903 1806 2934 excidisse
1817 2905 1924 2942 credo,

152 2958 186 2987 in
210 2957 290 2987 Exe.
314 2955 383 2986 XV
406 2956 447 2985 ad
470 2954 537 2986 Cic.
562 2955 601 2985 de
626 2954 729 2995 chb.
752 2965 783 2995 p.
805 2954 866 2987 475
890 2965 979 2996 seqq.
1037 2954 1038 2957 '
1065 2961 1120 2991 sed
1150 2960 1221 2990 item
1256 2960 1412 2991 vitiosum
1440 2959 1556 2990 habeo.
1592 2959 1679 2990 Nam
1710 2958 1814 2989 eodem
1837 2959 1927 2990 modo

194 3013 227 3041 L,
252 3011 371 3041 Fadius
393 3010 509 3041 aedilis
530 3009 662 3050 Arpini.
686 3009 735 3041 Cf.
759 3019 808 3050 epv
835 3010 882 3047 17,
908 3011 936 3041 1.
1064 3014 1191 3054 aliquid
1227 3015 1313 3055 apud
1346 3023 1379 3045 se
1418 3013 1602 3054 depositum
1639 3022 1709 3044 esse
1743 3023 1785 3044 ne
1818 3014 1926 3054 potuit

197 3065 283 3105 Quae
305 3064 407 3095 Statio
436 3066 633 3094 curarentur.
658 3064 832 3095 Assentior
854 3063 1011 3096 Graetero
1036 3063 1037 3087 ἕ

154 3121 216 3151 VI.
239 3131 268 3161 p.
291 3120 353 3150 430
376 3129 481 3160 neque
505 3117 700 3150 Ciceronem
715 3120 892 3160 quicquam
905 3119 1011 3151 Stat-io

153 3174 312 3212 debuisse,
344 3183 458 3214 neque,
490 3173 515 3203 si
539 3173 590 3204 vel
616 3173 760 3204 maxime
782 3174 859 3205 huic
883 3174 1008 3205 homiui

1065 3068 1197 3108 quidem
1221 3067 1370 3103 scribere,
1394 3072 1426 3097 et
1448 3067 1530 3102 item,
1554 3066 1583 3096 si
1600 3075 1658 3106 pro
1670 3075 1787 3106 quoque
1800 3066 1924 3097 dietum

1064 3115 1214 3161 accipias,
1238 3120 1374 3150 omnino
1397 3119 1539 3150 otiosum
1562 3123 1618 3150 est.

1107 3174 1122 3211 ξ
1157 3173 1184 3202 2.
1216 3172 1363 3213 Beqz'nam
1400 3171 1452 3201 odi
1475 3181 1509 3201 a:
1535 3171 1742 3212 Cleopatram
1766 3172 1836 3202 iure
1859 3171 1922 3209 odi,
