2062 3565
706 138 813 182 LIB.
848 139 947 182 XII.
983 141 1066 183 BP.
1102 143 1174 183 37.
1210 144 1281 183 38.
1792 147 1872 186 201

116 277 173 318 tia
215 289 369 325 avocas,
415 275 584 316 multum
631 275 786 326 levaris,
836 277 869 318 51
915 277 1047 319 1000111
1096 278 1187 320 fano
1237 279 1408 321 dederis.
1470 279 1602 321 Multa
1655 279 1755 322 mihi
1807 279 1879 333 εἰς

115 346 407 393 ἀποθέωσιν
448 348 491 391 in
535 353 710 392 mentem
744 351 926 403 veniunt,
961 351 1029 393 sed
1064 352 1150 395 loco
1184 353 1298 396 valde
1331 368 1431 409 opus
1464 358 1539 396 est.
1589 352 1725 401 Quare
1758 356 1877 398 etiam

117 422 319 467 Othonem
352 422 460 465 vide.

154 585 189 618 Si
209 585 286 628 quid
304 586 344 618 de
365 585 412 619 Sc.
427 595 592 629 possumus
614 597 646 618 οε
670 588 698 619 si
725 587 886 629 Scapulae
900 589 972 621 hor·
1062 594 1081 633 ς
1100 594 1130 624 4,
1154 592 1205 624 Cf.
1227 594 1365 635 scriptor
1387 595 1428 626 de
1452 594 1539 626 bello
1561 594 1655 635 Hisp.
1679 605 1707 626 c.
1730 595 1772 626 32
1789 605 1877 637 seqq.

113 650 165 678 to·
196 645 282 676 bene
317 653 426 677 emere
455 654 598 686 possum,
633 651 690 676 aut
722 644 748 676 si
777 649 813 676 tu
847 645 974 678 efficere
1019 646 1069 678 De
1101 646 1244 679 Caninio
1274 647 1422 680 Caesaris
1445 648 1479 680 in
1502 649 1665 691 Hispania
1680 650 1789 691 legato
1802 650 1881 682 ibid.

114 704 215 741 potes,
237 705 274 731 ut
294 698 370 732 illos
391 699 503 731 hortos
525 699 609 731 bene
632 707 750 730 emam.
1020 701 1059 731 35
1084 705 1117 732 et
1138 699 1214 732 infr.
1237 710 1286 743 ep.
1309 702 1360 739 44,
1384 702 1415 732 4.

638 802 895 848 XXXVIII.
961 807 1026 860 (Α.
1069 806 1114 847 υ.
1154 808 1195 848 C.
1234 808 1351 863 709.)

179 923 219 964 1.
266 922 363 964 Non
411 920 553 964 dubito
599 922 697 978 quin
742 922 1076 978 occupatissimus
1123 921 1259 974 fueris,
1305 925 1374 979 qui
1413 925 1463 966 ad
1515 941 1576 968 me
1611 925 1714 968 nihil
1749 926 1880 968 litera-

114 1009 222 1037 rum:
270 994 338 1037 sed
382 995 501 1038 homo
552 1011 738 1053 nequam,
785 997 855 1053 qui
897 1001 1014 1039 tuum
1057 999 1310 1040 commodum
1352 1015 1433 1041 11011
1467 991 1723 1057 exspectarit,
1758 1016 1882 1056 quum

110 1068 162 1111 ob
202 1085 289 1112 eam
333 1085 454 1112 unam
504 1086 666 1112 causam
700 1071 847 1113 missus
881 1075 999 1113 esset.
1044 1072 1086 1113 N
1090 1087 1168 1114 unc
1201 1073 1381 1128 quidem,
1417 1074 1495 1116 nisi
1529 1075 1628 1131 quid
1661 1080 1700 1117 te
1734 1075 1881 1126 tenuit,

111 1143 292 1200 suspicor
339 1148 379 1187 te
421 1160 506 1187 esse
550 1146 593 1187 in
639 1144 886 1188 suburbano.
943 1147 1000 1187 At
1045 1161 1118 1201 ego
1164 1145 1230 1188 hic
1275 1147 1487 1190 scribendo
1521 1149 1607 1191 dies
1639 1154 1745 1191 totos
1779 1149 1883 1191 nihil
1924 1165 1939 1191 5

111 1218 298 1274 equidem
340 1219 463 1270 levor,
510 1218 579 1261 sed
623 1223 758 1261 tamen
805 1218 960 1261 aberro.
1008 1222 1048 1260 2.
1094 1219 1261 1261 Asinius
1309 1220 1424 1262 Polio
1459 1221 1509 1263 ad
1542 1238 1604 1264 me
1639 1222 1800 1278 scripsit
1832 1222 1882 1264 de

109 1293 267 1348 impuro
299 1297 436 1334 nostro
470 1297 656 1348 cognato.
701 1292 824 1339 Quod
857 1292 1010 1335 Balbus
1044 1293 1174 1335 minor
1208 1309 1336 1350 nuper
1371 1295 1466 1336 satis
1500 1296 1634 1351 plane,
1672 1296 1883 1338 Dolabella

116 1365 297 1418 obscure,
342 1366 409 1408 hic
455 1366 717 1422 apertissime.
768 1367 930 1408 Ferrem
973 1366 1161 1422 graviter,
1208 1367 1242 1408 si
1286 1382 1411 1409 novae
1458 1369 1723 1424 aegrimoniae
1772 1369 1883 1411 locus

113 1444 230 1482 esset.
281 1439 359 1482 Sed
402 1444 537 1481 tamen
583 1439 727 1496 ecquid
770 1439 996 1495 impurius?
1040 1439 1077 1481 O
1109 1438 1313 1482 hominem
1347 1441 1592 1484 cavendum!
1628 1442 1882 1499 Quamquam

113 1512 214 1554 mihi
246 1513 453 1569 quidem..
476 1545 515 1553 ..
551 1512 629 1554 Sed
662 1512 862 1554 tenendus
897 1512 1009 1554 dolor
1042 1518 1116 1554 est.
1151 1514 1227 1565 Tu,
1263 1514 1453 1568 quoniam
1486 1530 1647 1557 necesse
1680 1516 1783 1558 nihil
1807 1522 1881 1569 est,
1902 1535 1940 1561 10

113 1585 170 1628 sic
203 1586 352 1634 scribes
385 1585 554 1642 aliquid,
589 1585 623 1627 si
655 1585 832 1628 vacabis.
868 1588 910 1627 3.
944 1586 1065 1639 Quod
1088 1591 1208 1642 putas
1230 1592 1411 1644 oportere
1434 1588 1631 1644 pervideri
1654 1589 1734 1631 iam
1758 1591 1883 1634 animi

113 1660 193 1702 mei
224 1659 454 1715 firmitatem
487 1659 729 1716 graviusque
762 1659 958 1716 quosdam
991 1658 1133 1702 scribis
1166 1659 1215 1703 de
1244 1676 1307 1703 1116
1340 1661 1452 1718 loqui
1485 1677 1605 1718 quam
1639 1668 1710 1705 aut
1730 1668 1769 1706 te
1788 1665 1882 1707 scri-

113 1732 205 1776 bere
244 1738 317 1776 aut
357 1734 546 1786 Brutum,
582 1733 630 1786 si,
665 1733 736 1789 qui
769 1749 832 1776 me
864 1733 1037 1776 fractum
1070 1749 1155 1777 esse
1188 1735 1323 1777 animo
1355 1740 1396 1778 et
1428 1735 1686 1779 debilitatum
1719 1742 1880 1793 putant,

114 1807 246 1850 sciant
289 1807 388 1864 quid
434 1808 641 1850 literarum
686 1812 727 1849 et
771 1808 887 1850 cuius
929 1808 1088 1864 generis
1131 1809 1354 1862 conficiam,
1399 1810 1531 1862 credo,
1576 1811 1610 1853 si
1660 1811 1779 1853 modo
1813 1812 1882 1853 ho—

113 1882 241 1925 mines
284 1882 379 1934 sint,
423 1882 656 1925 existiment
699 1897 776 1934 me,
811 1882 894 1924 sive
926 1882 984 1924 ita
1015 1883 1172 1925 levatus
1206 1883 1295 1935 sim,
1329 1888 1377 1926 ut
1409 1883 1588 1926 animum
1621 1900 1794 1927 vacuum
1829 1886 1879 1927 ad
1901 1905 1935 1931 15

112 1971 173 1998 res
217 1956 399 1998 difficiles
443 1954 676 1997 scribendas
724 1955 899 2007 afferam,
949 1955 1326 2012 reprehendendum
1370 1972 1453 1999 non
1497 1972 1597 2010 esse,
1647 1958 1730 2001 sive
1778 1958 1881 2001 hanc

111 2028 401 2072 aberrationem
450 2044 473 2071 a
520 2028 655 2071 dolore
705 2028 935 2085 delegerim,
985 2044 1087 2085 quae
1135 2029 1306 2073 maxime
1356 2030 1636 2074 liberalissima
1684 2031 1881 2087 doctoque

152 2172 172 2205 6
194 2171 299 2206 Pollio
322 2192 363 2198 —
385 2173 405 2205 9
430 2173 638 2217 Quamquam.-
660 2175 746 2208 Mihi
768 2176 986 2219 quidem....
1007 2174 1070 2208 Sed
1093 2195 1133 2200 —

152 2321 171 2361 ξ
195 2320 223 2351 1.
249 2319 310 2362 Qui
331 2321 416 2352 tuum
439 2321 625 2354 commodum
645 2332 709 2355 non
728 2323 969 2364 exspectarim:
992 2325 1061 2363 viis,
1085 2326 1142 2366 qui
1165 2326 1265 2358 verba
1287 2327 1364 2358 milei
1386 2327 1511 2369 quidem
1523 2328 1659 2360 initium
1674 2333 1791 2370 putant
1811 2338 1882 2360 6556

77 2417 84 2429 1
110 2373 166 2414 qui
194 2382 263 2404 non
295 2374 503 2415 exspectarit,
535 2375 641 2407 donec
675 2375 737 2407 tibi
758 2377 971 2408 commodum
1014 2387 1126 2412 versus
1149 2379 1298 2412 Plautini
1321 2390 1339 2413 e
1370 2381 1579 2421 Ττίῐιιιιιιιιιο,
1602 2383 1660 2425 qui
1682 2383 1812 2424 integer
1835 2382 1880 2414 af-

111 2425 210 2458 fuerit
231 2426 357 2468 aliquid
379 2427 549 2459 literarum
571 2429 612 2460 ad
634 2438 688 2461 me
709 2430 796 2462 dare.
1013 2433 1116 2466 fertur
1150 2435 1183 2466 in
1220 2435 1311 2477 epist.
1347 2437 1367 2468 2
1389 2437 1430 2468 ad
1452 2437 1613 2470 Brutum:
1649 2437 1732 2469 Milz-i
1760 2437 1880 2480 quidem

153 2478 284 2511 Aberro.
313 2479 367 2511 Sc.
396 2490 414 2511 a
446 2480 561 2512 dolore
582 2481 636 2513 vel
658 2492 677 2513 a
698 2482 840 2520 miseria,
862 2488 899 2515 ut
921 2492 971 2525 ep.
1012 2489 1104 2518 aetas
1126 2488 1201 2518 acta
1215 2488 1325 2528 firme
1346 2491 1412 2526 est‚·
1436 2492 1493 2521 tua
1514 2489 1598 2522 istnc
1617 2491 1722 2532 refert
1738 2491 1879 2522 marime-

110 2534 161 2571 45,
185 2533 214 2564 1.
1014 2539 1102 2571 Nam
1131 2541 1295 2572 sententia
1324 2541 1477 2574 Ciceroni
1507 2553 1598 2575 nunc
1626 2545 1686 2577 vix
1713 2550 1788 2586 apta
1821 2549 1878 2582 est,

152 2587 172 2628 ξ
201 2587 231 2618 2.
258 2587 388 2619 Asinius
419 2587 520 2620 Polio.
549 2588 586 2621 Si
614 2589 728 2622 Cicero
751 2591 783 2622 h.
807 2591 828 2622 l.
853 2596 884 2623 et
919 2601 970 2633 ep.
1015 2600 1047 2627 et
1077 2596 1134 2637 qui
1163 2597 1322 2638 potuisset
1351 2598 1494 2638 Atticus,
1525 2599 1552 2630 si
1575 2599 1629 2632 vel
1653 2605 1760 2632 totum
1782 2600 1879 2631 Plau-

110 2651 178 2683 seq.
200 2641 248 2674 ita
267 2642 396 2684 scripsit
417 2648 569 2676 currente
591 2644 718 2676 calamo
729 2644 882 2686 neglexit
896 2655 971 2678 con-
1014 2654 1086 2680 tum
1107 2650 1301 2682 memoriter
1323 2652 1491 2690 tenuisset,
1516 2662 1534 2684 e
1556 2653 1685 2685 duobus
1707 2653 1877 2685 vocabulis

110 2700 252 2728 stantem
282 2696 350 2729 fere
378 2697 425 2729 in.
441 2698 508 2729 suis
539 2699 686 2740 epistolis
709 2705 742 2731 et
765 2700 969 2733 orationibus
989 2683 992 2728 1
1013 2712 1171 2745 perquam
1193 2704 1336 2745 vulgatis
1359 2705 1493 2738 initium
1510 2716 1624 2740 versus
1637 2707 1785 2739 Plautini
1801 2708 1876 2738 odo-

112 2759 206 2782 usum
239 2750 435 2792 designandi
457 2752 603 2784 hominis
625 2753 678 2785 vel
702 2753 807 2786 tribus
831 2754 970 2786 nomini·
1013 2756 1102 2788 rari?
1136 2757 1254 2789 Bosius
1288 2759 1487 2791 sententiam
1521 2760 1566 2792 ita
1598 2761 1726 2802 explet:
1765 2770 1875 2801 quam-

115 2804 175 2837 bus
206 2804 254 2846 (C.
283 2805 414 2837 Asinius
443 2806 561 2846 Polio),
596 2809 647 2840 vel
681 2819 749 2840 uno
771 2810 970 2851 cognomine
1013 2819 1114 2851 quam
1136 2810 1218 2842 mihi
1243 2811 1378 2852 quidem
1399 2811 1466 2844 iam
1488 2813 1565 2845 satis
1599 2813 1641 2845 ab
1664 2813 1722 2845 illo
1744 2818 1875 2845 cautum

112 2858 229 2899 (Polio)
253 2859 308 2890 vel
329 2861 528 2901 cognomine
556 2868 632 2894 ante
655 2872 776 2895 nomen
799 2863 970 2896 collocato.
1014 2868 1072 2895 est.
1103 2862 1308 2896 Gronovius:
1345 2865 1444 2896 mmihi
1472 2865 1592 2907 quidem
1623 2872 1680 2905 est,
1703 2866 1757 2908 qui
1781 2866 1875 2898 illum

110 2910 149 2943 G.
179 2911 414 2953 Lahmeyerus,
445 2914 502 2955 qui
533 2915 760 2956 quaestionem
792 2917 833 2948 de
855 2917 970 2949 ordine
1013 2916 1185 2949 ulciscar.''

112 2964 286 2996 nominum
313 2965 410 2997 Rom.
441 2972 591 2998 accurate
614 2969 766 3000 tractavit
787 2970 822 3001 in
846 2969 969 3001 Philol.
1056 2969 1074 3009 ξ
1098 2969 1127 3001 3.
1153 2969 1240 3011 Quae
1262 2971 1394 3002 maxime
1416 2971 1649 3004 liberalissima.
1672 2972 1743 3003 Etsi
1760 2974 1875 3013 poetae

112 3016 177 3048 vol.
199 3016 309 3048 XXII
340 3028 371 3059 p.
393 3018 455 3050 469
477 3028 566 3060 seqq.
590 3019 640 3051 his
663 3020 698 3052 in
721 3021 803 3053 locis
826 3027 859 3054 et
873 3032 971 3063 supra
990 3035 993 3067 ῃ
1013 3023 1274 3064 comparativum
1302 3025 1536 3066 comparativo,
1567 3025 1802 3066 superlativum
1825 3035 1876 3056 su-

112 3070 156 3100 V.
179 3070 228 3108 20,
250 3072 282 3102 4.
303 3071 365 3103 VI.
387 3072 417 3110 2,
441 3073 481 3104 10
492 3073 683 3106 nominibus
697 3075 803 3107 Asinii
814 3075 971 3108 Dentonis
1014 3078 1175 3119 perlativo
1211 3089 1334 3120 augere
1371 3090 1438 3112 non
1477 3081 1752 3118 detrectaverunt,
1786 3080 1875 3121 quod

111 3128 143 3154 ct
164 3121 335 3164 Sempronii
357 3124 428 3166 Rufi
442 3126 656 3167 praenomina
672 3128 822 3160 addenda
832 3129 971 3161 censuit.

155 3175 342 3219 Quamquam
366 3177 441 3209 milei
462 3178 581 3220 quidem
597 3203 623 3212 ..
641 3203 667 3212 ..
682 3205 689 3212 .
712 3181 788 3214 Non
811 3183 971 3216 assentior

1015 3132 1178 3173 exemplis
1206 3133 1302 3165 docet
1332 3134 1490 3166 Monkius
1514 3135 1555 3166 ad
1578 3134 1655 3165 Eur.
1678 3133 1778 3174 Hipp.
1804 3133 1875 3171 487,

1015 3185 1235 3219 Ruhnkenius
1258 3192 1366 3220 tamen
1401 3188 1441 3220 ad
1473 3188 1559 3220 Vell.
1583 3187 1653 3219 Pat.
1677 3188 1722 3219 11.
1745 3187 1784 3221 27
1807 3188 1875 3220 iure
