2062 3565
701 174 807 218 LtB.
844 176 964 219 VIII.
999 177 1083 219 ΕΡ.
1126 179 1192 218 14.
1775 177 1821 216 :37

60 312 208 356 absunt
249 313 413 368 propius
459 315 597 369 [quam
643 315 708 369 tu]
752 312 922 356 biduum
956 319 1027 355 aut
1059 313 1253 355 triduum.
1306 313 1513 355 Brundisii
1547 318 1677 354 autem
1715 328 1829 354 omno

60 389 259 428 certamen
293 385 463 427 vertitur
484 385 606 428 huius
634 387 750 443 primi
774 388 979 443 temporis.
1015 388 1106 440 Qua
1125 387 1284 442 quidem
1310 388 1607 444 exspectatione
1630 393 1829 441 torqueor.

61 458 138 503 Sed
171 458 305 500 omnia
337 463 430 500 ante
464 459 581 502 †nos
614 461 799 502 sciemus.
834 460 987 503 Eodem
1022 462 1127 503 enim
1152 461 1217 502 die
1241 461 1357 502 video
1380 460 1587 502 Caesarem
1613 474 1635 501 a>
1657 459 1831 501 Corfinio

60 534 150 590 post
179 530 387 573 meridiem
420 532 642 588 profectum
677 549 774 584 esse,
806 534 848 575 id
882 538 942 576 est
977 533 1198 585 Feralibus,
1234 550 1313 589 quo
1353 534 1529 577 Canusio
1567 549 1679 576 manc
1716 533 1831 574 Pom-

59 606 207 678 peiu‘m.
260 606 321 648 Eo
364 605 482 647 modo
516 610 650 648 autem
685 606 864 650 ambulat
893 608 1038 650 Caesar
1071 614 1111 649 et
1145 609 1193 650 iis
1227 608 1345 650 dictis
1378 608 1552 650 militum
1587 607 1829 649 celeritatem

0 717 2 721 .
58 681 214 732 incitat,
256 685 303 722 ut
347 680 525 730 timeam,
570 695 619 721 ne
664 681 784 722 citius
818 682 866 723 ad
901 682 1177 731 Brundisium,
1213 697 1333 737 quam
1368 696 1469 738 opus
1503 682 1568 732 sit,
1605 683 1830 724 accesserit.

0 1359 20 1398 4
3 1279 25 1348 μ,κὲ.

62 757 101 797 2.
145 753 279 806 Dices,
327 754 468 807 „Quid
518 755 641 810 igitur
687 757 858 811 proficis,
899 757 967 811 qui
1001 758 1196 812 anticipes
1229 758 1315 798 eius
1349 758 1403 798 rei
1439 756 1676 806 molestiam,
1713 770 1831 811 qumn

101 950 115 982 l
131 949 263 991 propias
284 960 375 993 quam
396 953 430 981 tu
453 951 574 984 biduum
599 970 640 976 —
662 953 680 984 3
702 954 855 999 antu-³208
880 971 917 975 —
942 955 958 984 5
981 953 1021 983 iis
1045 952 1160 983 diariis
1183 972 1222 977 -

57 1142 142 1174 Nov.
166 1143 258 1174 Ann.
282 1142 369 1174 Phil.
393 1142 470 1174 Vol.
494 1143 543 1179 85,
567 1152 598 1184 p.
621 1141 682 1175 278
705 1152 755 1184 sq.
778 1143 809 1174 h.
836 1143 856 1173 l.
875 1149 919 1174 at·
947 1149 951 1170 ¹
971 1144 1141 1185 placandis
1171 1145 1235 1176 diis
1268 1145 1426 1176 Manibus
1456 1146 1709 1177 celebrabantur
1746 1156 1773 1176 a.
1805 1146 1835 1176 d.

60 1196 136 1238 tigit
150 1201 183 1229 et
192 1197 305 1230 docuit
317 1197 403 1228 hanc
415 1197 695 1238 comparationem
711 1207 788 1228 cum
799 1196 921 1229 distan-

61 1249 107 1282 tia
128 1250 203 1288 loci,
219 1251 253 1282 in
269 1254 418 1292 quotum
428 1250 562 1282 Atticus
575 1256 655 1288 erat,
667 1250 764 1282 valde
777 1250 922 1291 ineptam

63 1313 143 1337 csse.
167 1304 254 1337 Cum
275 1315 314 1337 eo
336 1305 455 1337 seclusi
481 1305 582 1337 verba
604 1315 694 1347 quam
717 1306 762 1336 tu.
794 1303 925 1345 Propius

63 1357 186 1390 biduum
209 1359 333 1391 dictum
355 1364 405 1391 est
425 1369 485 1400 pro
506 1358 609 1390 minus
629 1369 721 1400 quam
742 1358 875 1396 biduum,
888 1363 925 1390 ut

63 1412 104 1444 de
125 1413 208 1454 Leg.
230 1413 277 1445 Π.
299 1413 338 1444 61
355 1412 488 1454 propius
507 1412 676 1454 sexaqinta
691 1411 801 1454 pedes.

105 1466 275 1499 Brundisii
295 1469 401 1499 autem
412 1473 474 1500 cet.
491 1478 523 1499 o:
539 1477 638 1500 omne
651 1471 817 1500 certamen
836 1476 924 1498 nunc

64 1521 198 1563 quidem
226 1522 377 1554 consistit
409 1522 590 1560 Brundisii,
614 1532 680 1564 quo
702 1521 880 1563 Pompeius
906 1531 925 1552 a

65 1573 222 1613 Canusio,
239 1574 359 1609 Caesar
370 1585 389 1606 a
400 1575 547 1608 Corfinio
558 1575 723 1617 profectus
735 1580 794 1607 est.
816 1576 924 1606 Brun-

64 1628 141 1660 disii
163 1629 264 1671 igitur
285 1624 341 1661 aut
363 1639 430 1672 pax
451 1630 636 1668 conveniet,
668 1634 725 1661 aut
747 1629 925 1662 exitiosum

65 1681 190 1713 bellum
211 1682 344 1714 orietur.
367 1681 416 1714 cf.
439 1692 491 1724 ep.
514 1682 564 1721 13,
588 1683 603 1713 1
629 1683 662 1714 h.
686 1683 706 1713 1.

108 1734 177 1777 Qua
208 1748 237 1779 q.
269 1736 503 1777 exspectatione
536 1747 570 1769 o:
606 1737 699 1769 cuius
734 1736 924 1768 certaminis

63 1790 320 1831 exspectatione.
354 1789 405 1822 De
432 1789 497 1822 hoc
527 1800 590 1822 usu
622 1789 829 1832 pronominis
858 1790 924 1822 vid.

0 1820 2 1823 ’
62 1843 214 1886 Seyffert..
236 1845 278 1876 ad
301 1844 407 1877 Cicer.
429 1845 522 1877 Laei.
545 1856 576 1886 p.
591 1845 641 1879 17.
663 1845 775 1876 Madv.
792 1845 831 1875 aa
849 1844 924 1875 rin.

12 1935 13 1938 Ἴ
63 1899 110 1930 11.
133 1899 184 1931 66.
211 1899 253 1932 v.
277 1900 327 1932 42.

106 1952 189 1984 Ante
210 1962 277 1984 nos.
299 1952 355 1984 Sic
392 1954 467 1984 libri
489 1953 601 1994 scripti
625 1958 656 1985 et
688 1953 767 1984 editi
798 1961 924 1989 omnes,

62 2007 150 2048 quod
184 2006 297 2038 multis
337 2008 378 2038 de
407 2007 512 2038 causis
540 2007 673 2048 probari
707 2017 773 2038 non
808 2012 924 2048 potest.

62 2059 149 2091 Nam
171 2069 255 2101 quac
276 2064 460 2102 sequuntur
480 2060 618 2092 minime
640 2060 804 2092 rationem
823 2060 924 2092 conti-

5 2110 10 2117 ”
63 2119 153 2152 nent,
183 2124 241 2146 cur
274 2115 343 2156 ipse
376 2120 451 2146 ante
485 2115 633 2146 Atticum
664 2115 727 2146 hoc
756 2115 862 2152 sciret,
884 2133 924 2138 -

0 3023 8 3025 ’
13 2992 19 2998 .
0 2377 22 2980 1⁵¹³*2m2vaezrnsswvw0ww
0 2279 17 2360 men
0 2187 17 2258 ψ’»ι

62 2178 171 2210 neque
192 2179 274 2210 opus
296 2173 366 2201 erat
380 2169 543 2201 rationem
556 2169 650 2201 reddi
661 2169 731 2201 eius
746 2169 803 2207 rei,
822 2179 923 2210 quam

62 2222 194 2254 Atticus
217 2233 284 2255 non
307 2223 492 2264 ignorabat,
514 2242 554 2247 —
577 2225 634 2256 sed
665 2234 724 2255 cur
746 2228 778 2255 et
800 2224 868 2265 ipsc
892 2228 923 2255 et

61 2277 120 2319 qui
141 2278 176 2309 in
199 2278 280 2309 urbe
302 2284 396 2310 erant
429 2278 530 2316 brevi,
555 2278 634 2319 quid
655 2278 827 2310 Brundisii
849 2287 922 2318 age-

63 2338 160 2369 retur,
188 2337 435 2373 cognoscerent.
472 2333 560 2364 Tum
586 2333 615 2364 si
645 2332 730 2364 illud
751 2332 920 2370 voluisset,

61 2384 252 2426 scripsisset,
283 2385 416 2426 opinor:
446 2383 509 2416 Sed
534 2385 639 2416 omnia
655 2384 750 2426 prius
775 2395 864 2426 quam
887 2387 921 2415 tu

61 2449 117 2482 eqo
127 2440 233 2474 sciam.
257 2440 372 2479 Quum
383 2446 495 2472 autem
509 2441 656 2482 quotidie
668 2441 801 2472 nuntios
814 2441 922 2472 Brun·

62 2492 146 2524 disio
168 2497 372 2534 exspectaret
394 2494 458 2535 (ep.
483 2494 531 2531 13,
557 2493 600 2533 1),
623 2497 656 2525 et
675 2493 757 2524 haec
783 2493 921 2534 epistola

63 2545 189 2587 aliquot
209 2546 325 2577 diebus
347 2551 424 2577 ante
447 2546 560 2577 Nonas
583 2545 719 2577 Martias
735 2546 853 2587 scripta
869 2546 920 2584 sit,

63 2608 118 2630 nos
145 2604 253 2631 ortum
281 2604 360 2640 puto
389 2609 407 2631 e
437 2609 508 2631 non.
536 2599 703 2630 scribendi
725 2599 921 2641 compendio
944 2629 946 2644 ζ

64 2662 121 2694 pro
151 2652 270 2684 Nonas.
303 2652 525 2684 Confirinatnr
551 2652 632 2684 haec
663 2652 848 2684 emendatio
869 2653 920 2691 iis,
944 2645 946 2656 ³

63 2717 146 2748 qnae
155 2707 306 2739 Atticum
317 2707 482 2738 dicentem
495 2706 572 2738 facit
585 2708 613 2746 ξ.
626 2706 654 2744 2,
664 2715 770 2748 neque
778 2703 921 2744 obstant,

65 2770 149 2802 quae
171 2770 222 2802 ep.
245 2761 285 2792 16
309 2765 391 2792 extr.
415 2761 588 2801 leguntur:
625 2759 725 2796 Quum
747 2760 826 2792 haec
847 2761 922 2792 scri-

61 2813 164 2846 bebam
195 2813 251 2844 IV
275 2813 384 2845 Nonas
418 2814 478 2845 iam
508 2813 722 2854 aspen-tabam
751 2813 875 2855 aliquid
901 2825 922 2844 a

64 2867 248 2899 Brundisio.
263 2868 335 2899 lam
351 2867 435 2904 vide,
448 2876 547 2907 quam
560 2867 694 2907 egregie
705 2877 795 2898 nunc
811 2868 923 2898 omnia

64 2921 276 2953 cohaereant:
293 2920 493 2952 Certaminis
509 2921 637 2952 exitum
651 2920 734 2952 scire
746 2929 843 2958 aveo3
865 2921 921 2952 sed

64 2975 176 3015 paucis
197 2974 249 3005 his
271 2973 387 3005 diebus
409 2973 566 3004 sciemus:
591 2983 668 3004 nam
691 2973 812 3005 Caesar
836 2974 921 3005 festi-

4 3067 5 3070 Ἴ
65 3033 131 3058 nat.
159 3027 314 3058 Aliorum
343 3026 559 3063 coniecturae,
587 3026 645 3067 qui
673 3036 732 3066 pro
759 3028 834 3056 ante
867 3035 923 3057 nos

65 3079 162 3110 scribi
195 3079 310 3111 iubent
343 3078 449 3109 triduo
482 3078 535 3109 vel
565 3077 711 3109 continno
741 3078 874 3119 longius
905 3088 922 3108 a

65 3133 158 3163 codd.
180 3132 339 3173 scriptura
360 3132 526 3162 recedunt.

108 3185 151 3216 Id
187 3188 232 3218 ecc
270 3185 445 3218 Feralibus.
482 3185 612 3219 Feralia
649 3195 706 3218 seu
736 3186 924 3218 Parentalia

972 1199 1027 1231 IX
1050 1199 1128 1230 Kal.
1151 1199 1288 1231 Martias
1312 1199 1366 1239 (21
1391 1209 1435 1230 m.
1459 1199 1584 1241 Fama),
1607 1205 1644 1231 ut
1665 1206 1792 1231 constat
1817 1210 1835 1230 e

972 1253 1184 1285 Kalendariis
1222 1253 1401 1285 Maffeiano
1431 1258 1462 1285 et
1490 1253 1701 1291 Famesiauo,
1733 1263 1836 1294 eoque

970 1306 1023 1337 die
1046 1305 1224 1347 Pompeius
1249 1305 1396 1337 Canusio
1419 1305 1580 1347 profectus
1615 1316 1683 1338 esse
1717 1306 1836 1338 iterum

970 1364 1121 1391 narratur
1143 1369 1190 1401 ep.
1216 1360 1279 1391 IX.
1309 1361 1337 1397 1,
1364 1360 1391 1397 1,
1415 1360 1471 1391 ubi
1496 1361 1605 1392 VIIII
1628 1366 1716 1392 recte
1727 1361 1835 1398 scribi,

971 1423 1038 1444 non
1052 1413 1151 1451 VIII,
1164 1413 1253 1444 facili
1267 1417 1421 1454 computa
1428 1413 1518 1445 tione
1531 1413 1704 1444 evincitur.
1722 1414 1837 1454 Itaque

969 1467 1050 1499 haec
1074 1477 1149 1499 vere
1170 1467 1335 1505 dicuntur,
1361 1468 1419 1498 sed
1443 1473 1551 1499 tamen
1577 1478 1642 1498 non
1667 1468 1712 1498 sic
1739 1479 1755 1498 a
1781 1468 1835 1499 Ci-

970 1530 1087 1553 cerone
1111 1521 1181 1561 ipso
1203 1520 1347 1561 profecta
1383 1520 1546 1552 vident-ur.
1582 1520 1669 1551 Nam
1693 1530 1752 1551 nec
1777 1509 1836 1551 sno

971 1576 1044 1607 loco
1073 1575 1177 1616 posita
1209 1580 1297 1613 sunt,
1330 1585 1390 1607 nec
1413 1585 1495 1616 opus
1518 1580 1587 1606 erat
1608 1575 1723 1606 Attico
1746 1576 1833 1606 (lieni

971 1629 1117 1660 indicare
1149 1628 1372 1670 profectionis,
1402 1628 1459 1669 qui
1490 1629 1616 1660 Romae
1636 1632 1707 1659 tuin
1732 1629 1835 1659 omni-

972 1683 1033 1714 bus
1056 1687 1153 1714 notus
1177 1687 1257 1714 erat.
1280 1681 1435 1713 Fortasse
1458 1681 1668 1713 scribendum
1692 1681 1770 1722 ipsis
1783 1681 1837 1711 Fa-

971 1737 1102 1775 ratibus,
1124 1738 1297 1779 voluitque
1320 1737 1437 1770 Cicero
1460 1737 1605 1768 indicare
1628 1737 1725 1768 illuni
1743 1737 1832 1768 diem

971 1791 1072 1824 fuisse
1094 1791 1295 1832 reipublicae
1310 1791 1454 1832 feralem
1477 1796 1509 1822 ct
1531 1791 1718 1822 exitiosum.

1017 1845 1064 1875 Iz's
1089 1844 1193 1876 dictis.
1215 1845 1317 1876 Posui
1340 1845 1382 1882 id,
1406 1846 1494 1886 quod
1515 1845 1598 1876 mihi
1621 1854 1639 1876 e
1654 1845 1725 1876 cod.
1742 1844 1838 1886 Hisp-

974 1904 1114 1932 notatur.
1145 1899 1290 1932 Orellius
1319 1899 1468 1941 sequitur
1500 1899 1697 1936 Victorium,
1730 1900 1788 1940 qui
1819 1909 1836 1930 e

973 1953 1177 1984 correctione
1199 1953 1269 1984 cod.
1293 1952 1384 1984 Med.
1408 1952 1536 1994 scripsit
1557 1951 1600 1982 iis
1622 1952 1749 1983 diariis.
1779 1952 1836 1983 At-

974 2015 1037 2046 que
1059 2006 1087 2036 si
1109 2004 1216 2036 diaria
1239 2010 1347 2036 essent
1370 2005 1535 2046 stipendia
1551 2005 1585 2036 in
1599 2005 1750 2045 singulos
1765 2005 1835 2036 dies

973 2058 1135 2090 militibus
1157 2058 1333 2100 proposita,
1355 2062 1391 2089 ut
1413 2057 1452 2089 P.
1484 2057 1657 2089 Manutius
1680 2057 1837 2099 interpre-

973 2117 1070 2150 tatur,
1094 2117 1149 2143 aut
1170 2112 1197 2144 si
1222 2121 1297 2143 vera
1333 2117 1417 2144 esset
1448 2112 1548 2143 huius
1570 2111 1635 2143 loci
1658 2112 1835 2153 explicatio

973 2177 1022 2208 ap.
1066 2166 1293 2198 Forcellinum
1324 2167 1357 2197 in
1387 2175 1466 2197 voce
1497 2180 1511 2192 υ
1523 2175 1641 2207 nempe
1671 2166 1834 2207 stipendia

972 2221 1097 2252 maiora
1108 2222 1143 2252 in
1155 2221 1225 2252 dies
1237 2221 1388 2261 singulos
1400 2220 1564 2252 militibus
1579 2220 1834 2261 promittend0,''

972 2275 1056 2307 mihi
1078 2284 1211 2316 quoque
1233 2284 1273 2306 ea
1294 2274 1455 2306 correctio
1468 2283 1536 2305 non
1548 2273 1746 2314 displiceret.
1769 2272 1834 2304 Sed

970 2330 1088 2362 unicus
1111 2330 1212 2366 locus,
1235 2329 1296 2370 qui
1320 2329 1354 2359 in
1376 2328 1438 2359 hac
1460 2337 1495 2359 re
1518 2327 1661 2365 affertur,
1686 2326 1834 2358 Caesaris

970 2385 1010 2416 B.
1034 2382 1071 2415 C.
1102 2383 1168 2414 111.
1193 2383 1242 2420 53,
1266 2383 1323 2414 ubi
1351 2381 1512 2414 Graevius
1543 2391 1560 2412 e
1582 2381 1770 2412 coniectura
1796 2380 1832 2412 P.

971 2437 1124 2474 Victorii,
1150 2437 1229 2467 Var.
1253 2437 1345 2468 Lect.
1371 2437 1397 2473 1,
1427 2436 1467 2466 23
1497 2435 1596 2476 legit:
1620 2434 1834 2475 cohortemque

970 2491 1089 2533 duplici
1116 2490 1281 2532 stipendio,
1300 2490 1475 2531 fi‘muento,
1494 2490 1587 2527 veste,
1611 2488 1733 2525 diariis,
1757 2487 1837 2518 mili-

970 2546 1091 2577 taribus
1114 2545 1204 2576 donis
1225 2545 1412 2585 amplissime
1437 2543 1576 2581 donavit,
1600 2544 1625 2573 si
1650 2543 1701 2574 vel
1718 2543 1833 2574 admit-

970 2605 1019 2630 tas
1042 2605 1128 2631 recte
1151 2599 1197 2630 sic
1221 2599 1412 2630 emendatos
1443 2606 1515 2629 esse
1544 2597 1693 2628 codicum
1715 2596 1833 2626 (luctus

970 2653 1180 2692 vespetiarzssis,
1220 2653 1310 2693 quod
1339 2661 1509 2693 negamus,
1548 2651 1658 2691 (scrib.
1691 2652 1773 2680 reste
1803 2652 1833 2680 el

970 2705 1062 2747 aliis)
1085 2704 1475 2746 illiexplicationiplane
1494 2704 1695 2734 adversatur.
1718 2703 1833 2743 Itaque

970 2761 1077 2792 diaria
1111 2761 1233 2802 ubique
1267 2765 1343 2791 sunt
1375 2760 1435 2791 cibi
1469 2760 1501 2790 in
1537 2758 1606 2789 dies
1627 2758 1774 2795 demensi,
1798 2764 1832 2789 ut

972 2816 1006 2846 in
1029 2815 1109 2846 locis
1132 2815 1273 2852 Horatii,
1298 2813 1456 2849 Petronii,
1471 2812 1635 2844 Martialis
1647 2813 1734 2852 apud
1753 2812 1832 2843 lexi-

971 2867 1153 2908 cographos
1175 2867 1292 2898 citatis.
1318 2866 1401 2904 Quis
1425 2870 1533 2896 autem
1555 2870 1612 2901 est,
1628 2865 1707 2904 quin
1724 2864 1833 2895 videat

971 2929 1078 2961 neque
1101 2918 1276 2950 Caesarem
1299 2919 1380 2949 cibis
1403 2923 1461 2949 aut
1482 2917 1567 2948 datis
1590 2923 1647 2947 aut
1666 2916 1832 2957 promissis

943 2965 946 2972 ’
971 2972 1117 3003 militum
1149 2972 1352 3003 celeritatem
1386 2971 1538 3001 incitasse
1574 2978 1680 3009 neque
1711 2968 1832 2999 milites

944 3019 947 3043 ἶ
971 3024 1029 3055 tali
1052 3033 1087 3055 re
1108 3024 1235 3055 moveri
1257 3022 1424 3064 potuisse?
1447 3023 1487 3054 In
1503 3021 1598 3053 dictis
1614 3021 1665 3052 vel
1681 3020 1832 3059 diclerie's,

945 3085 947 3092 ¹
971 3077 1060 3118 quod
1093 3076 1223 3108 Peerlk.
1256 3085 1373 3107 remim
1401 3075 1546 3116 putabat,
1576 3073 1657 3104 nihil
1682 3074 1754 3103 «luri
1781 3073 1832 3103 vel

946 3129 947 3154 ἕ
973 3130 1103 3161 obscuri
1126 3130 1222 3161 inest.

1021 3183 1120 3221 Quam
1150 3194 1225 3224 opus
1253 3184 1294 3214 sic
1320 3194 1350 3215 o:
1376 3192 1472 3224 qumn
1499 3182 1578 3214 utile
1601 3181 1652 3212 sit.
1677 3180 1717 3210 κί’.
1745 3179 1831 3210 Heu-
