2062 3565
152 142 237 182 190

554 138 637 178 ΕΡ.
672 136 748 177 AD
780 135 826 175 Τ.
862 132 1212 176 POMPONIUM
1246 131 1510 173 ATTICUM.

147 274 340 331 pecuniae
382 274 443 315 vel
485 286 647 314 usuram
694 270 792 312 Silio
825 268 1060 325 pendemus,
1094 267 1192 309 dum
1225 282 1248 309 a
1281 265 1450 309 Faberio
1484 265 1547 307 vel
1579 264 1630 308 ab
1662 265 1811 320 aliquo,
1845 263 1916 320 qui

148 347 316 390 Faberio
357 345 490 396 debet,
531 342 935 400 repraesentabimus.
979 341 1070 383 Erit
1109 340 1231 382 etiam
1265 339 1420 395 aliquid
1453 338 1630 382 aliunde.
1679 337 1758 380 Sed
1791 341 1917 378 totam

147 436 231 463 rem
274 427 320 463 tu
363 417 621 475 gubernabis.
667 419 708 458 2.
742 415 956 458 Drusianis
989 429 1082 456 vero
1110 414 1183 455 hos
1216 413 1344 455 hortis
1376 412 1506 454 multo
1539 416 1754 469 antepono,
1787 424 1918 466 neque

145 499 241 536 sunt
272 508 449 549 unquam
495 490 728 546 comparati.
784 488 891 531 Mihi
932 487 1063 538 crede,
1097 502 1180 529 una
1212 503 1275 529 me
1309 501 1431 529 causa
1466 490 1614 537 movet,
1646 485 1692 528 in
1725 499 1804 541 qua
1837 484 1919 526 scio

114 582 208 609 sme
240 565 579 622 τετυφῶσθαι.
618 563 711 615 Sed,
744 568 792 605 ut
824 562 936 613 facis,
971 561 1190 617 obsequere
1226 560 1323 603 huic
1357 559 1482 602 errori
1515 574 1617 601 meo.
1670 559 1777 600 Nam
1812 557 1919 612 quod

146 639 286 682 scribis
321 636 598 698 ἐγγήραμα,
635 641 768 678 actum
802 636 882 677 iam
916 635 964 676 de
997 635 1076 677 isto
1110 641 1194 686 est3
1229 635 1306 676 alia
1342 634 1472 689 magis
1505 647 1666 688 quaero.

188 772 208 802 2
230 770 377 802 alicunde
402 789 442 793 -

147 891 275 917 tantum
298 885 339 916 ab
360 885 575 925 Hermogene
603 884 792 925 exprimere
814 888 933 924 posset,
955 892 1009 923 po·
1031 908 1033 927 :

148 939 264 971 tuisset
295 949 374 971 sane
408 939 519 970 hortos
560 938 636 969 illos
670 938 834 979 praesenti
869 936 1033 978 pecunia*

148 1002 335 1033 comparare
373 997 406 1024 et
441 992 651 1033 aliquantum
683 991 716 1022 in
753 1000 827 1022 arca
857 971 1034 1022 retinere.l

149 1046 266 1087 Itaque
300 1046 333 1076 in
367 1045 514 1076 numeris
544 1050 688 1076 erratum
721 1044 851 1075 videtui·
884 1049 915 1074 et
949 1042 1035 1073 for-'

149 1108 234 1133 tasse
257 1101 432 1142 utrobique
457 1101 635 1141 legendum
658 1106 706 1132 est
729 1099 798 1131 HS.
826 1092 902 1130 IX

195 1156 286 1187 Domi
316 1156 415 1188 video.
447 1157 586 1188 Temere
617 1155 695 1188 Otto
718 1157 759 1187 ad
782 1155 850 1187 Cic.
875 1155 956 1196 Rep.
979 1165 1011 1196 p.

152 1211 211 1242 129
243 1210 367 1243 Osann.
401 1211 455 1241 hic
477 1209 582 1241 domui
604 1210 747 1242 inveniri
770 1209 893 1240 scribit.
925 1209 1012 1239 Nam

150 1263 255 1295 domm·
276 1264 346 1294 ideo
370 1264 402 1294 in
427 1264 516 1295 Med.
539 1270 670 1304 apertus
693 1268 741 1294 est
763 1263 890 1293 librarii
913 1272 1012 1299 error,

152 1316 320 1348 literarum
344 1317 454 1348 sedem
478 1316 704 1357 permutantis.

194 1369 517 1410 Repraesentabimus.
550 1370 808 1410 Repraesentare
837 1378 907 1400 esse
938 1373 1015 1399 ante
1038 1364 1039 1373 ¹

152 1424 241 1456 diem
277 1424 494 1455 constitutum
535 1424 672 1461 solvere,
705 1432 812 1463 neque
842 1432 861 1453 a
883 1422 1015 1463 vulgari

153 1478 318 1511 sententia
340 1479 559 1510 recedendum
582 1487 661 1516 esse,
678 1484 766 1509 recte
781 1478 936 1508 adversus
952 1477 1015 1508 Bu·
1040 1498 1041 1520 γ

154 1534 274 1565 daeum
296 1533 424 1564 monuit
447 1532 486 1564 P.
508 1533 682 1564 Manutius
705 1533 746 1563 ad
768 1532 804 1562 h.
827 1532 849 1562 l.

196 1585 336 1617 Aliunde
357 1592 535 1627 praeeunte
558 1584 728 1616 Gronovio
750 1584 865 1624 scripsi
888 1593 946 1624 pro
961 1583 1017 1614 ali-

155 1640 262 1677 cunde,
285 1646 321 1671 ut
342 1640 386 1671 X.
411 1641 439 1678 1,
463 1641 490 1671 3.
515 1639 554 1670 cf.
580 1639 796 1679 Wesenberg.
821 1638 861 1668 ad
878 1638 976 1669 Tusc.
993 1638 1019 1668 I.
1042 1649 1043 1654 ¹

157 1694 196 1725 53
218 1693 252 1725 in
276 1693 341 1725 vol.
365 1693 418 1724 IV
441 1693 517 1724 edjt.
541 1692 645 1725 Orell.
669 1692 726 1722 alt.
1042 1684 1043 1698 ³

199 1749 216 1788 ξ
239 1747 268 1779 2.
291 1747 461 1778 Drusianis
483 1757 554 1778 vero
578 1747 633 1777 hos
656 1745 767 1776 horti-r.
784 1745 1021 1786 Retinuiquod
1042 1769 1046 1795 3

156 1807 228 1843 post
258 1801 398 1833 Bosium
430 1801 596 1841 vulgatur,
620 1800 678 1831 sed
701 1809 815 1830 verum
839 1809 906 1829 non
929 1804 1018 1839 puto.
1044 1799 1046 1852 ἰ

158 1854 259 1886 Codd.
293 1864 358 1885 non
391 1854 514 1885 habent
535 1854 602 1884 hos.
625 1852 860 1884 Scribendum:
885 1851 1021 1883 Drusia-
1044 1854 1045 1857 ’

159 1909 210 1940 nis
240 1918 319 1940 vero
348 1909 453 1939 hortos
483 1908 578 1938 mullo
601 1910 756 1948 antepono
779 1916 811 1937 o:
836 1906 958 1943 hortos,
983 1906 1023 1937 de

159 1962 277 2002 quibus
299 1972 371 2003 ago,
394 1961 505 1992 hortos
528 1960 614 1992 Silii.

200 2007 446 2059 Τετυφῶσθαι.
472 2013 668 2051 Gronovius,
700 2014 756 2054 qui
779 2013 933 2053 interpr.:
956 2023 1022 2043 am-

737 2115 898 2157 XXVJ.
964 2116 1029 2167 (A.

1063 881 1207 912 bitiosius
1237 883 1267 912 et
1294 890 1396 921 prope
1427 879 1615 911 insolewtius
1646 879 1766 922 efferri,
1802 878 1924 919 aliique

1059 935 1116 976 qui
1150 935 1294 966 similem
1327 934 1395 964 vim
1435 934 1535 965 verbo
1570 933 1727 971 tribuunt,
1753 932 1922 964 falluntur.

1062 987 1313 1029 Harpocration,
1339 986 1396 1027 qui
1420 986 1545 1026 legerat
1567 985 1601 1016 in
1625 985 1721 1017 Dem.
1745 995 1776 1026 p.
1800 984 1878 1017 Cor.
1895 986 1925 1014 5.

1062 1042 1150 1074 Phil.
1174 1042 1240 1073 111.
1263 1043 1293 1072 4.
1315 1042 1356 1072 de
1371 1040 1458 1071 male
1470 1045 1562 1081 gesta
1577 1040 1643 1080 leg.
1657 1039 1706 1077 64,
1719 1045 1806 1071 recte
1821 1038 1924 1080 expli-

1034 1104 1035 1125 :
1062 1100 1114 1126 cat
1136 1093 1237 1124 verbo
1259 1084 1581 1138 ἐμβεβροντῆσθαι,
1600 1093 1701 1122 mente
1713 1092 1836 1131 captum
1849 1099 1926 1127 esse,

1064 1158 1219 1180 znsamre.

1106 1198 1186 1229 Nam
1208 1197 1290 1240 quod
1307 1197 1419 1229 scribis
1434 1195 1632 1242 ἐγγήραμα,
1648 1202 1708 1228 cet.
1733 1195 1824 1235 Quid
1837 1204 1927 1226 nunc

1064 1255 1152 1286 dicat
1174 1251 1373 1299 ἐγγήραμα,
1399 1253 1594 1293 interpretes
1615 1251 1824 1284 dissentiunt.
1847 1250 1927 1282 Rec-

1065 1317 1134 1341 tam
1164 1311 1253 1341 viam
1285 1310 1475 1351 explicandi
1506 1308 1583 1340 iniit
1622 1306 1798 1344 Corradus,
1828 1315 1928 1347 quem

1066 1370 1253 1405 sequuntur
1274 1363 1463 1395 Gronovius
1485 1367 1517 1393 et
1538 1361 1748 1393 Wielandus.
1772 1359 1859 1390 Nam
1873 1359 1930 1389 du-

1068 1417 1163 1448 bitari
1188 1427 1254 1447 non
1278 1421 1383 1457 potest
1404 1415 1484 1456 quin
1515 1424 1562 1452 ea,
1595 1423 1679 1455 quae
1708 1413 1867 1454 leguntur
1896 1411 1930 1442 in

1067 1479 1116 1510 ep.
1140 1469 1181 1500 29
1203 1469 1253 1500 vel
1274 1471 1309 1499 tu
1331 1468 1417 1499 illud
1439 1465 1621 1513 ἐγγήραμα
1641 1485 1682 1490 —-
1702 1466 1752 1497 vel
1773 1463 1930 1510 ἐντάφιον

1040 1521 1041 1545 ¹
1062 1528 1179 1567 putato
1202 1536 1356 1567 expressa
1378 1525 1446 1556 sint
1469 1534 1487 1557 e
1510 1525 1598 1556 dicto
1612 1523 1748 1556 Catonis
1767 1522 1931 1561 Censorii,

1042 1612 1043 1623 γ
1067 1581 1156 1622 quod
1193 1581 1290 1611 nobis
1319 1579 1463 1611 servavit
1493 1578 1693 1610 Plutarchus
1722 1577 1756 1608 in
1788 1576 1860 1609 Cat.
1893 1577 1934 1608 24

1066 1639 1160 1671 extr„
1191 1632 1248 1663 ubi
1279 1632 1336 1663 ille
1366 1632 1486 1663 dicitur
1522 1629 1637 1674 ὥσπερ
1676 1627 1855 1663 Διονύσιόν
1885 1641 1934 1667 τις

1042 1683 1178 1720 ’ἔπεισε
1218 1682 1402 1718 κάλλιστον
1443 1683 1596 1729 ἐντάφιον
1640 1675 1814 1729 ἡγεῖσθαι
1870 1680 1932 1719 τὴν

1068 1736 1278 1787 τυραννίδα,
1310 1735 1495 1771 κάλλιστον
1525 1734 1627 1776 αὐτὸς
1655 1735 1841 1782 ἐγγήραμα
1869 1734 1932 1771 τὴν

1071 1793 1249 1829 πολιτείαν
1281 1793 1513 1839 ποιησάμενος
1541 1806 1576 1826 κ.
1604 1805 1638 1826 τ.
1671 1790 1702 1824 λ.
1734 1792 1852 1825 Cicero
1873 1793 1933 1834 igi-

1074 1860 1125 1885 tur
1144 1854 1207 1884 hoc
1229 1853 1330 1884 dicit:
1362 1852 1449 1883 Nam
1473 1852 1561 1893 quod
1583 1860 1636 1882 me
1660 1849 1797 1882 Catonis
1820 1859 1932 1882 exeni-

1073 1907 1128 1948 plo
1151 1907 1185 1938 in
1212 1906 1321 1937 forum
1344 1915 1478 1937 revocas
1501 1910 1534 1936 et
1550 1905 1584 1937 in
1602 1904 1736 1941 curiam,
1749 1909 1787 1935 ut
1799 1903 1847 1935 ibi
1860 1913 1934 1935 con-

1046 1959 1047 1966 *
1075 1970 1252 1998 senescam,
1276 1970 1327 1992 res
1348 1959 1481 2001 publica
1504 1959 1569 1990 iam
1591 1958 1684 1990 nulla
1706 1963 1754 1989 est
1762 1972 1770 1995 ;
1790 1957 1935 1989 solitudi-

1075 2024 1153 2046 nem
1176 2020 1209 2046 et
1232 2015 1343 2046 literas
1366 2024 1493 2055 sequor.
1532 2043 1539 2047 ,

1072 2114 1116 2154 U.
1156 2115 1198 2154 c,
1237 2114 1354 2165 709.)

230 2243 269 2283 1.
311 2242 438 2291 Sicca,
484 2242 548 2296 [ut
592 2238 748 2294 scribit]
785 2238 942 2280 etiamsi
973 2237 1077 2278 nihil
1110 2235 1326 2278 confecerit
1360 2249 1450 2276 cum
1485 2238 1536 2275 A.
1572 2233 1684 2285 Silio,
1719 2238 1856 2274 tamen
1889 2246 1930 2273 se

165 2314 305 2357 scribit
344 2329 388 2356 x.
434 2313 526 2355 Kal.
560 2328 644 2354 esse
677 2316 906 2353 venturum.
939 2310 1036 2351 Tuis
1069 2307 1401 2365 occupationibus
1434 2307 1615 2362 ignosco,
1649 2321 1797 2362 eaeque
1830 2305 1930 2348 mihi

166 2394 261 2430 sunt
292 2393 424 2429 notae.
470 2388 529 2428 De
564 2386 769 2428 voluntate
803 2389 874 2426 tua
907 2389 953 2426 ut
987 2384 1105 2426 simul
1140 2384 1278 2433 simus,
1313 2381 1375 2423 vel
1408 2380 1544 2423 studio
1578 2381 1713 2436 potius
1745 2385 1786 2421 et
1818 2378 1931 2435 cupi·

134 2479 148 2505 5
166 2461 291 2503 ditate
325 2475 406 2502 11011
440 2459 596 2501 dubito.
634 2462 674 2500 2.
708 2459 769 2500 De
802 2458 923 2500 Nicia
956 2457 1063 2513 quod
1098 2457 1254 2508 scribis,
1295 2456 1328 2497 si
1362 2456 1420 2497 ita
1452 2470 1515 2496 me
1547 2454 1736 2496 haberem
1769 2458 1817 2495 ut
1847 2452 1934 2494 eius

166 2534 417 2575 humanitate
450 2533 529 2575 frui
562 2548 731 2589 possem,
765 2533 808 2574 in
841 2532 980 2588 primis
1014 2532 1156 2573 vellem
1188 2531 1303 2572 illum
1338 2544 1495 2571 mecum
1528 2528 1688 2571 habere.
1723 2528 1802 2570 Sed
1833 2527 1934 2569 mihi

167 2608 342 2651 solitudo
386 2613 426 2650 et
473 2623 651 2650 recessus
697 2607 903 2663 provincia
945 2612 1018 2648 est.
1070 2605 1190 2658 Quod
1237 2605 1331 2660 quia
1371 2603 1487 2645 facile
1530 2602 1684 2645 ferebat
1726 2602 1854 2654 Sicca,
1888 2615 1935 2642 eo

168 2683 296 2738 magis
327 2682 442 2723 illum
476 2681 670 2722 desidero.
719 2681 930 2722 Praeterea
962 2679 1069 2721 nosti
1102 2678 1245 2720 Niciae
1278 2677 1406 2719 nostri
1439 2675 1772 2727 imbecillitatem,
1806 2674 1934 2717 molli-

212 2838 232 2868 2
252 2839 287 2868 ut
308 2837 415 2869 scribit
439 2847 506 2869 non
529 2836 705 2868 inclusum.

216 2985 235 3025 ξ
260 2985 287 3015 l.
314 2985 353 3016 Ut
373 2984 493 3016 scribit.
516 2983 638 3016 Obelos
660 2982 886 3024 appingendos
909 2982 1032 3019 curavi,

174 3038 251 3079 quia
272 3039 353 3070 haec
375 3038 515 3070 molesta
529 3042 615 3074 sunt,
630 3046 735 3078 quum
747 3040 902 3077 sequatur
912 3034 1031 3066 scribit.

218 3093 236 3133 ξ
259 3093 287 3124 2.
310 3092 360 3125 De
381 3091 475 3123 Nicia
498 3097 558 3124 cet.
599 3090 640 3122 cf.
663 3091 704 3122 ad
725 3090 807 3122 VII.
845 3090 873 3127 3,
907 3090 958 3120 10.
991 3089 1032 3120 111

176 3148 199 3179 l.
224 3148 245 3178 l.
270 3147 419 3178 Suetonii
441 3146 522 3177 haec
544 3155 646 3186 usque
663 3146 703 3176 ad
713 3146 809 3185 yrala
824 3145 870 3175 est
881 3144 1033 3174 citantur.

1123 2980 1293 3012 Provincia
1315 2982 1374 3011 est.
1396 2979 1471 3011 Alii
1483 2983 1638 3021 appetunt
1649 2975 1842 3019 provincias,
1854 2975 1937 3006 mihi

1081 3034 1222 3066 solitudo
1254 3033 1425 3074 provincia
1454 3025 1511 3064 est.
1554 3031 1688 3064 Inutilis
1719 3035 1767 3062 est
1788 3028 1938 3061 Schutzii

1082 3087 1270 3120 coniectura
1284 3096 1347 3126 pro
1369 3085 1453 3116 victu
1475 3087 1533 3116 est.

1125 3137 1385 3174 Imbecfffflzztem,
1408 3136 1584 3168 mollitiam.
1617 3136 1693 3167 Non
1729 3135 1831 3166 animi
1858 3133 1937 3165 vitia
