2062 3565
689 166 796 209 LIB.
831 166 948 209 XIV.
984 166 1068 209 ΕΡ.
1108 168 1176 208 12.
1216 167 1286 207 13.
1783 165 1868 203 283

108 306 241 344 utrum
287 301 415 357 magis
465 303 634 344 tumulis
683 308 974 360 prospectuque
1025 318 1073 344 an
1124 301 1396 342 ambulatione
1439 297 1658 344 αλιτενεῖ
1684 297 1869 340 delecter.

108 375 183 417 Est
214 374 453 427 mehercule,
488 381 534 418 ut
567 376 683 428 dicis,
720 377 928 432 utriusque
962 376 1037 418 loci
1072 382 1185 417 tanta
1219 375 1452 426 amoenitas,
1487 380 1533 416 ut
1564 372 1746 415 dubitem
1782 376 1871 413 utra

108 447 390 504 anteponenda
423 449 490 491 sit.

292 578 348 583 —
385 577 441 582 —
475 549 582 595 ἀλλ’
615 552 675 596 οο
707 547 888 605 δαιτὸς
921 552 1164 614 ἐπηράτου
1199 550 1321 616 ἔργα
1355 551 1591 612 μέμηλεν,

141 659 154 681 ‚
295 621 445 667 Ἀλλα
479 622 591 680 λίην
620 626 754 686 μέγα
790 632 947 684 πῆμα,
981 621 1256 688 διοτρεφές,
1291 625 1608 688 είςορόωντες
1914 651 1928 676 5

297 693 548 757 Δείδιμεν·
584 697 639 744 ἐν
671 693 782 755 δοιῆ
816 694 868 744 δὲ
905 701 1165 759 σαωσέμεν
1200 705 1226 757 ὴ
1259 699 1561 746 α’]τολέσθαι.

109 807 150 846 2.
183 803 382 851 Quamvis
427 804 536 846 enim
569 809 616 846 tu
648 819 794 860 magna
827 810 867 846 et
899 805 1002 847 mihi
1034 805 1211 847 iucunda
1244 805 1448 861 scripseris
1484 804 1533 846 de
1568 803 1620 845 D.
1655 803 1773 846 Bruti
1807 802 1874 844 ad-

107 882 229 920 ventu
262 877 314 919 ad
347 892 440 920 suas
471 877 665 932 legiones,
698 878 743 920 in
777 893 855 933 quo
889 893 1000 934 spem
1034 879 1248 920 maximam
1283 878 1413 929 video,
1448 882 1597 927 tamen,
1632 877 1666 918 si
1699 880 1760 918 est
1792 875 1875 918 bel-

106 952 191 994 lum
223 951 339 994 civile
372 951 569 1002 futurum,
604 950 713 1007 quod
746 956 851 993 certe
885 951 975 1003 erit,
1011 952 1044 993 si
1078 952 1224 994 Sextus
1257 952 1302 993 in
1325 951 1445 994 armis
1467 949 1731 1006 permanebit,
1756 964 1874 1005 quem

107 1040 411 1082 permansurum
455 1040 539 1067 esse
583 1030 692 1068 certo
736 1026 833 1076 scio,
868 1025 966 1081 quid
1000 1025 1117 1068 nobis
1149 1026 1380 1068 faciendum
1425 1026 1477 1067 sit
1524 1026 1680 1080 ignoro,
1731 1024 1875 1079 Neque
1895 1038 1926 1064 10

109 1100 216 1142 enim
248 1099 328 1141 iam
360 1098 513 1150 licebit,
549 1099 655 1154 quod
685 1099 865 1142 Caesaris
888 1099 993 1141 bello
1016 1099 1146 1151 licuit,
1170 1115 1300 1156 neque
1324 1099 1403 1141 huc
1428 1114 1558 1155 neque
1581 1098 1692 1140 illue.
1727 1097 1875 1150 Quem-

109 1187 268 1229 cunque
312 1173 420 1214 enim
465 1172 564 1215 haec
604 1189 696 1229 pars
740 1173 989 1230 perditorum
1021 1173 1215 1216 laetatum
1248 1174 1430 1216 Caesaris
1463 1179 1589 1215 morte
1622 1171 1783 1228 putabit
1817 1195 1874 1201 ——

108 1246 306 1288 laetitiam
350 1251 485 1288 autem
529 1246 779 1302 apertissime
810 1247 980 1289 tulimus
1013 1262 1151 1289 omnes
1186 1272 1242 1278 —
1277 1247 1386 1289 hunc
1420 1248 1464 1289 in
1496 1246 1674 1288 hostium
1708 1259 1875 1286 numero

108 1319 289 1372 habebit,
322 1335 424 1376 quae
459 1335 521 1362 res
555 1320 605 1363 ad
639 1320 801 1363 caedem
833 1321 1049 1363 maximam
1083 1326 1253 1378 spectat.
1289 1322 1442 1372 Restat,
1477 1326 1523 1362 ut
1545 1321 1588 1362 in
1613 1324 1742 1361 castra
1764 1318 1875 1360 Sexti

109 1398 193 1445 aut,
227 1393 262 1435 si
293 1393 409 1445 forte,
444 1395 563 1437 Bruti
594 1410 668 1437 nos
701 1395 967 1437 conferamus.
1002 1396 1082 1438 Res
1115 1395 1254 1437 odiosa
1286 1404 1326 1437 et
1355 1395 1484 1436 aliena
1506 1393 1653 1436 nostris
1676 1390 1876 1434 aetatibus
1894 1410 1925 1437 15

109 1471 171 1508 est
201 1466 353 1508 incerto
386 1467 498 1509 exitu
530 1467 641 1520 belh',
664 1473 704 1510 et
726 1468 861 1510 nescio
885 1484 965 1524 quo
988 1473 1107 1525 pacto
1129 1467 1207 1511 tibi
1229 1483 1303 1524 ego
1326 1483 1503 1525 possum,
1527 1466 1627 1508 mihi
1649 1471 1696 1508 tu
1718 1465 1874 1508 dicere:

366 1571 556 1617 Τέκνον
588 1570 731 1630 ἐμόν,
765 1571 825 1616 οὔ
857 1587 937 1616 τοι
971 1565 1181 1616 δέδοται
1214 1570 1456 1632 πολεμήϊα
1491 1569 1612 1634 ἔργα

364 1643 514 1690 Ἀλλά
547 1643 656 1707 σύγ’
693 1643 954 1706 ἱμερόεντα
987 1646 1224 1706 μετέρχεο
1260 1641 1382 1707 ἔργα
1416 1644 1601 1707 λόγοιο.

114 1753 153 1793 3.
186 1750 264 1793 Sed
297 1750 395 1792 haee
427 1750 507 1792 fors
540 1750 700 1802 viderit,
734 1766 781 1793 ea
813 1765 914 1806 quae
947 1750 1097 1794 talibus
1129 1752 1173 1794 in
1205 1752 1325 1795 rebus
1348 1753 1438 1810 plus
1463 1768 1583 1809 quam
1606 1752 1707 1794 ratio
1730 1756 1875 1807 potest.

112 1825 200 1867 Nos
243 1828 377 1866 autem
421 1824 464 1866 id
505 1824 725 1876 videamus,
771 1824 880 1880 quod
920 1824 964 1866 in
1003 1824 1120 1867 nobis
1163 1827 1262 1882 ipsis
1297 1842 1382 1869 esse
1415 1825 1549 1877 debet,
1583 1829 1644 1876 ut,
1679 1822 1877 1880 quidquid
1895 1845 1930 1871 20

114 1898 318 1949 acciderit,
360 1897 517 1940 fortiter
560 1902 601 1939 et
644 1898 846 1954 sapienter
878 1897 1052 1940 feramus
1085 1904 1126 1940 et
1158 1899 1351 1942 accidisse
1384 1898 1618 1942 hominibus
1651 1897 1875 1939 memineri-

114 1986 217 2023 mus,
250 1985 402 2027 nosque
436 1985 561 2025 quum
595 1970 769 2012 multum
802 1970 955 2021 literae,
989 1974 1078 2012 tum
1110 1987 1192 2014 non
1224 1973 1438 2015 minimum
1461 1971 1562 2014 Idus
1587 1987 1744 2027 quoque
1768 1971 1875 2013 Mar-

115 2046 194 2088 tiae
238 2045 508 2087 consolentur.
562 2047 603 2085 4.
638 2045 803 2100 Suscipe
827 2045 956 2086 ’nunc
999 2060 1127 2087 meam
1172 2045 1517 2098 deliberationem,
1552 2061 1631 2101 qua
1663 2045 1854 2087 sollicitor
1865 2062 1877 2095 ;

114 2120 173 2162 ita
213 2118 342 2161 multa
384 2118 554 2161 veniunt
596 2118 640 2160 in
674 2124 851 2160 mentem
883 2119 927 2160 in
961 2124 1170 2174 utramque
1204 2125 1372 2177 partem.
1423 2120 1670 2170 Proficiseor,
1705 2124 1752 2160 ut
1785 2132 1878 2159 con-

116 2195 338 2245 stitueram,
382 2192 539 2248 legatus
582 2192 625 2234 in
667 2192 898 2235 Graeciam:
946 2194 1078 2236 caedis
1121 2193 1392 2251 impendentis
1437 2193 1660 2250 periculum
1693 2191 1879 2234 nonnihil
1900 2210 1932 2235 25

161 2354 198 2385 15
220 2353 387 2393 aetatibus,
409 2355 440 2385 et
462 2353 584 2386 incerto
607 2372 648 2378 —
671 2354 711 2386 16
727 2355 846 2396 possim
868 2373 909 2380 —

159 2494 178 2535 ᾖ
202 2494 229 2525 1.
255 2493 362 2527 Utrum
383 2492 482 2534 maqis
504 2491 633 2523 tumulis
655 2504 749 2524 —an
759 2494 970 2526 ambulatione
992 2506 994 2534 ς
1020 2491 1055 2522 id
1070 2501 1128 2532 per
1135 2490 1284 2532 populum
1293 2492 1402 2530 aperte
1405 2489 1526 2530 ferret.
1554 2486 1739 2528 Opponitur
1751 2484 1879 2515 obscure

117 2543 265 2580 άλιτενεῖ
286 2555 322 2578 o:
346 2550 458 2577 utrum
479 2545 636 2577 libentius
658 2545 722 2577 sim
742 2545 777 2577 in
800 2546 882 2578 villa
902 2546 969 2577 Ar-
991 2551 994 2589 Ι
1012 2546 1119 2587 fine,
1150 2552 1186 2578 ut
1213 2546 1249 2577 in
1279 2545 1478 2578 Cluentiana
1508 2545 1548 2574 54
1571 2542 1677 2584 Neque
1699 2540 1734 2572 id
1754 2540 1856 2571 obscu
1857 2549 1881 2569 ·e

118 2603 234 2646 pinati,
255 2602 361 2645 posita
381 2602 417 2633 in
445 2602 581 2643 regione
602 2611 725 2644 aspera,
747 2612 790 2634 an
811 2602 848 2633 in
869 2600 974 2632 hortis
991 2591 995 2631 l
1013 2600 1155 2641 ferebat,
1178 2610 1236 2631 nec
1257 2599 1459 2630 dissimulare
1480 2598 1546 2628 ullo
1567 2595 1656 2628 modo
1673 2596 1811 2636 poterat.

120 2657 293 2690 Cluvianis
315 2666 416 2699 prope
437 2656 595 2688 Puteolos
616 2656 658 2688 ad
678 2665 769 2688 mare
790 2656 871 2688 sitis.
907 2632 997 2694 Quil
1064 2653 1098 2684 Si
1120 2654 1212 2695 forte
1244 2663 1278 2685 a:
1312 2653 1341 2683 si
1373 2653 1445 2692 fors
1476 2651 1524 2682 ita
1551 2649 1672 2688 tulerit,
1704 2647 1733 2682 εἰ
1762 2647 1878 2693 τύχοι

119 2716 301 2753 sequuntur
321 2720 435 2743 versus
467 2714 544 2741 sunt
565 2719 610 2742 ex
630 2710 778 2742 oratione
799 2709 914 2741 Ulixis
937 2697 996 2739 ad
1024 2711 1075 2744 Cf.
1104 2712 1227 2743 Mureti
1263 2711 1306 2742 V
1338 2711 1379 2742 L.
1404 2709 1502 2741 XVI.
1526 2709 1545 2740 9
1566 2708 1693 2739 Handii
1715 2707 1812 2738 Turs.
1836 2706 1881 2736 11.

120 2765 300 2803 Achillem,
333 2765 430 2796 Iliad·
462 2764 526 2796 IX.
559 2764 620 2795 228
655 2773 727 2806 sqq.
764 2764 831 2796 Illa
867 2768 978 2794 autem
1023 2775 1054 2807 p.
1077 2764 1138 2797 736
1160 2770 1192 2796 et
1213 2763 1385 2805 Wyttenb.
1408 2763 1450 2794 ad
1471 2762 1557 2793 Plat.
1578 2761 1662 2792 Mor.
1685 2771 1715 2801 p.
1740 2759 1811 2792 751.

119 2815 235 2850 τέκνον
272 2813 351 2862 ἐμόν
381 2828 415 2850 κ.
445 2827 482 2849 τ·
512 2813 544 2848 λ·
575 2821 654 2848 sunt
686 2816 776 2848 Iovis
810 2815 978 2848 Venerem
1066 2819 1129 2850 Res
1149 2818 1258 2851 odiosa
1280 2837 1322 2842 —
1343 2820 1391 2850 est
1413 2818 1538 2849 incerto
1561 2816 1648 2847 eritu
1670 2814 1754 2846 belli.
1777 2813 1880 2845 Codd.

121 2883 141 2906 a
160 2874 259 2906 rebus
280 2873 408 2906 bellicis
430 2876 603 2905 revocante
623 2871 664 2904 11.
689 2871 732 2903 V.
754 2873 816 2904 428
839 2870 978 2913 sq.,nisi
1026 2875 1056 2904 et
1084 2878 1160 2905 ante
1187 2873 1320 2904 incerto.
1353 2873 1394 2904 Id
1425 2871 1529 2902 deleri
1563 2868 1695 2901 volebat
1726 2866 1880 2902 Orellius‚

121 2929 210 2971 quod
235 2927 350 2960 Cicero
382 2936 441 2969 pro
462 2924 606 2972 γάμοιο.
631 2930 669 2956 ut
688 2924 724 2956 in
747 2934 781 2957 se
803 2925 862 2956 illa
884 2920 978 2969 ῥῆσις
1027 2935 1090 2967 ego
1107 2936 1183 2958 cum
1199 2926 1337 2957 Klotzio
1349 2925 1384 2956 in
1401 2926 1447 2956 est
1462 2922 1598 2959 mutavi,
1613 2931 1691 2952 cum
1703 2920 1881 2959 eodemque

123 2983 325 3021 conveniret,
347 2982 476 3023 scripsit
500 2978 631 3026 λόγοιο.
1024 2987 1148 3019 possum
1178 2979 1291 3020 scripsi
1325 2988 1384 3019 pro
1413 2976 1538 3017 possim,
1572 2973 1731 3015 quoniam
1767 2970 1882 3003 Cicero

165 3042 184 3083 ξ
213 3042 243 3073 2.
275 3041 443 3072 Laetitiam
474 3039 670 3081 apertissime
692 3039 829 3070 tulimus,
853 3039 980 3080 Aperte
1027 3033 1110 3064 solet
1143 3034 1176 3064 in
1211 3032 1332 3064 talibus
1355 3029 1529 3064 sententiis
1551 3027 1769 3059 indicativum
1793 3034 1881 3055 usur-

125 3098 209 3130 serre
231 3098 356 3139 aliquid
378 3102 427 3129 est
449 3096 558 3138 palam
581 3095 708 3136 aliquid
728 3095 905 3127 declarare.
929 3092 980 3125 Cf.
1026 3096 1114 3128 pare-
1144 3086 1194 3118 Cf·
1218 3086 1300 3126 Leg·
1323 3086 1368 3116 II-
1390 3086 1420 3115 4·
1443 3084 1484 3114 ffll
1508 3082 1550 3120 Q·
1573 3081 1610 3112 fr·
1636 3080 1661 3110 Ι·
1687 3080 1715 3116 1»
1742 3079 1788 3109 13·
1811 3078 1881 3108 Att.

126 3161 156 3192 p.
187 3150 324 3182 Plancio
354 3151 395 3182 34
423 3159 490 3181 eum
511 3149 610 3190 ipsum
631 3146 767 3180 dolorem
790 3146 865 3178 tulit
882 3145 981 3187 paulo
1027 3139 1130 3171 XIV:
1152 3140 1200 3177 17,
1224 3139 1254 3169 6.
1604 3187 1607 3190 Ι
1787 3184 1791 3188 .

125 3203 276 3247 apertius,
307 3203 380 3239 Liv,
414 3201 586 3234 XXVIII,
609 3201 650 3232 40
671 3211 760 3246 quum
784 3203 924 3231 acturum
949 3207 982 3228 se
1002 3209 1003 3218 1
1070 3195 1088 3233 ᾗ
1111 3195 1139 3225 4.
1163 3192 1347 3233 Protin-iscar
1371 3209 1409 3214 —-
1435 3190 1467 3219 in
1496 3188 1677 3218 Graeculum
1701 3184 1806 3216 caedis
1823 3191 1881 3216 cet.
