2062 3565
745 165 851 208 ΜΒ.
889 167 1004 210 XVI.
1040 169 1123 211 ΕΡ.
1162 161 1246 212 15.’
1779 175 1864 215 373

101 296 245 340 berari.
295 298 370 340 Sed
406 304 446 341 et
479 301 538 342 illi
572 307 688 358 turpe
723 302 894 345 arbitror
927 319 973 345 eo
1007 306 1182 355 nomine,
1217 307 1324 361 quod
1358 307 1552 349 satis-dato
1586 308 1744 359 debeat,
1782 323 1868 364 pro-

100 374 302 413 curatores
351 372 437 414 eius
486 388 568 416 non
619 374 850 427 dissolvere,
903 381 944 418 et
991 382 1149 419 nostrae
1198 379 1407 433 gravitatis
1456 381 1519 422 ius
1559 387 1740 423 nostrum
1783 382 1866 423 sine

100 458 255 486 summa
297 443 407 487 illius
455 446 679 502 ignominia
721 449 920 505 persequi.
978 450 1036 491 De
1079 450 1152 492 hoc
1187 452 1283 507 quid
1319 453 1474 508 placcat
1506 454 1700 497 rescribas
1735 454 1866 506 velim,

99 532 173 559 nec
205 517 349 560 dubito
383 520 481 574 quin
531 521 606 563 hoc
639 527 770 564 totum
805 523 936 565 lenius
970 524 1323 567 administraturus
1355 527 1421 567 sis.
1459 531 1499 569 3.
1536 528 1671 570 Redeo
1703 527 1752 569 ad
1786 543 1867 569 rem

100 589 317 655 publicam.
371 593 505 636 Multa
547 595 774 638 mehercule
819 612 841 638 a
874 602 912 638 te
947 613 1062 653 saepe
1098 595 1153 642 ἐν
1185 596 1422 642 πολιτικὼ
1455 616 1599 656 genere
1635 601 1866 657 prudenter,
1906 623 1920 648 ⁶

98 657 167 706 sed
216 664 279 706 his
328 665 456 708 literis
488 668 591 709 nihil
624 668 888 724 prudentius:
931 698 951 722 n
970 686 1213 726 quamquam
1248 673 1355 714 enim
1389 675 1414 711 †
1439 680 1575 729 postea
1606 675 1650 716 in
1683 690 1867 730 praesen-

98 738 155 780 tia
203 738 305 781 belle
347 739 423 781 iste
468 755 567 796 puer
615 742 798 784 retundit
839 743 1078 795 Antonium,
1128 748 1262 786 tamen
1297 746 1449 787 exitum
1484 753 1713 803 exspectare
1748 747 1866 789 debe·

97 812 232 854 mus.’'
282 815 339 855 At
385 829 487 869 quae
537 816 692 858 contio!
744 817 849 859 Nam
893 822 953 858 est
997 818 1118 859 missa
1167 818 1282 860 mihi.
1328 819 1454 870 Iurat,
1489 821 1545 862 ita
1579 820 1657 862 sibi
1689 821 1867 877 parentis

98 886 266 928 honores
316 889 508 943 consequi
554 888 687 940 liceat,
734 894 775 931 et
819 890 939 931 simul
973 890 1153 932 dextram
1188 892 1365 933 intendit
1397 893 1446 934 ad
1482 899 1670 936 statuam.
1728 888 1864 948 Μηδὲ

96 959 314 1013 σωθείην
356 957 452 1004 ὑπό
497 976 549 1021 γε
592 959 846 1006 τοιούτουῑ
897 963 988 1014 Sed,
1035 968 1081 1005 ut
1121 963 1277 1016 scribis,
1323 966 1591 1008 certissimum
1631 983 1715 1009 esse
1750 968 1866 1010 video
1888 977 1923 1004 10

95 1032 311 1076 discrimen
360 1034 508 1078 Cascae
556 1037 684 1078 nostri
729 1036 996 1089 tribunatum,
1043 1037 1092 1079 de
1137 1053 1215 1093 quo
1265 1039 1427 1094 quidem
1477 1040 1564 1096 ipso
1597 1041 1682 1082 dixi
1717 1042 1864 1098 Oppio,

95 1122 220 1162 quum
264 1123 326 1150 me
360 1108 602 1162 hortaretur,
638 1115 684 1151 ut
716 1110 1010 1152 adolescentem
1041 1115 1248 1167 totamque
1289 1127 1448 1154 causam
1484 1129 1725 1170 manumque
1760 1119 1865 1157 vete-

94 1195 283 1223 ranorum
331 1183 629 1238 complecterer,
669 1199 731 1225 me
784 1184 895 1226 nullo
930 1184 1048 1226 modo
1082 1185 1209 1227 facere
1243 1201 1370 1241 posse,
1407 1187 1448 1228 ni
1483 1188 1582 1228 mihi
1615 1189 1864 1244 exploratum

94 1258 199 1296 esset
243 1270 334 1296 eum
384 1271 466 1298 non
517 1257 636 1299 modo
670 1273 751 1299 non
784 1258 995 1299 inimicum
1028 1259 1330 1314 tyrannoctonis
1365 1274 1500 1301 verum
1536 1262 1655 1303 etiam
1690 1262 1862 1304 amicum

94 1328 191 1370 fore.
241 1329 378 1382 Quum
427 1329 495 1370 i]le
537 1329 690 1371 diceret
718 1320 791 1371 >ita
831 1330 1035 1372 futurum:
1082 1331 1192 1382 Quid
1227 1332 1351 1386 igitur
1385 1332 1649 1375 festinamus?
1682 1334 1917 1389 i11qua1n.15

94 1402 161 1444 Illi
205 1402 310 1444 enim
361 1417 449 1444 mea-
495 1418 615 1459 opera
663 1408 755 1445 ante
800 1403 974 1444 Kalend.
1020 1404 1182 1445 Ianuar.
1218 1404 1320 1445 nihil
1354 1421 1452 1460 opus
1485 1411 1559 1447 est.
1608 1408 1694 1449 Nos
1729 1412 1862 1449 autem

94 1474 182 1517 eius
216 1475 465 1518 voluntatem
500 1481 593 1518 ante
627 1476 727 1518 Idus
762 1476 975 1518 Decembr.
1008 1477 1297 1533 perspiciemus
1330 1479 1372 1519 in
1406 1478 1545 1521 Casca.
1601 1480 1729 1522 Valde
1762 1481 1863 1523 mihi

94 1565 280 1592 assensus
325 1556 399 1594 est,
451 1550 723 1604 Quamobrem
770 1551 868 1593 haec
917 1549 1081 1606 quidem
1131 1551 1339 1592 hactenus.
1388 1552 1507 1604 Quod
1555 1553 1753 1609 reliquum
1787 1559 1861 1605 est,

93 1843 222 1875 facilius
244 1853 286 1875 ex
320 1843 522 1884 appellemus,
551 1853 652 1885 quam
686 1854 729 1876 ex
758 1844 958 1885 appellentur

93 1898 311 1939 depravatum
333 1907 403 1930 esse
426 1896 555 1930 Orellio
574 1898 795 1929 concedimus.
819 1898 954 1929 Utrum-

92 1952 143 1983 vis
165 1952 279 1993 eligas,
302 1952 467 1984 sententia
491 1962 558 1983 non
587 1957 741 1983 mutatur.

137 2005 204 2047 Quo
217 2006 315 2048 facto
336 2016 372 2038 o:
396 2006 485 2048 quod
507 2006 534 2038 si
556 2007 603 2044 fit,
627 2006 655 2037 si
677 2007 955 2047 p1·ocu1·at01·esli-

92 2065 160 2092 tem
181 2064 418 2092 contestantur.

135 2112 154 2153 §
175 2113 205 2144 3.
232 2112 424 2154 Quamquam
447 2112 529 2143 enim
547 2114 564 2149 †
583 2115 698 2154 postea
722 2112 756 2144 in
766 2112 954 2154 praesentia

92 2170 154 2197 cet.
178 2165 231 2197 Ita
253 2174 354 2196 nemo
366 2165 509 2196 scribere
521 2170 639 2206 potest.
663 2164 729 2197 Sed
742 2175 844 2207 quum
856 2166 956 2196 multi

92 2219 127 2250 in
148 2218 202 2250 his
226 2219 443 2251 emendandis
467 2219 608 2250 feliciter
631 2220 752 2251 versati
777 2219 853 2258 sint,
883 2229 955 2250 auc-

91 2277 143 2304 tor
164 2282 239 2304 sum
262 2277 298 2304 ut
319 2273 372 2304 vel
396 2283 470 2304 cum
496 2273 522 2304 Ι.
546 2272 601 2304 Fr.
626 2272 796 2305 Gronovio
819 2283 955 2315 repona-

93 2334 159 2358 tur:
191 2336 374 2368 quamquam
403 2326 484 2357 enim
509 2328 616 2366 polest
646 2329 677 2358 et
705 2327 740 2357 in
766 2327 954 2367 praesentia

91 2378 172 2410 belle
193 2378 254 2410 iste
269 2389 353 2420 puer
375 2379 518 2410 retundit
541 2379 590 2417 A„
624 2379 678 2411 vel
701 2389 777 2410 cum
809 2379 953 2412 Orellio:

91 2441 275 2473 quamquam
293 2431 373 2463 enim
393 2434 498 2472 potest
520 2431 554 2463 in
574 2431 763 2472 praesentia
786 2431 866 2462 belle
894 2431 956 2462 me

85 2495 169 2526 puer
191 2485 359 2516 retundere
384 2486 423 2517 A.
459 2485 546 2517 Nam
571 2486 660 2527 quod
682 2485 736 2516 hic
757 2491 870 2527 postea
892 2486 955 2517 At·

92 2540 158 2572 tico
170 2540 346 2573 obtrudere
359 2541 467 2572 voluit
479 2540 680 2572 vocabulum
697 2540 862 2571 comicum
868 2543 955 2581 post-

89 2593 260 2634 princzffla,
295 2593 509 2626 vehementer
530 2593 691 2635 displicet,
722 2594 810 2635 quod
832 2599 863 2625 et
885 2593 955 2625 lon-

93 2647 167 2688 gius
189 2657 209 2678 a
230 2647 383 2679 codicum
405 2647 567 2688 scriptura
599 2647 724 2678 recedit
757 2652 789 2678 et
817 2647 955 2678 minime

93 2701 158 2733 huc
179 2702 348 2734 convenit.
381 2701 616 2743 Postprincipia
639 2707 718 2733 sunt
740 2702 839 2739 enim,
871 2711 954 2743 quae

93 2761 277 2797 sequuntur
298 2761 372 2798 post
392 2756 566 2798 principia,
595 2766 699 2798 quum
729 2757 763 2787 in
786 2756 898 2798 aliqua
919 2766 954 2788 re

31 2832 35 2836 -
92 2809 228 2851 longius
248 2810 414 2852 progressi
437 2818 552 2842 sumus
575 2815 609 2842 et
631 2810 697 2842 iam
720 2811 788 2842 fe're
811 2811 853 2841 ad.
882 2811 954 2842 exi-

94 2866 167 2894 tum
178 2863 399 2904 pervenimus,
410 2868 448 2894 ut
469 2863 639 2905 apparebit
659 2863 848 2905 inspicienti
870 2872 954 2904 quae

94 2917 224 2950 laudari
245 2918 353 2950 solent
375 2928 393 2950 e
413 2918 525 2950 Plauti
548 2918 650 2949 Persa
672 2917 736 2949 IV.
761 2918 789 2955 1,
823 2919 841 2949 3
875 2923 908 2949 et
936 2927 953 2948 e

1008 1854 1074 1886 que
1096 1845 1201 1886 placet
1225 1845 1367 1886 suspicio
1390 1846 1512 1876 Moseri
1535 1844 1650 1886 Symb.
1683 1846 1763 1878 Crit.
1799 1848 1861 1880 VI.

1006 1909 1035 1939 p.
1061 1899 1110 1936 18,
1134 1897 1191 1938 qui
1206 1900 1318 1939 postea
1344 1898 1375 1928 in
1400 1898 1545 1929 alienum
1571 1899 1680 1930 locum
1692 1900 1865 1933 devenisse

1005 1953 1152 1994 putabat,
1176 1953 1341 1992 verbaque
1365 1952 1409 1983 ita
1445 1953 1650 1984 restituebat:
1683 1965 1865 1995 quamquam

1001 2005 1081 2036 enim
1104 2005 1136 2035 z'n
1155 2005 1344 2045 praesentia
1368 2005 1447 2035 belle
1470 2005 1530 2036 iste
1546 2016 1628 2046 puer
1641 2007 1783 2038 retundit
1799 2008 1865 2039 „In-

1001 2058 1128 2096 tonium,
1169 2061 1272 2089 tamen
1307 2063 1435 2099 postera
1467 2063 1499 2090 et
1533 2058 1649 2090 exitum
1682 2063 1865 2100 exspectare

1001 2112 1156 2144 debemus.

1043 2165 1086 2195 At
1109 2175 1188 2206 quae
1210 2165 1335 2196 contio!
1358 2165 1528 2197 Manutius
1553 2171 1583 2198 et
1605 2166 1734 2208 Popma
1758 2169 1861 2209 signi-

1001 2220 1092 2250 ficari
1115 2226 1232 2261 putant
1255 2220 1438 2252 orationem
1462 2220 1610 2252 habitam
1623 2222 1664 2252 ab
1681 2221 1864 2255 Octaviano

1002 2274 1036 2304 iu
1066 2274 1222 2305 contione
1270 2279 1449 2305 convocata
1480 2284 1497 2304 a
1531 2273 1684 2313 Canufio,
1716 2277 1790 2307 trib.
1821 2277 1865 2318 pl.

1001 2328 1094 2358 cuius
1117 2328 1242 2359 mentio
1264 2328 1300 2359 fit
1324 2328 1410 2369 apud
1442 2328 1636 2369 Appianum
1667 2330 1707 2360 B.
1732 2329 1768 2362 C.
1793 2331 1860 2362 ΙΙΙ.

1001 2380 1038 2410 41
1066 2385 1097 2411 et
1118 2380 1263 2411 Dionem
1285 2380 1396 2411 XLV.
1430 2380 1531 2412 Recte
1561 2381 1743 2414 omiserunt
1773 2384 1861 2415 testi-

1001 2434 1152 2465 monium
1182 2434 1353 2466 Ciceronis
1383 2435 1485 2475 ipsius
1515 2444 1557 2466 ex
1589 2436 1682 2476 epist.
1717 2437 1758 2468 ad
1787 2437 1863 2469 Cas-

1002 2489 1097 2526 sium,
1121 2488 1214 2519 Fam.
1246 2488 1327 2519 XII.
1365 2490 1394 2519 3.
1434 2489 1522 2520 Nam
1552 2499 1654 2530 quum
1685 2500 1721 2522 ca
1751 2493 1863 2524 contio

1002 2541 1116 2572 habita
1146 2541 1188 2572 sit
1222 2551 1240 2572 a
1273 2542 1305 2572 d.
1339 2541 1391 2572 VI
1420 2541 1509 2572 Non.
1538 2541 1610 2574 Oct.
1646 2548 1678 2574 et
1711 2544 1862 2575 Ciceroni

1003 2595 1192 2636 turpissima
1215 2595 1391 2632 videret-ur,
1415 2605 1503 2626 nuuc
1533 2601 1621 2627 certe
1652 2597 1693 2628 de
1721 2597 1785 2628 alia
1815 2607 1861 2629 re-

1002 2648 1149 2679 centiore
1179 2648 1302 2679 scribit.
1349 2648 1462 2688 Atque
1495 2648 1542 2678 bis
1571 2658 1588 2678 a
1621 2648 1762 2680 Canutio
1791 2661 1863 2690 pro·

1002 2702 1138 2733 ductum
1161 2702 1262 2733 fuisse
1285 2702 1503 2734 Octavianum
1527 2703 1625 2733 tradit
1647 2713 1777 2744 quoque
1799 2704 1862 2735 Dio

1001 2754 1112 2785 XLV.
1136 2755 1154 2784 6
1178 2759 1210 2785 et
1233 2754 1282 2784 12.
1308 2753 1358 2785 De
1381 2754 1439 2785 illa
1461 2755 1591 2795 scripsit
1608 2754 1723 2786 Cicero
1738 2755 1861 2794 Cassio,

1001 2808 1042 2839 de
1064 2807 1125 2838 hac
1147 2807 1180 2838 h.
1204 2807 1225 2837 1.
1247 2806 1472 2846 cogitandum.

1048 2859 1257 2890 Certissimum
1268 2877 1308 2882 —
1320 2859 1520 2889 tribunatum.
1532 2859 1569 2889 P.
1580 2859 1739 2891 Servilius
1749 2860 1860 2898 Casca,

1001 2923 1088 2944 unus
1118 2922 1136 2944 e
1164 2913 1408 2953 percussoribus
1440 2913 1596 2948 Caesaris,
1628 2922 1656 2943 a.
1678 2913 1711 2944 d.
1736 2913 1788 2944 IV
1810 2914 1861 2945 Id.

95 2971 249 3004 Van-one
284 2973 370 3014 apud
399 2971 547 3004 Gellium
580 2972 681 3003 XVL
713 2972 752 3002 18
782 2975 878 3008 extr,
912 2982 954 3002 ne
977 2954 979 2976 Α
1004 2966 1081 2997 Dec.
1103 2966 1309 2996 tribunatum
1331 2965 1473 2996 initurus
1498 2972 1576 2996 erat.
1607 2964 1644 2995 Si
1667 2974 1733 2995 non
1760 2966 1860 3006 impc-

96 3028 288 3056 umversu
308 3025 445 3056 Afranii
467 3025 555 3066 apud
577 3024 774 3056 Ciceronem
803 3024 837 3055 in
868 3023 943 3055 sest
1002 3018 1087 3050 diret
1109 3017 1320 3054 Octavianus,
1344 3017 1420 3048 inde
1443 3017 1666 3048 coniecturam
1688 3026 1802 3057 capere
1827 3018 1861 3048 li-

98 3077 157 3109 118
179 3078 250 3110 sine
272 3078 374 3110 dubio
396 3083 550 3120 corrupto
562 3082 595 3109 et
609 3078 754 3118 egregie,
766 3078 831 3109 nisi
843 3077 955 3109 onmia
1002 3072 1106 3110 what:
1144 3081 1209 3112 qua
1243 3078 1353 3102 mente
1392 3072 1424 3101 in
1463 3080 1562 3111 ΓΘΠΨ-
1602 3076 1686 3101 esset
1719 3070 1859 3102 futurus.

96 3141 150 3163 me
171 3131 303 3170 fallunt,
326 3133 501 3164 emendato
524 3143 543 3163 a
566 3132 799 3173 Peerlkampio
831 3132 862 3162 ῑῃ
894 3131 955 3163 Ra.
978 3102 981 3146 Ι
1007 3125 1114 3166 Atque
1144 3125 1197 3155 hic
1233 3123 1345 3160 Casca,
1369 3133 1469 3164 quem
1492 3123 1601 3154 minus
1624 3128 1772 3154 accurate
1797 3124 1860 3156 iam

97 3183 143 3219 vii
166 3184 244 3216 Var.
271 3184 359 3217 Lect.
384 3185 469 3218 libro
491 3195 519 3216 a.
545 3184 627 3215 1834
649 3183 747 3221 edito,
771 3194 802 3225 p.
818 3184 867 3215 49.
891 3183 955 3215 Ne·
979 3164 981 3198 l
1004 3186 1093 3208 8¹¹¹¹0
1123 3177 1183 3209 710
1216 3175 1250 3207 έν-
1288 3177 1353 3208 ³5⁹
1392 3172 1582 3221 ὃημᾶβχῦν)
1615 3175 1713 3208 fuisse
1749 3177 1862 3208 scribit
