2062 3565
781 165 887 207 LIB.
923 166 998 207 IX.
1035 165 1118 208 BP.
1159 168 1196 206 7.
1805 171 1857 206 55

97 318 163 346 ero
195 304 237 345 in
273 302 499 353 Formiano,
535 318 582 343 ne
617 310 688 343 aut
721 302 769 344 ad
805 301 943 343 urbem
978 297 1259 354 ἀπάντησις
1281 316 1369 343 mea
1403 302 1742 343 animadvertatur
1778 308 1861 352 aut,

97 378 130 420 si
174 391 248 419 nec
288 376 353 417 hic
398 391 470 417 nec
514 376 598 417 illic
639 391 731 417 eum
772 374 921 425 videro,
967 374 1188 416 devitatum
1235 389 1275 415 se
1321 391 1344 416 a
1388 389 1448 416 me
1491 379 1620 430 putet.
1666 376 1706 414 ὃ.
1741 374 1861 426 Quod

97 455 231 494 autem
265 450 422 500 suadeS‚
458 454 504 492 ut
537 449 587 490 ab
620 465 666 491 eo
701 454 846 505 petam,
881 454 928 489 ut
960 447 1060 490 mihi
1093 448 1301 499 concedat,
1337 452 1382 489 ut
1414 448 1521 489 idem
1544 446 1719 489 tribuam
1744 448 1860 489 Poin-

98 524 200 581 peio,
251 523 359 578 quod
401 524 479 579 ipsi
520 523 745 574 tribuerim,
787 522 828 564 id
873 537 936 564 me
969 523 1047 563 iam
1084 521 1236 578 pridem
1271 536 1385 577 agere
1419 521 1619 576 intelliges
1652 536 1699 562 ex
1735 521 1860 562 literis

97 596 215 668 Ba'lbi
255 601 296 638 et
335 597 472 652 Oppii,
516 611 684 652 quarum
733 596 913 650 exempla
946 594 1022 636 tibi
1056 595 1160 636 misi.
1213 594 1307 635 Misi
1342 594 1460 635 etiam
1497 593 1677 636 Caesaris
1711 594 1761 635 ad
1795 609 1861 635 eos
1904 607 1916 630 ³

97 685 194 713 sana
226 676 360 712 mente
392 671 575 726 scriptas,
611 669 810 725 quomodo
843 669 886 709 in
920 674 1031 710 tanta
1063 669 1234 710 insania.
1270 668 1339 709 Sin
1375 667 1473 708 mihi
1507 668 1651 708 Caesar
1687 666 1761 708 hoc
1782 682 1860 709 non

98 742 306 793 concedat,
341 742 457 785 video
500 742 577 784 tibi
622 742 774 798 placere
807 740 923 790 illud,
960 755 1020 781 me
1054 736 1324 797 πολίτευμα
1358 740 1407 780 de
1442 754 1536 795 pace
1570 741 1784 796 suscipere,
1820 742 1860 782 in

97 832 176 873 quo
222 832 303 859 non
352 817 568 858 extimesco
612 815 848 872 periculum.
898 814 1036 866 Quum
1083 814 1188 855 enim
1241 819 1301 855 tot
1348 814 1621 870 impendeant,
1666 829 1736 855 cur
1780 830 1861 856 non

98 890 379 932 honestissimo
423 889 621 945 depecisci
665 887 810 929 velim?
850 886 927 929 Sed
971 901 1119 937 vereor,
1165 902 1214 928 ue
1262 887 1452 942 Pompeio
1493 886 1589 941 quid
1624 888 1755 929 oneris
1788 889 1860 930 im-

97 978 257 1020 ponam,

282 1062 351 1120 μή
382 1077 472 1120 μοι
507 1061 734 1121 γοργει-ἠν
767 1056 986 1116 κεφαλὴν
1017 1052 1202 1103 δεινοῖο
1235 1056 1445 1117 πελώρου

96 1165 339 1220 intorqueat.
374 1162 608 1205 Mirandum
641 1162 747 1203 enim
780 1161 823 1202 in
857 1159 1021 1201 modum
1053 1159 1212 1200 Gnaeus
1252 1166 1386 1201 noster
1419 1160 1575 1203 Sullani
1609 1164 1721 1218 regni
1755 1164 1862 1205 simi-

96 1238 310 1280 litudinem
355 1236 601 1292 concupivit.
656 1227 820 1285 Είδώς
865 1248 947 1277 σοι
980 1230 1117 1292 λέγω.
1156 1232 1274 1274 Nihil
1307 1232 1374 1274 ille
1417 1248 1593 1288 unquam
1627 1236 1762 1277 minus
1795 1235 1863 1276 ob·

97 1327 211 1354 scure
254 1311 363 1354 tulit.
414 1310 518 1352 Cum
566 1309 711 1350 hocine
755 1308 894 1363 igitur,
939 1307 1113 1362 inquieS,
1158 1321 1242 1347 esse
1294 1306 1381 1348 vis?
1426 1307 1672 1350 Beneficium
1705 1324 1862 1364 sequor,

95 1384 196 1426 mihi
239 1384 370 1435 crede,
419 1399 500 1426 non
553 1397 728 1426 causam.
788 1383 852 1437 [ut
894 1382 937 1423 in
982 1381 1152 1432 Milone,
1200 1386 1244 1421 ut
1295 1381 1337 1421 in
1376 1413 1383 1421 .
1422 1413 1430 1421 .
1468 1412 1476 1422 .
1527 1380 1605 1423 Sed
1648 1381 1861 1437 hactenus]

99 1460 138 1498 4.
183 1457 315 1500 Causa
355 1458 480 1513 igitur
528 1473 610 1499 non
653 1456 759 1498 bona
804 1456 895 1497 est?
951 1455 1080 1496 lmmo
1126 1455 1291 1509 optima,
1337 1453 1403 1495 sed
1451 1458 1606 1509 agetur,
1649 1459 1863 1506 memento,

95 1529 337 1573 foedissime.
372 1531 553 1573 Primum
586 1529 799 1572 consilium
832 1533 893 1570 est
927 1529 1120 1570 suffocare
1154 1527 1293 1569 urbem
1328 1532 1368 1569 et
1396 1527 1556 1570 Italiam
1579 1527 1696 1578 fame,
1719 1528 1864 1570 deinde

94 1618 209 1658 agros
241 1608 410 1655 vastare,
444 1619 573 1655 urere,
607 1604 791 1660 pecuniis
824 1601 1088 1658 locupletium
1121 1616 1203 1643 non
1217 1593 1437 1643 mstinere.
1473 1601 1550 1644 Sed
1578 1616 1703 1657 quum
1726 1601 1864 1644 eadem

94 1681 268 1719 metuam
303 1676 352 1719 ab
386 1677 461 1719 hac
494 1681 621 1733 parte,
656 1677 690 1718 si
721 1676 835 1718 illinc
868 1675 1109 1717 beneficium
1143 1690 1224 1716 non
1259 1675 1326 1726 sit,
1359 1674 1509 1717 rectius
1541 1678 1680 1731 putem
1705 1675 1865 1730 quidvis

94 1749 203 1792 domi
245 1751 413 1808 perpeti.
459 1751 537 1794 Sed
570 1751 628 1793 ita
660 1750 852 1792 meruisse
886 1748 1001 1790 illum
1036 1747 1084 1789 de
1118 1763 1181 1789 me
1215 1754 1327 1804 puto,
1361 1752 1409 1789 ut
1441 1744 1758 1806 ἀχαριστίας
1790 1749 1864 1790 cri-

94 1838 187 1865 men
221 1822 354 1866 subire
387 1840 469 1866 non
502 1824 686 1866 audeam.
727 1824 981 1877 Quamquam
1015 1837 1037 1862 a
1070 1826 1109 1862 te
1143 1822 1229 1862 eius
1264 1836 1422 1876 quoque
1456 1821 1512 1862 rei
1545 1821 1652 1862 iusta
1685 1821 1864 1863 defensio

94 1901 154 1938 est
197 1898 409 1952 explicata.
458 1900 497 1939 5.
547 1898 607 1939 De
640 1896 846 1952 triumpho
880 1895 955 1937 tibi
991 1895 1199 1945 assentior,
1236 1910 1353 1950 quem
1388 1893 1550 1949 quidem
1585 1899 1714 1936 totum
1750 1895 1863 1937 facile

138 2061 176 2092 14
197 2061 294 2093 hocne
315 2080 355 2084 —
379 2063 416 2093 15
441 2064 474 2093 ut
497 2062 529 2092 z'n.
554 2061 681 2100 Milone,
705 2066 739 2094 ut
763 2043 845 2093 272...
867 2062 927 2092 Sed
948 2061 1100 2092 hactenus
1122 2059 1192 2091 sine
1215 2059 1380 2091 cancellis.
1405 2076 1442 2082 —
1467 2059 1506 2089 18
1528 2059 1725 2100 locupletam.

136 2212 155 2252 ξ
178 2214 207 2243 3.
234 2210 271 2242 Ut
282 2209 363 2241 idem
380 2210 513 2241 tribuam
532 2209 579 2247 P„
603 2210 685 2251 quod
705 2209 767 2250 ipsi
790 2209 951 2240 tribuerim
1038 2206 1128 2237 Nihil
1156 2216 1292 2247 unquam
1319 2206 1419 2237 mimas
1452 2205 1580 2237 obscure
1610 2206 1697 2237 tulit.
1732 2206 1864 2238 Cluent.

94 2275 127 2296 o:
151 2273 194 2296 ne
215 2272 288 2304 eg0‚
318 2262 375 2303 qui
399 2263 554 2294 adversus
577 2262 752 2294 Caesarem
773 2272 863 2293 arma
884 2272 951 2293 non
995 2262 1036 2291 54
1068 2270 1163 2301 neque
1195 2259 1231 2290 id
1262 2259 1389 2290 obscure
1407 2258 1547 2299 fi’rebal,
1571 2268 1628 2290 nec
1663 2258 1864 2291 dissimulare

93 2315 298 2358 sumpserim,
311 2321 427 2346 contra
439 2315 736 2356 Pompeiumarma
746 2315 830 2348 ferre
841 2325 952 2356 cogar.
995 2312 1060 2343 ullo
1082 2311 1169 2342 modo
1184 2313 1325 2352 poterat.
1348 2311 1462 2342 Plano.
1485 2312 1536 2343 34.
1559 2321 1627 2342 eum
1650 2312 1789 2343 dolorem
1811 2312 1863 2343 hic

138 2368 294 2410 Quomodo
314 2368 349 2398 in
371 2369 466 2398 tanta
486 2367 615 2398 insania
637 2367 679 2399 cf.
700 2368 775 2399 adn.
798 2368 951 2400 adV111.
996 2366 1072 2397 tulit
1089 2365 1205 2406 paullo
1228 2365 1380 2405 apertius.

94 2423 132 2454 15
154 2422 198 2460 A,
220 2423 250 2454 2.

134 2474 366 2506 Honestissimo
402 2473 563 2515 depecisci.
598 2473 770 2515 Depecisci
806 2474 954 2515 periculo

93 2535 144 2561 est
172 2529 272 2560 talem
300 2528 487 2570 pactionem
518 2527 613 2565 inire,
639 2532 675 2558 ut
704 2537 746 2559 ne
768 2528 953 2568 periculum

92 2581 228 2623 quidem
271 2590 413 2618 recuses,
454 2587 492 2612 ut
535 2581 756 2612 Ruhnkenius
800 2581 835 2612 in
875 2582 950 2613 Ter.

93 2635 227 2667 Phorm.
250 2635 279 2667 Ι.
301 2636 330 2673 3,
354 2636 394 2666 14
415 2635 560 2667 similem
581 2635 784 2667 locutionem
801 2635 954 2676 depecisci

93 2691 191 2721 morte
233 2689 386 2730 explicat.
429 2689 491 2720 Est
527 2689 700 2726 ablativus,
742 2689 801 2730 qui
835 2689 954 2720 dicitur

92 2743 198 2784 pretii.
228 2761 270 2767 —-
290 2743 469 2783 depeciscor
490 2747 601 2774 autem
624 2747 656 2774 et
683 2742 821 2784 defetiyo
842 2743 878 2774 in
899 2753 956 2784 op·

92 2796 181 2828 timis
203 2797 296 2828 libris
319 2796 488 2828 Ciceronis
517 2801 549 2828 et
577 2796 726 2828 Terentii
753 2805 812 2836 per
840 2807 857 2827 e
878 2797 953 2828 scri-

95 2851 225 2888 buntur,
264 2855 300 2882 ut
337 2851 442 2891 vulgo
476 2849 636 2891 impertior
672 2860 691 2880 a
720 2850 857 2891 partior.
886 2851 952 2882 vid.

92 2904 277 2945 Malaspina
307 2905 348 2935 ad
377 2904 410 2935 h.
437 2904 459 2934 l.
483 2903 651 2934 Victorius
681 2904 717 2934 in
740 2904 825 2935 curis
848 2905 952 2936 tertiis

92 2958 127 2999 in
156 2958 264 2999 epistt.
292 2958 333 2989 ad
361 2957 455 2989 Fam.
486 2957 529 2987 V.
561 2957 609 2995 14,
641 2958 667 2988 l.
699 2958 888 2990 &Vundems
912 2960 952 2990 ad

93 3009 206 3043 Plane.
229 3011 279 3043 11.
302 3012 343 3043 In
369 3012 446 3042 Med
478 3011 532 3042 hic
555 3017 603 3042 est
625 3011 794 3052 depacisci.

133 3064 196 3096 Sed
216 3075 335 3103 vereor,
356 3075 395 3096 ne
420 3064 562 3105 Pompeio
573 3065 649 3106 quid
667 3066 772 3096 oneris
787 3065 950 3106 imponam,

92 3123 152 3150 cet.
181 3129 214 3150 a:
245 3128 287 3150 ne
316 3120 358 3150 de
386 3128 465 3160 pace
486 3127 588 3159 agens
611 3118 770 3160 Pompeio
792 3119 950 3151 molestus

91 3171 154 3202 sim
175 3177 208 3203 et
229 3171 286 3204 ille
308 3172 428 3203 iratum
450 3171 579 3203 vultum
601 3171 684 3204 mihi
704 3173 864 3204 ostendat.

1041 2420 1174 2452 Hocine.
1197 2421 1251 2452 Ita
1274 2421 1404 2452 correxi
1427 2420 1623 2462 scripturam
1646 2420 1739 2451 codd.
1753 2420 1859 2457 hocne,

999 2482 1034 2508 ut
1055 2477 1151 2508 iussit
1171 2476 1284 2507 Madv.
1307 2477 1349 2507 ad
1369 2476 1444 2507 Fin.
1467 2486 1498 2517 p.
1522 2475 1572 2509 75.

1042 2529 1102 2572 [Ut
1130 2529 1165 2561 in
1194 2529 1329 2567 Milone,
1358 2531 1394 2560 ut
1423 2530 1460 2561 in
1483 2552 1491 2561 .
1516 2552 1523 2560 .
1548 2553 1555 2560 .
1590 2528 1652 2559 Sed
1680 2527 1859 2569 hactenus]

999 2584 1093 2616 Haec
1113 2584 1243 2622 seclusi,
1266 2594 1351 2626 quae
1376 2583 1536 2616 Schutzio
1558 2592 1690 2624 quoque
1712 2583 1861 2623 displice-

1000 2639 1089 2670 bant.
1111 2639 1199 2670 Nam
1222 2639 1256 2669 in
1280 2638 1409 2670 Milone
1431 2636 1639 2669 defendendo
1661 2646 1728 2668 non
1751 2636 1859 2667 solum

1000 2696 1131 2733 gratum
1154 2692 1303 2723 animum
1325 2691 1513 2728 declaravit,
1537 2691 1593 2722 sed
1608 2689 1767 2731 optimam
1784 2699 1860 2720 cau-

999 2756 1070 2777 sam
1091 2746 1247 2778 defendit.
1271 2746 1361 2777 Tum
1382 2745 1538 2777 inusitata
1560 2748 1609 2776 est
1627 2744 1771 2775 nominis
1787 2743 1859 2774 reti-

999 2800 1107 2831 centia
1129 2800 1163 2830 in
1186 2809 1240 2830 vv.
1263 2801 1298 2830 ut
1316 2799 1412 2830 im...
1435 2798 1564 2830 Deinde
1593 2798 1675 2829 bene
1700 2796 1859 2828 Graevius

999 2852 1151 2884 observat
1173 2851 1263 2883 Tull.
1287 2860 1356 2883 esse
1375 2850 1433 2881 sed
1444 2851 1522 2881 leaeo
1536 2850 1697 2886 hactenus,
1716 2849 1803 2880 male
1816 2858 1858 2880 ex

999 2904 1204 2944 interpolatis
1226 2903 1394 2934 codicibus
1416 2903 1484 2935 suis
1499 2902 1578 2933 haec
1594 2902 1722 2942 recepit.
1745 2900 1857 2941 Atque

999 2957 1033 2988 in
1062 2956 1112 2994 iis,
1139 2966 1225 2998 quae
1255 2962 1445 2997 sequuntur,
1483 2956 1620 2996 scriptor
1650 2954 1787 2985 minime
1817 2954 1856 2983 ad

998 3009 1063 3040 alia
1092 3009 1218 3046 transit,
1246 3009 1302 3039 sed
1325 3008 1360 3039 in
1383 3008 1498 3039 eodem
1521 3011 1715 3048 argumento
1738 3005 1854 3046 pergit.

1038 3063 1056 3103 ξ
1084 3065 1114 3094 4.
1146 3063 1309 3094 Memento.
1343 3077 1356 3088 υ
1369 3063 1425 3094 Me
1455 3062 1517 3093 hoc
1539 3061 1598 3092 tibi
1622 3059 1855 3102 p1·aedixisse''.

1001 3118 1024 3148 1.
1047 3117 1085 3148 F.
1107 3116 1208 3149 Gron.

1040 3171 1058 3210 ξ
1096 3172 1122 3201 5.
1161 3170 1208 3200 De
1243 3169 1399 3210 triumpho
1432 3168 1488 3200 eibi
1516 3168 1683 3199 assentior.
1723 3166 1855 3198 JPlacet

1886 980 1919 1006 1⁴)

1885 1396 1919 1423 15

1886 1772 1919 1797 20
