2062 3565
213 161 267 196 δυ
618 157 702 198 ΕΡ.
737 156 813 197 AD
846 156 892 195 Τ.
928 153 1278 196 POMPONIUM
1312 153 1577 195 ATTICUM.

210 290 270 332 De
320 291 510 341 Domitio,
555 299 598 331 ut
644 290 754 340 facis,
801 291 1001 330 sciscitare
1047 287 1115 329 ubi
1161 288 1226 338 sit,
1260 288 1357 343 quid
1391 289 1553 343 cogitet.
1608 291 1648 329 5.
1682 288 1801 341 Quod
1837 287 1978 331 scribis

209 366 386 421 asperius
420 380 494 415 me,
530 379 648 418 quam
683 363 758 404 mei
791 363 995 418 patiantur
1029 375 1170 411 mores,
1205 360 1254 402 de
1279 361 1472 417 Dionysio
1496 361 1715 417 scripsisse,
1745 362 1834 404 vide
1858 378 1977 418 quam

210 439 281 479 sim
327 437 583 492 antiquorum
628 435 850 477 hominum.
899 435 955 476 Te
995 433 1270 475 mediusfidius
1304 433 1408 475 hanc
1441 449 1523 476 rem
1557 434 1718 489 gravius
1751 436 1890 492 putavi
1922 435 1978 476 la·

209 515 344 552 turum
378 525 461 551 esse
497 525 615 565 quam
649 524 726 550 me.
762 509 868 550 Nam
902 513 1176 564 praeterquam
1211 507 1320 562 quod
1352 513 1392 549 te
1426 507 1574 549 moveri
1607 507 1778 550 arbitror
1797 512 1978 564 oportere

175 594 189 619 5
209 583 368 634 iniuria,
403 597 503 638 quae
539 583 637 624 mihi
671 598 694 623 a
727 597 926 638 quoquam
961 581 1067 622 facta
1101 582 1167 632 sit,
1207 585 1409 637 praeterea
1440 586 1480 622 te
1513 581 1645 637 ipsum
1668 582 1839 637 quodam
1859 583 1978 624 modo

209 656 273 696 hic
308 656 481 708 violavit,
517 671 639 711 quum
673 657 715 696 in
749 671 808 696 me
842 660 922 696 tam
956 653 1160 709 improbus
1195 653 1285 695 fuit.
1339 653 1416 695 Sed
1450 659 1495 695 tu
1529 654 1571 695 id
1605 655 1745 708 quanti
1778 655 1976 708 aestimes,

209 739 321 770 tuum
356 729 550 771 iudicium
584 736 657 779 est,
692 744 764 771 nec
797 734 930 770 tamen
963 728 1006 768 in
1041 727 1115 768 hoc
1148 726 1224 768 tibi
1258 726 1479 782 quidquam
1512 728 1645 769 oneris
1678 728 1856 784 impono.
1890 729 1977 784 Ego

209 807 340 843 autem
384 802 495 844 illum
544 803 643 844 male
688 818 829 844 sanum
871 816 1024 857 semper
1068 803 1219 857 putavi,
1254 816 1362 842 nunc
1399 802 1516 843 etiam
1551 801 1751 857 impurum
1785 807 1826 844 et
1857 802 1977 844 scele-

209 880 337 916 ratum
382 881 494 930 puto,
540 891 613 917 nec
658 882 791 918 tamen
838 875 939 918 mihi
981 874 1242 916 inimiciorem
1286 890 1405 930 quam
1438 874 1530 916 sibi.
1585 875 1820 932 Philargyro
1854 875 1976 927 bene3

156 963 189 988 10
209 963 366 990 causam
400 954 505 990 certe
540 948 715 991 habuisti
750 954 790 990 et
819 963 950 990 veram
984 954 1023 988 et
1057 946 1216 998 bonam,
1251 947 1434 988 relictum
1468 963 1552 989 esse
1597 963 1658 990 me
1692 950 1825 1004 potius
1858 964 1977 1004 quam

210 1022 428 1077 reliquisse.
479 1026 520 1064 6.
571 1022 706 1075 Quum
758 1022 955 1064 dedissem
999 1023 1076 1062 iam
1123 1021 1256 1063 literas
1291 1037 1327 1062 a.
1361 1020 1401 1061 d.
1438 1035 1537 1062 vm.
1571 1021 1680 1073 Kal„
1716 1023 1842 1078 pueri,
1877 1037 1976 1078 quos
2028 1034 2031 1035 ’

212 1096 338 1150 [Cum]
379 1096 504 1138 Matio
538 1102 577 1136 et
610 1095 799 1137 Trebatio
834 1096 1029 1144 miseram,
1064 1093 1271 1149 epistolam
1308 1093 1403 1135 mihi
1427 1094 1651 1136 attulerunt
1674 1094 1748 1136 hoc
1773 1095 1975 1151 exemplo:
2019 1111 2023 1113 “

1077 1216 1125 1250 Α.

552 1303 745 1340 MATIUS
778 1303 839 1340 ET
868 1301 1157 1340 TREBATIUS
1187 1301 1434 1339 CICERONI
1464 1302 1572 1340 IMP.
1601 1302 1634 1340 S.

158 1410 188 1435 15,
273 1393 406 1445 Quum
442 1393 581 1449 Capua
613 1394 844 1444 exissemus,
889 1393 929 1434 in
976 1394 1117 1434 itinere
1162 1393 1387 1435 audivimus
1422 1394 1657 1450 Pompeium
1692 1395 1908 1437 Brundisio
1941 1410 1979 1437 a.

211 1465 251 1506 d.
306 1481 392 1508 xvr.
444 1466 617 1508 Kalend.
673 1466 798 1523 April.
841 1481 930 1507 011111
979 1465 1165 1507 omnibus
1215 1467 1353 1522 copiis,
1390 1482 1489 1522 quas
1523 1466 1723 1519 habuerit,
1757 1467 1979 1524 profectum

212 1554 316 1581 esse:
362 1540 567 1582 Caesarem
609 1548 766 1596 postero
809 1540 873 1581 die
908 1541 948 1581 in
983 1539 1172 1596 oppidum
1209 1541 1407 1591 introisse,
1443 1542 1715 1582 contionatum
1752 1557 1852 1593 esse,
1885 1541 1979 1583 iude

213 1613 376 1654 Romam
423 1614 688 1665 contendisse,
737 1614 834 1655 velle
880 1622 972 1655 ante
1018 1613 1189 1654 Kalend.
1222 1629 1306 1655 esse
1341 1613 1390 1654 ad
1428 1613 1562 1655 urbem
1596 1619 1637 1656 et
1669 1615 1861 1670 pauculos
1894 1614 1978 1656 dies

215 1685 268 1727 ibi
305 1689 550 1738 commorari,
587 1687 731 1729 deinde
762 1689 803 1729 in
848 1688 1064 1743 Hispania-s
1106 1688 1315 1743 proficisci.
1362 1687 1492 1729 Nobis
1526 1703 1607 1728 11011
1641 1688 1815 1730 alienum
1849 1689 1980 1730 visum
2035 1744 2038 1745 ⁷

160 1779 193 1803 ευ
214 1765 287 1810 est,
333 1761 520 1814 quoniam
572 1760 620 1801 de
665 1760 841 1802 adventu
887 1760 1066 1801 Caesaris
1112 1775 1181 1816 pro
1232 1765 1339 1800 certo
1389 1759 1648 1810 habebamus,
1683 1775 1825 1816 pueros
1858 1760 1908 1802 ad
1941 1766 1982 1802 te

214 1834 428 1884 remittere,
466 1839 509 1875 ut
543 1834 582 1875 id
617 1841 661 1875 tu
696 1850 815 1889 quam
849 1835 1017 1890 primurn
1064 1835 1198 1874 scires.
1255 1833 1451 1875 Mandata
1483 1838 1553 1874 tua
1587 1833 1703 1875 nobis
1736 1848 1853 1876 curae
1887 1840 1983 1876 sunt

215 1921 352 1962 eaque,
388 1914 432 1948 ut
465 1914 623 1962 teinpus
657 1907 883 1963 postularit,
919 1922 1094 1962 agemus.
1129 1904 1341 1948 Trebatius
1375 1906 1513 1948 sedulo
1549 1905 1645 1948 facit
1680 1911 1723 1948 ut
1757 1906 1982 1949 antecedat.

258 2083 277 2113 9
299 2083 373 2114 bene
394 2084 531 2121 curasti;
555 2094 680 2116 causant
707 2104 741 2108 —
766 2086 803 2116 11
826 2095 900 2127 quos
923 2096 988 2118 eum
1015 2085 1116 2117 Matio
1140 2105 1179 2109 —
1203 2087 1239 2117 15
1263 2086 1420 2118 audimus
1442 2105 1482 2109 —
1505 2088 1543 2118 18
1558 2096 1678 2127 paucos
1703 2104 1743 2109 —

219 2236 281 2274 beo,
305 2246 401 2277 neque
422 2236 539 2276 scripta
561 2236 665 2267 habui.
689 2235 814 2267 Liceras
839 2247 856 2267 e
878 2238 930 2267 via
952 2237 1022 2268 misi
1037 2237 1082 2268 ad
1100 2276 1101 2279 Ἰ
1165 2238 1184 2278 ξ
1207 2237 1226 2268 6
1269 2237 1373 2276 Pueri,
1395 2248 1470 2280 quo-s·
1492 2249 1558 2269 cum
1589 2238 1690 2271 Matio
1711 2242 1744 2272 et
1768 2240 1911 2272 Trebatio
1931 2239 1985 2270 mi-

220 2292 251 2321 te
272 2292 358 2327 (mle,
381 2300 397 2320 e
418 2289 525 2331 quibus
547 2290 699 2320 mandata
721 2293 801 2331 puto
822 2291 962 2332 intelliyi
977 2301 1080 2332 posse.
1122 2299 1235 2322 seram.
1280 2291 1379 2323 Recte
1401 2292 1482 2323 vidit
1501 2293 1686 2334 Malaspina
1707 2293 1984 2334 praepositionem

221 2344 340 2376 Refero
362 2351 471 2375 autem
494 2345 535 2375 ad
567 2345 681 2375 eadem
711 2345 770 2376 ilia
800 2347 962 2384 mandata,
997 2357 1080 2388 quae
1101 2380 1103 2393 Ι
1124 2352 1190 2373 cum
1220 2353 1290 2375 esse
1313 2344 1488 2375 delendam
1533 2345 1619 2376 Nam
1643 2346 1790 2377 Matium
1812 2350 1844 2376 et
1865 2345 1986 2377 Treba·

221 2398 262 2429 L.
286 2397 405 2429 Caesar
428 2398 468 2428 ad
492 2397 688 2438 Pompeium
709 2399 836 2430 detulit.
879 2399 928 2431 De
954 2400 992 2431 iis
1015 2401 1081 2441 agi·
1101 2399 1103 2412 ¹
1126 2397 1209 2428 tium
1232 2408 1298 2428 non
1322 2404 1539 2436 convenerat3
1563 2400 1731 2440 quomodo
1754 2399 1857 2441 igitur
1877 2408 1985 2440 quove

223 2456 276 2481 tur
298 2450 356 2480 lib.
378 2450 459 2480 VH.
483 2459 532 2490 ep.
556 2450 690 2480 13—15.
1124 2453 1264 2485 consilio
1294 2464 1410 2495 pueros
1441 2465 1517 2486 cuni
1546 2455 1586 2486 iis
1608 2455 1775 2487 misisset?
1798 2454 1984 2487 Gronovius

266 2506 284 2544 ξ
307 2506 335 2534 5.
359 2502 533 2544 Scmfflisse,
559 2514 609 2545 ep.
633 2499 682 2542 12,
706 2506 724 2535 2
747 2505 779 2536 h.
803 2505 824 2536 1.
1100 2501 1103 2551 ᾖ
1125 2508 1255 2539 volebat
1277 2510 1403 2549 legere:
1427 2520 1503 2552 quos
1527 2510 1580 2542 Cn.
1596 2510 1697 2542 ‚ilatio
1711 2517 1773 2542 cet.
1795 2509 1862 2542 Sed
1878 2509 1985 2542 Matio

271 2556 348 2588 Vide
379 2567 468 2599 quam
482 2557 535 2588 sim
549 2558 745 2600 antiquorum
761 2559 915 2590 hominum
931 2569 964 2590 o:
984 2569 1080 2601 quam
1101 2554 1104 2608 ’1
1125 2569 1195 2594 erat
1216 2573 1415 2603 praenomen
1441 2564 1544 2602 Caius,
1565 2570 1597 2596 et
1620 2564 1735 2596 Cicero
1757 2565 1792 2596 in
1804 2565 1855 2596 his
1869 2564 1986 2606 episto-

227 2611 421 2653 simpliciter
450 2617 483 2643 et
513 2612 651 2644 candide
673 2617 782 2644 tecum
806 2623 911 2654 agam.
937 2613 977 2644 cf.
1000 2609 1105 2651 Mat-'2
1127 2618 1167 2649 lis
1191 2628 1266 2650 eum
1289 2629 1417 2661 semper
1438 2620 1509 2651 solo
1532 2620 1668 2652 nomine
1687 2620 1840 2662 appellat.
1863 2620 1905 2652 cfi
1917 2619 1950 2650 h.
1962 2619 1985 2650 1.

229 2665 315 2696 thiae
337 2666 378 2696 ad
400 2670 481 2696 orat.
503 2675 533 2706 p.
557 2665 652 2696 Rosc.
675 2667 753 2697 Am.
776 2666 826 2698 26.
1102 2657 1106 2709 l
1129 2673 1177 2710 11,
1201 2674 1229 2704 2,
1258 2674 1303 2711 12,
1328 2675 1355 2704 l.
1380 2675 1428 2711 13,
1451 2676 1480 2706 4.
1505 2674 1554 2712 17,
1579 2675 1606 2705 1.
1623 2674 1726 2714 pueri,
1750 2675 1838 2715 quod
1851 2674 1886 2705 in
1898 2673 1989 2706 Med.

271 2718 358 2749 Male
389 2727 497 2749 sanum
532 2728 564 2749 o:
598 2729 664 2750 uon
698 2721 797 2766 satis„
820 2730 887 2751 11011
907 2715 1106 2752 admodum!
1131 2727 1254 2767 legitur
1275 2732 1348 2768 post
1369 2727 1482 2766 Matio,
1506 2729 1615 2769 itaque
1637 2729 1747 2760 alieno
1769 2728 1855 2764 1000,
1877 2731 1988 2759 utrum

229 2782 356 2809 sanum,
386 2771 483 2812 Belg.
518 2772 583 2803 niet
612 2773 670 2803 wel
701 2773 744 2814 bgj
776 2774 842 2814 zzjy‘n
866 2775 1025 2805 verstand.
1046 2774 1087 2805 cf.
1133 2788 1210 2814 ante
1239 2793 1324 2824 quos,
1355 2793 1396 2814 an
1427 2790 1500 2824 post
1527 2784 1669 2814 miseram
1692 2783 1770 2825 poni
1793 2783 1920 2820 debeat,
1942 2782 1991 2814 ῐῃ.

230 2826 341 2857 Hand.
367 2826 463 2856 Turs.
487 2825 552 2856 III.
576 2836 606 2867 p.
631 2828 700 2858 584.
1133 2841 1259 2867 certum
1281 2842 1338 2867 est.

273 2881 464 2922 Philargyro
486 2880 570 2911 bene.
593 2881 681 2913 Med.
705 2892 765 2914 nec
787 2883 876 2914 ullus
895 2882 980 2915 liber
992 2888 1090 2914 notus
1179 2891 1211 2922 T,
1240 2891 1350 2922 Sedulo
1364 2890 1468 2937 sac-52,
1499 2894 1534 2922 ug
1563 2892 1732 2923 antecedat
1755 2901 1790 2923 ς),
1815 2891 1854 2922 Τ,
1877 2890 1992 2923 sedulo

236 2936 372 2967 verbum
394 2934 494 2965 addit.
530 2934 698 2966 Victorius
720 2942 808 2968 recte
830 2937 959 2968 monuit
983 2937 1091 2968 omitti
1133 2948 1234 2981 curat,
1256 2949 1293 2974 ut
1315 2948 1390 2975 ante
1413 2943 1587 2976 Caesarem
1606 2949 1638 2975 te
1649 2943 1825 2975 conveniat
1835 2947 1868 2974 et
1882 2947 1991 2974 tecum

232 2987 423 3030 respondisti
443 2987 497 3019 vel
520 2988 651 3029 aliquod
673 2990 781 3022 simile
803 2990 952 3022 verbum.
979 2990 1090 3029 Quem
1135 2995 1275 3027 consilia
1296 2996 1395 3027 ineat,
1418 2995 1459 3027 cf,
1481 3006 1532 3037 ep,
1556 2996 1603 3034 17,
1628 2996 1656 3027 1,
1683 2996 1749 3027 Pro
1771 2995 1881 3035 sedulo
1902 2994 1993 3026 Med.

233 3044 320 3074 dicat
341 3039 547 3087 φιλάργυρον
572 3040 772 3081 ignoramus.
788 3074 793 3077 ⁷
807 3041 956 3074 Coniicio
979 3047 1088 3074 tamen
1136 3050 1219 3081 mire
1240 3050 1340 3081 habet
1363 3050 1527 3088 Scaevola,
1550 3050 1638 3091 quod
1659 3043 1872 3080 Hofmannus
1894 3048 1928 3079 in
1942 3057 1992 3088 ep.

234 3100 280 3131 sic
303 3098 460 3140 appellari
482 3098 590 3139 ipsum
623 3097 821 3138 Dionysium
844 3099 887 3130 ob
908 3100 1088 3132 avaritiam.
1136 3103 1196 3135 sel.
1219 3104 1342 3144 recepit
1365 3108 1397 3135 et
1418 3113 1475 3145 per
1497 3104 1606 3135 iocum
1631 3103 1783 3144 explicat,
1804 3102 1908 3133 tribui
1929 3101 1991 3132 hoe

236 3153 275 3184 cf·
302 3152 342 3189 X,-
369 3152 416 3188 16,
440 3152 468 3181 l·
1138 3168 1258 3191 nomen
1275 3159 1431 3190 Trebatio
1453 3160 1581 3197 Testae,
1605 3165 1639 3190 ut
1662 3159 1703 3191 sit
1726 3159 1808 3191 alter
1826 3157 1994 3194 Scaevola,
