2062 3565
103 1073 137 1100 10

100 1447 135 1473 15

169 133 252 173 266
567 133 651 174 ΕΡ.
696 133 762 174 &D
795 133 841 174 T.
877 134 1229 177 POMPONIUM
1264 136 1528 178 ATTICUM.

793 346 841 386 L.
908 346 973 398 (A.
1015 346 1059 387 U.
1099 347 1140 387 C.
1180 348 1298 402 709.)

226 473 265 512 1.
301 472 544 513 Admonitus
577 471 819 527 quibusdam
851 473 934 514 tuis
967 473 1108 524 literis,
1144 479 1190 515 ut
1223 474 1273 515 ad
1308 474 1518 516 Caesarem
1551 474 1755 517 uberiores
1788 476 1925 518 literas

160 546 319 587 mittere
351 544 618 596 instituerem,
654 560 779 600 quum
811 546 912 588 mihi
945 545 1098 588 Balbus
1131 562 1258 603 nuper
1291 548 1334 589 in
1366 548 1580 589 Lanuvino
1614 548 1781 591 dixisset
1813 565 1855 591 58
1887 557 1928 591 et

161 618 338 674 Oppium
383 619 586 674 scripsisse
620 619 670 660 ad
714 620 924 676 Caesarem
957 635 1020 661 me
1053 620 1196 676 legisse
1230 621 1354 663 libros
1388 628 1527 664 contra
1561 622 1756 664 Catonem
1789 628 1830 664 et
1863 638 1927 664 ve-

160 690 366 733 hementer
408 692 610 748 probasse,
661 693 880 749 conscripsi
914 693 963 735 de
997 693 1060 735 his
1092 694 1191 750 ipsis
1223 694 1337 737 libris
1370 695 1582 751 epistolam
1615 696 1789 747 Caesari,
1824 711 1926 751 quae

160 764 380 806 deferretur
412 764 462 806 ad
496 764 744 806 Dolabellam
756 784 767 817 ;
803 766 872 807 sed
905 767 991 808 eius
1024 767 1253 822 exemplum
1285 768 1377 810 misi
1401 768 1451 810 ad
1475 768 1654 824 Oppium
1675 773 1716 810 et
1739 767 1926 820 Balbum,

160 839 379 895 scripsique
413 838 463 880 ad
497 854 578 889 eos,
612 844 657 880 ut
689 843 777 880 tum
811 838 956 880 deferri
986 839 1036 881 ad
1070 839 1322 882 Dolabellam
1355 840 1542 882 iuberent
1576 856 1684 883 meas
1716 841 1868 893 literaS,
1893 842 1927 883 si

158 912 235 967 ipsi
268 913 495 969 exemplum
528 911 777 968 probassent.
812 913 877 954 Ita
910 912 1010 954 mihi
1042 913 1334 969 rescripserunt
1366 914 1468 956 nihil
1502 930 1682 970 unquam
1715 930 1756 956 se
1782 914 1927 970 legisse

159 986 300 1028 melius
334 987 622 1043 epistolamque
656 1002 783 1028 meam
817 987 1024 1028 iusserunt
1055 986 1141 1028 dari
1174 986 1422 1029 Dolabellae.
1460 991 1500 1029 2.
1535 987 1746 1030 Vestorius
1779 988 1831 1030 ad
1863 1003 1927 1030 me

158 1061 332 1117 scripsit,
376 1066 424 1103 ut
468 1060 648 1103 iuberem
690 1060 892 1116 mancipio
934 1059 1020 1102 dari
1064 1075 1176 1102 servo
1222 1075 1295 1102 suo
1338 1076 1408 1116 pro
1457 1077 1545 1103 mea
1587 1066 1698 1117 parte
1733 1061 1926 1104 Hetereio

158 1135 318 1177 cuidam
361 1135 534 1178 fimdum
582 1136 866 1184 Brinnianum,
915 1140 962 1176 ut
1008 1135 1093 1191 ipse
1143 1135 1180 1176 ei
1224 1135 1403 1177 Puteolis
1450 1142 1555 1177 recte
1597 1135 1799 1190 mancipio
1833 1134 1927 1176 dare

157 1214 305 1265 posset.
340 1210 446 1251 Eum
479 1224 651 1259 servum,
687 1209 720 1250 si
752 1208 829 1250 tibi
863 1207 1080 1259 videbitur,
1116 1208 1166 1250 ad
1200 1223 1263 1250 me
1297 1209 1447 1250 mittes
1483 1209 1638 1265 Opinor
1670 1208 1779 1250 enim
1813 1207 1863 1250 ad
1887 1213 1926 1250 te

157 1284 278 1326 etiam
328 1282 531 1340 scripsisse
577 1282 824 1324 Vestorium.
876 1284 917 1323 3.
963 1282 1023 1323 De
1069 1282 1246 1324 adventu
1290 1282 1471 1324 Caesaris
1516 1281 1638 1334 idem,
1674 1283 1782 1338 quod
1815 1299 1839 1326 a
1871 1290 1925 1335 te,

156 1357 258 1399 mihi
290 1357 484 1412 scriptum
520 1362 580 1398 est
613 1355 664 1398 ab
709 1356 841 1412 Oppio
875 1362 915 1397 et
947 1355 1090 1398 Balbo.
1138 1356 1265 1397 Miror
1297 1360 1337 1397 te
1371 1355 1574 1397 nihildum
1608 1371 1701 1397 cum
1732 1356 1924 1412 Tigellio;

156 1431 267 1473 velut
299 1431 375 1473 hoc
407 1431 554 1487 ipsum,
589 1435 786 1486 quantum
821 1429 1032 1485 acceperit,
1068 1444 1229 1484 prorsus
1264 1444 1360 1470 aveo
1395 1429 1509 1480 scire,
1544 1444 1618 1470 nec
1650 1434 1786 1472 tamen
1808 1431 1922 1473 flocci

154 1506 271 1548 facio.
320 1508 361 1547 4.
404 1505 588 1557 Quaeris,
638 1504 735 1560 quid
770 1504 942 1559 cogitem
976 1503 1024 1544 de
1058 1502 1378 1553 obviam-itione3
1419 1503 1516 1559 quid
1551 1518 1703 1553 censeS,
1736 1503 1816 1545 nisi
1851 1504 1922 1546 Al-

197 1723 215 1761 §
239 1721 266 1752 1.
304 1720 343 1751 Ut
365 1739 406 1744 —
428 1720 553 1751 mittere
574 1719 769 1750 instituerem
795 1729 827 1750 οι
853 1724 889 1749 ut
912 1718 1016 1749 consi-

154 1776 237 1806 lium
260 1784 412 1816 caperem
434 1773 598 1805 mittendi.
621 1772 670 1804 Cf.
695 1771 848 1803 Bremius
861 1771 902 1802 ad
915 1769 1015 1802 Corn.

154 1830 265 1861 Alcib.
290 1831 318 1860 5.
343 1828 539 1860 Schneideri
561 1828 672 1858 adnot.
695 1827 766 1857 crit.
789 1827 831 1856 ad
855 1824 937 1857 Caes
975 1825 1014 1856 B.

185 1907 193 1914 .
215 1883 280 1914 m.
303 1882 353 1920 28,
378 1882 406 1912 1.

153 1882 183 1915 G
196 1935 229 1966 Si
250 1935 312 1977 ipsi
333 1934 503 1976 exemplum
519 1934 716 1975 probassent.
734 1933 885 1964 Moserus
898 1930 1013 1972 symb.

154 1989 233 2022 Crit.
264 1990 366 2021 V111.
396 2000 427 2030 p.
452 1989 487 2019 11
521 1998 604 2019 corr.
628 1987 656 2017 si
678 1987 741 2027 ipsi
762 1985 925 2027 epistolam
945 1995 1015 2026 pro-

153 2044 290 2075 bassent.
321 2042 388 2074 Sed
420 2042 545 2073 nodum
573 2042 608 2072 111
638 2040 745 2081 scirpo
778 2039 878 2076 vidit;
903 2049 1015 2070 nonne

154 2098 244 2130 enim
266 2097 304 2134 is,
327 2096 384 2137 qui
406 2095 600 2136 exemplum
623 2094 761 2125 alicuius
774 2092 931 2134 epistolae
944 2101 1014 2133 pro-

154 2154 217 2191 bat,
257 2152 358 2194 ipsius
402 2151 559 2193 epistolae
599 2156 835 2192 argumentum
872 2149 1013 2190 probat?

154 2205 329 2237 Praeterea
361 2203 401 2237 Ο.
433 2210 464 2236 et
494 2205 533 2235 B.
562 2214 630 2235 non
660 2203 811 2234 viderant
840 2201 1014 2242 epistolam

153 2258 267 2300 ipsam,
301 2258 359 2289 sed
392 2257 584 2297 exemplum
606 2266 624 2287 a
647 2256 808 2288 Cicerone
831 2261 1015 2295 acceptum.

152 2312 231 2343 Non
254 2312 364 2344 minus
386 2318 475 2343 recte
498 2310 613 2342 Cicero
635 2309 826 2351 scripsissit:
851 2308 879 2338 si
902 2307 1014 2348 idpro-

152 2366 288 2398 bassent.

195 2421 214 2461 ξ
245 2420 274 2452 2.
304 2420 357 2452 Ex
389 2429 437 2461 ep,
462 2420 512 2457 12,
534 2421 555 2449 4
577 2425 609 2450 et
633 2418 680 2455 14,
708 2418 721 2448 1
747 2417 901 2448 novimus
925 2415 1014 2447 Cice-

153 2483 270 2506 ronem
302 2483 377 2504 cum
411 2472 486 2503 aliis
508 2471 642 2503 Brinnii
662 2470 834 2502 cuiusdam
858 2469 1014 2500 heredem

154 2537 224 2561 esse
254 2528 385 2558 factum.
416 2526 497 2557 Erat
519 2526 552 2556 in
577 2534 614 2556 ea
636 2525 816 2556 hereditate
828 2523 959 2563 fundus
982 2533 1013 2553 v.
1035 2547 1037 2558 .

153 2583 325 2625 praedium
353 2582 415 2613 soli
447 2581 565 2618 Italici,
596 2589 696 2621 prope
726 2579 891 2610 Puteolos,
926 2578 1013 2609 Eum
1035 2594 1037 2619 1

153 2637 295 2669 Fundum
314 2636 492 2668 Hetereius
514 2635 650 2676 quidam
675 2639 807 2671 emerat,
831 2633 887 2665 sed
909 2638 945 2663 ut
970 2642 1013 2663 ex
1035 2648 1037 2668 ;

1064 1716 1143 1747 dare
1174 1726 1295 1748 servum
1323 1728 1410 1748 suum
1442 1718 1626 1759 recepisset,
1656 1718 1690 1749 in
1721 1718 1824 1750 altera
1847 1718 1925 1750 edit.

1064 1771 1105 1802 ad
1135 1771 1294 1812 optimam
1322 1772 1416 1802 codd.
1446 1772 1641 1812 scripturam
1670 1771 1778 1803 rediit.
1807 1770 1924 1804 Obser-

1063 1824 1197 1856 vatione
1228 1825 1350 1866 dignus
1379 1830 1427 1857 est
1455 1825 1580 1866 duplex
1610 1825 1737 1856 dativus
1757 1835 1847 1856 servo
1867 1834 1924 1856 suo

1063 1884 1095 1911 et
1118 1878 1271 1910 Hetereio
1293 1879 1428 1917 cuidam,
1450 1889 1594 1920 quorum
1616 1879 1674 1910 ille
1700 1888 1777 1911 eum
1789 1878 1923 1916 indicat,

1063 1932 1119 1973 qui
1151 1932 1316 1974 mancipio
1343 1932 1470 1973 accipit,
1493 1932 1548 1963 hic
1571 1941 1658 1970 eum,
1680 1931 1716 1963 in
1738 1931 1831 1963 cuius
1854 1941 1925 1973 gra-

1063 1984 1143 2016 tiam
1166 1985 1250 2016 illud
1271 1985 1446 2026 negotium
1468 1985 1644 2026 peragitur.
1674 1985 1924 2023 Difficultatem,

1062 2041 1090 2072 si
1119 2047 1229 2073 tamen
1260 2047 1310 2074 est
1338 2042 1458 2083 aliqua,
1491 2042 1594 2073 vit'are
1616 2041 1775 2083 potuisset
1797 2040 1922 2077 Cicero,

1060 2096 1089 2126 si
1111 2105 1150 2127 eo
1179 2096 1252 2127 loco
1276 2106 1327 2126 vv.
1358 2094 1510 2126 Hetereio
1532 2094 1657 2126 cuidam
1679 2094 1844 2126 omisisset
1865 2094 1924 2126 ita-

1061 2158 1124 2190 que
1154 2148 1368 2190 perrexisset:
1404 2150 1438 2178 ut
1468 2147 1533 2188 ipse
1564 2146 1717 2178 Hetereio
1741 2146 1865 2178 cuidam
1889 2146 1924 2178 P.

1060 2205 1143 2234 recte
1165 2202 1318 2242 mancipio
1341 2202 1419 2233 dare
1435 2204 1553 2242 posset.

1103 2257 1121 2296 ξ
1151 2257 1180 2286 3.
1210 2255 1312 2286 Miror
1341 2258 1372 2286 te
1401 2255 1556 2286 nihildum
1580 2264 1647 2286 cum
1671 2252 1814 2295 stqellio,
1835 2253 1920 2284 velut

1060 2310 1116 2341 laoc
1139 2310 1236 2351 ipsum
1259 2311 1408 2351 quantum
1423 2308 1589 2348 acceperit,
1597 2317 1731 2348 prorsus
1746 2316 1823 2338 aveo
1840 2305 1923 2337 scire

1060 2369 1121 2395 cet.
1144 2363 1185 2394 In
1207 2362 1451 2403 distinguendis
1471 2362 1581 2392 verbis
1606 2371 1672 2392 non
1696 2369 1816 2402 sequor
1827 2359 1918 2392 Orel-

1060 2418 1153 2455 lium,
1187 2427 1292 2458 neque
1321 2417 1355 2448 in
1388 2415 1594 2457 explicandis
1611 2415 1678 2446 illis
1701 2415 1850 2456 quantum
1872 2423 1922 2444 ae-

1059 2470 1175 2511 ceperit
1197 2470 1397 2506 Mammium,
1421 2469 1478 2510 qui
1501 2468 1647 2509 scripsit:
1685 2466 1847 2498 nTransit
1868 2477 1923 2499 are

1059 2534 1118 2555 sua
1137 2524 1179 2555 ad
1200 2524 1300 2554 aliam
1322 2533 1402 2554 rem.
1425 2523 1499 2553 Hoc
1523 2522 1640 2553 saltem
1662 2531 1740 2552 cum
1761 2530 1801 2552 eo
1824 2530 1922 2561 agere

1058 2577 1210 2614 debuisti,
1234 2582 1398 2617 quantum
1420 2576 1451 2606 ei
1471 2575 1593 2607 Caesar
1604 2573 1777 2606 donaverit
1789 2573 1922 2605 obviam

1060 2630 1222 2672 profect03
1246 2630 1329 2661 scire
1351 2629 1440 2661 enim
1465 2629 1596 2669 cupio.''
1629 2627 1696 2659 Sed
1717 2628 1805 2659 unde
1827 2637 1920 2668 appa-

154 2691 226 2722 iure
254 2689 440 2728 Quiritium
468 2688 622 2719 dominus
652 2693 744 2724 esset,
768 2686 1013 2727 mancipatione
1034 2669 1037 2709 l
1058 2691 1108 2717 ret
1130 2685 1312 2725 Tigellium
1335 2684 1468 2714 obviam
1489 2683 1565 2714 iisse
1587 2681 1745 2713 Caesari?
1760 2686 1792 2712 et
1805 2681 1834 2712 si
1850 2690 1922 2722 pro-

155 2753 236 2784 opus
258 2748 336 2774 erat.
364 2741 532 2780 Quoniam
556 2748 665 2771 autem
688 2740 804 2771 Cicero
827 2740 895 2780 ipse
914 2738 1012 2769 Pute-
1034 2732 1037 2757 ἶ
1059 2739 1162 2771 fectus
1185 2744 1263 2776 erat,
1287 2748 1346 2769 cur
1367 2738 1432 2768 iam
1457 2747 1545 2767 nunc
1567 2735 1681 2767 rediit?
1710 2740 1744 2767 et
1765 2735 1845 2776 quid
1867 2734 1918 2766 in-

155 2798 225 2828 olos
255 2805 431 2828 excurrere
460 2805 527 2826 non
550 2800 675 2836 poterat
701 2796 766 2835 (ep.
788 2793 839 2830 47,
865 2794 907 2833 l),
931 2793 1012 2823 Ves-
1034 2798 1036 2830 ξ
1059 2798 1178 2825 tererat
1200 2791 1369 2824 Ciceronis
1391 2791 1484 2828 scire,
1505 2795 1667 2831 quantum
1678 2787 1921 2820 illeaCaesare

154 2851 257 2882 torius
291 2851 322 2882 ei
354 2850 535 2891 scripserat,
568 2854 603 2879 ut
635 2854 762 2889 partem
792 2857 884 2878 suam
918 2846 1012 2877 fundi
1034 2835 1037 2853 ¹
1059 2844 1260 2887 accepisset?
1278 2844 1365 2876 Mihi
1387 2845 1535 2885 quantum
1559 2842 1775 2882 depravatum
1788 2841 1921 2873 videtur

155 2905 224 2937 eius
252 2904 418 2945 mancipio
451 2904 542 2934 daret
575 2911 669 2933 servo
705 2912 772 2933 suo.
805 2901 893 2932 Nam
925 2901 1013 2943 quod
1034 2906 1037 2923 ¹
1059 2909 1102 2931 ex
1132 2909 1190 2940 quo
1219 2898 1333 2928 animo.
1367 2897 1457 2928 Dicit
1487 2895 1602 2927 Cicero
1631 2904 1665 2926 se
1696 2903 1814 2935 cupere
1835 2894 1918 2925 scire

155 2968 268 2991 servus
289 2957 439 2989 Vestorii
459 2956 624 2997 mancipio
647 2955 835 2996 accipiebat,
859 2954 892 2985 id
905 2954 1012 2995 acqui·
1034 2964 1037 3001 Ι
1058 2964 1123 2995 quo
1145 2954 1244 2984 modo
1267 2952 1433 2993 Tigellius
1455 2951 1632 2992 accepisset
1655 2948 1824 2981 Ciceronis
1837 2958 1916 2989 que-

154 3012 288 3044 rebatur
309 3011 454 3048 domino,
477 3009 513 3040 in
531 3009 624 3040 cuius
638 3014 797 3050 potestate
811 3013 880 3039 erat
897 3006 1012 3047 (Gaius
1034 3027 1037 3044 ,
1059 3007 1163 3038 telam
1184 3007 1225 3037 de
1247 3006 1350 3046 ipsius
1373 3004 1504 3035 iniuria.

155 3066 202 3097 II.
227 3065 294 3104 87).
316 3065 432 3105 Itaque
453 3064 520 3104 ipse
541 3063 715 3094 Vestorius
727 3062 757 3092 ei
773 3064 821 3102 (οε
838 3061 1011 3102 Hetereio)
1034 3048 1037 3100 l
1103 3063 1121 3102 ξ
1143 3063 1173 3092 4.
1200 3060 1284 3101 Quid
1304 3068 1419 3096 oense-3,
1443 3058 1504 3088 nisi
1527 3056 1676 3087 Alsium?
1698 3066 1732 3086 o:
1755 3056 1835 3096 quid
1845 3064 1918 3086 cen-

156 3118 296 3150 fundum
316 3117 481 3158 mancipio
495 3117 572 3148 dare
585 3121 721 3156 poterat.
734 3115 886 3146 —Recte
902 3120 1013 3145 autem
1034 3103 1037 3149 l
1059 3125 1110 3147 ses
1139 3114 1220 3145 mihi
1249 3114 1437 3145 faciendum
1467 3111 1560 3143 esse?
1593 3110 1656 3141 uisi
1679 3109 1762 3141 forte
1784 3109 1918 3140 Alsium

158 3172 310 3211 Orellius,
330 3183 433 3215 quum
445 3172 479 3205 in
492 3171 598 3214 priore
611 3171 686 3202 edit.
704 3170 910 3202 Hotomanni
926 3169 1011 3200 coni.
1034 3172 1036 3180 '
1059 3169 1143 3202 mihi
1173 3169 1319 3201 eundum
1353 3177 1478 3199 censes.
1501 3166 1637 3206 Belgice
1666 3164 1822 3197 dicimus:
1855 3169 1919 3195 wat
