<?xml version="1.0" encoding="UTF-8"?>
<!DOCTYPE html PUBLIC "-//W3C//DTD XHTML 1.0 Transitional//EN"
    "http://www.w3.org/TR/xhtml1/DTD/xhtml1-transitional.dtd">
<html xmlns="http://www.w3.org/1999/xhtml" xml:lang="en" lang="en">
 <head>
  <title>
</title>
<meta http-equiv="Content-Type" content="text/html;charset=utf-8" />
  <meta name='ocr-system' content='tesseract 3.04.00' />
  <meta name='ocr-capabilities' content='ocr_page ocr_carea ocr_par ocr_line ocrx_word'/>
</head>
<body>
  <div class='ocr_page' id='page_1' title='image "./epistolarumadtpo02ciceuoft_0154.png"; bbox 0 0 2062 3565; ppageno 0'>
   <div class='ocr_carea' id='block_1_1' title="bbox 206 162 1568 206">
    <p class='ocr_par' dir='ltr' id='par_1_1' title="bbox 206 162 1568 206">
     <span class='ocr_line' id='line_1_1' title="bbox 206 162 1568 206; baseline 0.001 -2"><span class='ocrx_word' id='word_1_1' title='bbox 206 166 292 205; x_wconf 64' lang='lat'><strong>144</strong></span> <span class='ocrx_word' id='word_1_2' title='bbox 611 165 695 205; x_wconf 83' lang='grc' dir='ltr'><strong>ΕΡ.</strong></span> <span class='ocrx_word' id='word_1_3' title='bbox 731 164 806 204; x_wconf 69' lang='lat' dir='ltr'><strong>AD</strong></span> <span class='ocrx_word' id='word_1_4' title='bbox 839 164 884 202; x_wconf 73' lang='lat' dir='ltr'><strong>T.</strong></span> <span class='ocrx_word' id='word_1_5' title='bbox 920 162 1271 204; x_wconf 82' lang='lat' dir='ltr'><strong>POMPONIUM</strong></span> <span class='ocrx_word' id='word_1_6' title='bbox 1304 164 1568 206; x_wconf 64' lang='lat' dir='ltr'><strong>A&#39;IVIIOUM.</strong></span> 
     </span>
    </p>
   </div>
   <div class='ocr_carea' id='block_1_2' title="bbox 203 298 1974 356">
    <p class='ocr_par' dir='ltr' id='par_1_2' title="bbox 203 298 1974 356">
     <span class='ocr_line' id='line_1_2' title="bbox 203 298 1974 356; baseline 0.001 -14"><span class='ocrx_word' id='word_1_7' title='bbox 203 316 283 342; x_wconf 89' lang='lat' dir='ltr'><strong>non</strong></span> <span class='ocrx_word' id='word_1_8' title='bbox 319 306 360 341; x_wconf 88' lang='lat' dir='ltr'><strong>et</strong></span> <span class='ocrx_word' id='word_1_9' title='bbox 392 300 611 341; x_wconf 76' lang='lat' dir='ltr'><strong>sustineam</strong></span> <span class='ocrx_word' id='word_1_10' title='bbox 647 308 687 340; x_wconf 88' lang='lat' dir='ltr'><strong>et</strong></span> <span class='ocrx_word' id='word_1_11' title='bbox 720 304 959 353; x_wconf 79' lang='lat' dir='ltr'><strong>exspectem.</strong></span> <span class='ocrx_word' id='word_1_12' title='bbox 995 298 1175 349; x_wconf 74' lang='lat' dir='ltr'><strong>Quarum</strong></span> <span class='ocrx_word' id='word_1_13' title='bbox 1194 303 1342 341; x_wconf 83' lang='lat' dir='ltr'><strong>&#39;rerum</strong></span> <span class='ocrx_word' id='word_1_14' title='bbox 1376 316 1422 341; x_wconf 88' lang='lat' dir='ltr'><strong>eo</strong></span> <span class='ocrx_word' id='word_1_15' title='bbox 1454 301 1611 355; x_wconf 87' lang='lat' dir='ltr'><strong>gravior</strong></span> <span class='ocrx_word' id='word_1_16' title='bbox 1644 306 1704 343; x_wconf 87' lang='lat' dir='ltr'><strong>est</strong></span> <span class='ocrx_word' id='word_1_17' title='bbox 1737 302 1862 351; x_wconf 87' lang='lat' dir='ltr'><strong>dolor,</strong></span> <span class='ocrx_word' id='word_1_18' title='bbox 1897 316 1974 356; x_wconf 89' lang='lat' dir='ltr'><strong>quo</strong></span> 
     </span>
    </p>
   </div>
   <div class='ocr_carea' id='block_1_3' title="bbox 202 372 1976 500">
    <p class='ocr_par' dir='ltr' id='par_1_3' title="bbox 202 372 1976 500">
     <span class='ocr_line' id='line_1_3' title="bbox 203 372 1976 430; baseline 0.001 -15"><span class='ocrx_word' id='word_1_19' title='bbox 203 375 319 430; x_wconf 85' lang='lat' dir='ltr'><strong>culpa</strong></span> <span class='ocrx_word' id='word_1_20' title='bbox 355 374 493 414; x_wconf 89' lang='lat' dir='ltr'><strong>maior.</strong></span> <span class='ocrx_word' id='word_1_21' title='bbox 529 372 602 413; x_wconf 87' lang='lat' dir='ltr'><strong>Hle</strong></span> <span class='ocrx_word' id='word_1_22' title='bbox 637 373 679 413; x_wconf 90' lang='lat' dir='ltr'><strong>in</strong></span> <span class='ocrx_word' id='word_1_23' title='bbox 715 372 868 412; x_wconf 83' lang='lat' dir='ltr'>Achaia</span> <span class='ocrx_word' id='word_1_24' title='bbox 902 386 984 412; x_wconf 92' lang='lat' dir='ltr'><strong>non</strong></span> <span class='ocrx_word' id='word_1_25' title='bbox 1018 378 1147 413; x_wconf 87' lang='lat' dir='ltr'><strong>cessat</strong></span> <span class='ocrx_word' id='word_1_26' title='bbox 1180 372 1229 413; x_wconf 89' lang='lat' dir='ltr'><strong>de</strong></span> <span class='ocrx_word' id='word_1_27' title='bbox 1252 372 1369 414; x_wconf 87' lang='lat' dir='ltr'><strong>nobis</strong></span> <span class='ocrx_word' id='word_1_28' title='bbox 1393 373 1614 415; x_wconf 74' lang='lat' dir='ltr'>detrahere.</span> <span class='ocrx_word' id='word_1_29' title='bbox 1649 375 1766 417; x_wconf 87' lang='lat' dir='ltr'><strong>Nihil</strong></span> <span class='ocrx_word' id='word_1_30' title='bbox 1790 374 1976 416; x_wconf 83' lang='lat' dir='ltr'><strong>videlicet</strong></span> 
     </span>
     <span class='ocr_line' id='line_1_4' title="bbox 202 444 1314 500; baseline -0.001 -13"><span class='ocrx_word' id='word_1_31' title='bbox 202 454 295 487; x_wconf 75' lang='lat' dir='ltr'><strong>tuae</strong></span> <span class='ocrx_word' id='word_1_32' title='bbox 328 446 465 487; x_wconf 89' lang='lat' dir='ltr'><strong>literae</strong></span> <span class='ocrx_word' id='word_1_33' title='bbox 500 446 768 500; x_wconf 84' lang='lat' dir='ltr'><strong>profecerunt.</strong></span> <span class='ocrx_word' id='word_1_34' title='bbox 806 444 918 484; x_wconf 78' lang='lat' dir='ltr'><strong>Vale.</strong></span> <span class='ocrx_word' id='word_1_35' title='bbox 956 458 1054 486; x_wconf 88' lang='lat' dir='ltr'><strong>VIII.</strong></span> <span class='ocrx_word' id='word_1_36' title='bbox 1091 444 1155 485; x_wconf 86' lang='lat' dir='ltr'><strong>Id.</strong></span> <span class='ocrx_word' id='word_1_37' title='bbox 1191 446 1314 487; x_wconf 86' lang='lat' dir='ltr'><strong>Mart.</strong></span> 
     </span>
    </p>
   </div>
   <div class='ocr_carea' id='block_1_4' title="bbox 203 604 2031 1077">
    <p class='ocr_par' dir='ltr' id='par_1_4' title="bbox 203 604 2031 1077">
     <span class='ocr_line' id='line_1_5' title="bbox 203 604 2023 649; baseline -0.002 -10"><span class='ocrx_word' id='word_1_38' title='bbox 203 609 346 649; x_wconf 84' lang='lat' dir='ltr'><strong>scripsit:</strong></span> <span class='ocrx_word' id='word_1_39' title='bbox 384 610 555 639; x_wconf 77' lang='lat' dir='ltr'><strong>ceterarum</strong></span> <span class='ocrx_word' id='word_1_40' title='bbox 596 618 698 639; x_wconf 76' lang='lat' dir='ltr'><strong>rerum</strong></span> <span class='ocrx_word' id='word_1_41' title='bbox 739 611 822 639; x_wconf 74' lang='lat' dir='ltr'><strong>tuam</strong></span> <span class='ocrx_word' id='word_1_42' title='bbox 861 609 1063 640; x_wconf 67' lang='lat' dir='ltr'><strong>erc-ellenlem</strong></span> <span class='ocrx_word' id='word_1_43' title='bbox 1115 605 1264 636; x_wconf 82' lang='lat' dir='ltr'><strong>Moserus</strong></span> <span class='ocrx_word' id='word_1_44' title='bbox 1288 604 1402 645; x_wconf 80' lang='lat' dir='ltr'><strong>Symb.</strong></span> <span class='ocrx_word' id='word_1_45' title='bbox 1427 605 1506 637; x_wconf 80' lang='lat' dir='ltr'><strong>Crit.</strong></span> <span class='ocrx_word' id='word_1_46' title='bbox 1534 606 1576 636; x_wconf 88' lang='lat' dir='ltr'><strong>V.</strong></span> <span class='ocrx_word' id='word_1_47' title='bbox 1599 616 1630 647; x_wconf 88' lang='lat' dir='ltr'><strong>p.</strong></span> <span class='ocrx_word' id='word_1_48' title='bbox 1654 605 1691 638; x_wconf 79' lang='lat'><strong>17</strong></span> <span class='ocrx_word' id='word_1_49' title='bbox 1716 605 1891 636; x_wconf 77' lang='lat' dir='ltr'><strong>affirmavit</strong></span> <span class='ocrx_word' id='word_1_50' title='bbox 1903 605 1937 636; x_wconf 88' lang='lat' dir='ltr'><strong>h.</strong></span> <span class='ocrx_word' id='word_1_51' title='bbox 1953 605 1975 636; x_wconf 90' lang='grc'><strong>1.</strong></span> <span class='ocrx_word' id='word_1_52' title='bbox 2013 638 2023 648; x_wconf 56' lang='grc'><strong>.</strong></span> 
     </span>
     <span class='ocr_line' id='line_1_6' title="bbox 203 655 2031 701; baseline -0.002 -9"><span class='ocrx_word' id='word_1_53' title='bbox 203 662 401 701; x_wconf 75' lang='lat' dir='ltr'><strong>sapientiam.</strong></span> <span class='ocrx_word' id='word_1_54' title='bbox 434 662 509 693; x_wconf 87' lang='lat' dir='ltr'><strong>Fin.</strong></span> <span class='ocrx_word' id='word_1_55' title='bbox 543 662 606 693; x_wconf 84' lang='lat' dir='ltr'><strong>IV.</strong></span> <span class='ocrx_word' id='word_1_56' title='bbox 637 663 676 693; x_wconf 87' lang='lat'><strong>39</strong></span> <span class='ocrx_word' id='word_1_57' title='bbox 700 662 844 693; x_wconf 76' lang='lat' dir='ltr'><strong>virtutem</strong></span> <span class='ocrx_word' id='word_1_58' title='bbox 869 663 976 693; x_wconf 70' lang='lat' dir='ltr'><strong>volunt</strong></span> <span class='ocrx_word' id='word_1_59' title='bbox 999 672 1089 696; x_wconf 60' lang='lat' dir='ltr'><strong>esse,</strong></span> <span class='ocrx_word' id='word_1_60' title='bbox 1115 662 1171 689; x_wconf 81' lang='lat' dir='ltr'><strong>aut</strong></span> <span class='ocrx_word' id='word_1_61' title='bbox 1204 678 1245 682; x_wconf 97' lang='lat'><strong>—</strong></span> <span class='ocrx_word' id='word_1_62' title='bbox 1271 662 1328 690; x_wconf 74' lang='lat' dir='ltr'><strong>aut</strong></span> <span class='ocrx_word' id='word_1_63' title='bbox 1357 659 1568 691; x_wconf 85' lang='lat' dir='ltr'><strong>scribendum</strong></span> <span class='ocrx_word' id='word_1_64' title='bbox 1598 669 1678 691; x_wconf 86' lang='lat' dir='ltr'><strong>esse.</strong></span> <span class='ocrx_word' id='word_1_65' title='bbox 1712 659 1815 698; x_wconf 80' lang='lat' dir='ltr'><strong>Quasi</strong></span> <span class='ocrx_word' id='word_1_66' title='bbox 1837 668 1916 690; x_wconf 83' lang='lat' dir='ltr'><strong>vero</strong></span> <span class='ocrx_word' id='word_1_67' title='bbox 1938 660 1976 696; x_wconf 84' lang='lat' dir='ltr'><strong>is,</strong></span> <span class='ocrx_word' id='word_1_68' title='bbox 2011 655 2031 687; x_wconf 53' lang='grc' dir='ltr'>ζ</span> 
     </span>
     <span class='ocr_line' id='line_1_7' title="bbox 204 712 1975 756; baseline -0.002 -9"><span class='ocrx_word' id='word_1_69' title='bbox 204 727 308 747; x_wconf 73' lang='lat' dir='ltr'><strong>earum</strong></span> <span class='ocrx_word' id='word_1_70' title='bbox 342 726 453 753; x_wconf 85' lang='lat' dir='ltr'><strong>rerum,</strong></span> <span class='ocrx_word' id='word_1_71' title='bbox 476 716 517 746; x_wconf 85' lang='lat' dir='ltr'><strong>ad</strong></span> <span class='ocrx_word' id='word_1_72' title='bbox 548 725 578 756; x_wconf 93' lang='lat' dir='ltr'><strong>q.</strong></span> <span class='ocrx_word' id='word_1_73' title='bbox 603 716 624 746; x_wconf 90' lang='lat'><strong>1.</strong></span> <span class='ocrx_word' id='word_1_74' title='bbox 647 716 688 754; x_wconf 73' lang='lat' dir='ltr'><strong>ef.</strong></span> <span class='ocrx_word' id='word_1_75' title='bbox 711 716 912 756; x_wconf 76' lang='lat' dir='ltr'>Madvigius,</span> <span class='ocrx_word' id='word_1_76' title='bbox 936 715 1067 748; x_wconf 84' lang='lat' dir='ltr'><strong>Caelius</strong></span> <span class='ocrx_word' id='word_1_77' title='bbox 1116 712 1170 752; x_wconf 92' lang='lat' dir='ltr'><strong>qui</strong></span> <span class='ocrx_word' id='word_1_78' title='bbox 1205 712 1271 743; x_wconf 80' lang='lat' dir='ltr'><strong>alia</strong></span> <span class='ocrx_word' id='word_1_79' title='bbox 1303 712 1390 743; x_wconf 83' lang='lat' dir='ltr'><strong>mala</strong></span> <span class='ocrx_word' id='word_1_80' title='bbox 1421 713 1569 750; x_wconf 83' lang='lat' dir='ltr'><strong>sustinet,</strong></span> <span class='ocrx_word' id='word_1_81' title='bbox 1605 713 1670 744; x_wconf 78' lang='lat' dir='ltr'><strong>alia</strong></span> <span class='ocrx_word' id='word_1_82' title='bbox 1699 717 1876 753; x_wconf 80' lang='lat' dir='ltr'>exspectat,</span> <span class='ocrx_word' id='word_1_83' title='bbox 1908 721 1975 743; x_wconf 89' lang='lat' dir='ltr'><strong>non</strong></span> 
     </span>
     <span class='ocr_line' id='line_1_8' title="bbox 205 764 1976 811; baseline -0.004 -10"><span class='ocrx_word' id='word_1_84' title='bbox 205 771 246 801; x_wconf 84' lang='lat' dir='ltr'><strong>ad</strong></span> <span class='ocrx_word' id='word_1_85' title='bbox 274 770 366 801; x_wconf 85' lang='lat' dir='ltr'>Fam.</span> <span class='ocrx_word' id='word_1_86' title='bbox 400 770 504 800; x_wconf 90' lang='lat' dir='ltr'><strong>VIII.</strong></span> <span class='ocrx_word' id='word_1_87' title='bbox 535 770 583 807; x_wconf 81' lang='lat'><strong>14,</strong></span> <span class='ocrx_word' id='word_1_88' title='bbox 613 771 647 800; x_wconf 81' lang='lat'><strong>2:</strong></span> <span class='ocrx_word' id='word_1_89' title='bbox 685 780 782 811; x_wconf 82' lang='lat' dir='ltr'><strong>neque</strong></span> <span class='ocrx_word' id='word_1_90' title='bbox 805 781 940 801; x_wconf 77' lang='lat' dir='ltr'><strong>mearum</strong></span> <span class='ocrx_word' id='word_1_91' title='bbox 964 781 1067 801; x_wconf 77' lang='lat' dir='ltr'><strong>rerum</strong></span> <span class='ocrx_word' id='word_1_92' title='bbox 1115 764 1296 796; x_wconf 85' lang='lat' dir='ltr'><strong>rectissime</strong></span> <span class='ocrx_word' id='word_1_93' title='bbox 1328 765 1414 795; x_wconf 75' lang='lat' dir='ltr'><strong>dicat</strong></span> <span class='ocrx_word' id='word_1_94' title='bbox 1450 765 1553 796; x_wconf 75' lang='lat' dir='ltr'><strong>omnia</strong></span> <span class='ocrx_word' id='word_1_95' title='bbox 1587 765 1673 796; x_wconf 81' lang='lat' dir='ltr'><strong>mala</strong></span> <span class='ocrx_word' id='word_1_96' title='bbox 1700 765 1841 796; x_wconf 76' lang='lat' dir='ltr'><em>sustineo</em></span> <span class='ocrx_word' id='word_1_97' title='bbox 1875 767 1905 795; x_wconf 80' lang='lat' dir='ltr'><strong>et</strong></span> <span class='ocrx_word' id='word_1_98' title='bbox 1926 774 1976 795; x_wconf 70' lang='lat' dir='ltr'><strong>ea·-</strong></span> 
     </span>
     <span class='ocr_line' id='line_1_9' title="bbox 204 819 1975 874; baseline -0.001 -21"><span class='ocrx_word' id='word_1_99' title='bbox 204 823 280 864; x_wconf 77' lang='lat' dir='ltr'><strong>quz&#39;d</strong></span> <span class='ocrx_word' id='word_1_100' title='bbox 302 823 427 853; x_wconf 64' lang='lat' dir='ltr'><strong>vonsz‘lii</strong></span> <span class='ocrx_word' id='word_1_101' title='bbox 449 823 568 863; x_wconf 69' lang='lat' dir='ltr'><strong>capiam</strong></span> <span class='ocrx_word' id='word_1_102' title='bbox 592 823 723 863; x_wconf 77' lang='lat' dir='ltr'><em>reperio.</em></span> <span class='ocrx_word' id='word_1_103' title='bbox 747 823 1067 855; x_wconf 78' lang='lat' dir='ltr'><strong>PraeiverantPlan-</strong></span> <span class='ocrx_word' id='word_1_104' title='bbox 1089 859 1091 874; x_wconf 37' lang='lat'>4</span> <span class='ocrx_word' id='word_1_105' title='bbox 1116 821 1230 858; x_wconf 76' lang='lat' dir='ltr'><strong>specto,</strong></span> <span class='ocrx_word' id='word_1_106' title='bbox 1260 828 1277 848; x_wconf 80' lang='lat' dir='ltr'><strong>a</strong></span> <span class='ocrx_word' id='word_1_107' title='bbox 1308 828 1374 859; x_wconf 86' lang='lat' dir='ltr'><strong>quo</strong></span> <span class='ocrx_word' id='word_1_108' title='bbox 1403 821 1433 848; x_wconf 75' lang='lat' dir='ltr'><strong>el</strong></span> <span class='ocrx_word' id='word_1_109' title='bbox 1461 819 1601 849; x_wconf 69' lang='lat' dir='ltr'><strong>sustineo</strong></span> <span class='ocrx_word' id='word_1_110' title='bbox 1630 821 1660 849; x_wconf 80' lang='lat' dir='ltr'><strong>et</strong></span> <span class='ocrx_word' id='word_1_111' title='bbox 1689 821 1834 859; x_wconf 66' lang='lat' dir='ltr'><strong>exspecto</strong></span> <span class='ocrx_word' id='word_1_112' title='bbox 1864 819 1909 849; x_wconf 83' lang='lat' dir='ltr'><strong>ita</strong></span> <span class='ocrx_word' id='word_1_113' title='bbox 1930 819 1975 850; x_wconf 87' lang='lat' dir='ltr'><strong>di-</strong></span> 
     </span>
     <span class='ocr_line' id='line_1_10' title="bbox 204 873 1980 917; baseline -0.002 -11"><span class='ocrx_word' id='word_1_114' title='bbox 204 882 255 906; x_wconf 77' lang='lat' dir='ltr'><strong>tus</strong></span> <span class='ocrx_word' id='word_1_115' title='bbox 280 877 312 906; x_wconf 84' lang='lat' dir='ltr'><strong>iu</strong></span> <span class='ocrx_word' id='word_1_116' title='bbox 337 875 462 906; x_wconf 83' lang='lat' dir='ltr'><strong>Cistell.</strong></span> <span class='ocrx_word' id='word_1_117' title='bbox 488 876 513 906; x_wconf 92' lang='lat' dir='ltr'><strong>I.</strong></span> <span class='ocrx_word' id='word_1_118' title='bbox 538 876 565 912; x_wconf 84' lang='lat'><strong>1,</strong></span> <span class='ocrx_word' id='word_1_119' title='bbox 591 876 629 905; x_wconf 81' lang='lat'><strong>33</strong></span> <span class='ocrx_word' id='word_1_120' title='bbox 642 882 673 906; x_wconf 83' lang='lat' dir='ltr'><strong>et</strong></span> <span class='ocrx_word' id='word_1_121' title='bbox 686 876 862 907; x_wconf 75' lang='lat' dir='ltr'><strong>Terentius</strong></span> <span class='ocrx_word' id='word_1_122' title='bbox 875 877 908 907; x_wconf 87' lang='lat' dir='ltr'><strong>in</strong></span> <span class='ocrx_word' id='word_1_123' title='bbox 923 877 1067 917; x_wconf 78' lang='lat' dir='ltr'>Adelph.</span> <span class='ocrx_word' id='word_1_124' title='bbox 1089 877 1093 913; x_wconf 70' lang='grc'><strong>1</strong></span> <span class='ocrx_word' id='word_1_125' title='bbox 1118 882 1249 904; x_wconf 81' lang='lat' dir='ltr'><strong>versum</strong></span> <span class='ocrx_word' id='word_1_126' title='bbox 1273 878 1329 910; x_wconf 86' lang='lat' dir='ltr'><strong>est,</strong></span> <span class='ocrx_word' id='word_1_127' title='bbox 1353 879 1390 904; x_wconf 81' lang='lat' dir='ltr'><strong>ut</strong></span> <span class='ocrx_word' id='word_1_128' title='bbox 1411 873 1472 904; x_wconf 81' lang='lat' dir='ltr'><strong>hac</strong></span> <span class='ocrx_word' id='word_1_129' title='bbox 1494 874 1621 904; x_wconf 82' lang='lat' dir='ltr'><strong>ratione</strong></span> <span class='ocrx_word' id='word_1_130' title='bbox 1643 874 1775 914; x_wconf 82' lang='lat' dir='ltr'><strong>utrique</strong></span> <span class='ocrx_word' id='word_1_131' title='bbox 1796 873 1898 904; x_wconf 85' lang='lat' dir='ltr'><strong>verbo</strong></span> <span class='ocrx_word' id='word_1_132' title='bbox 1920 882 1980 914; x_wconf 76' lang='lat' dir='ltr'><strong>par</strong></span> 
     </span>
     <span class='ocr_line' id='line_1_11' title="bbox 208 917 1978 969; baseline -0.001 -10"><span class='ocrx_word' id='word_1_133' title='bbox 208 930 266 960; x_wconf 81' lang='lat' dir='ltr'><strong>IV.</strong></span> <span class='ocrx_word' id='word_1_134' title='bbox 291 933 317 962; x_wconf 78' lang='lat'><strong>5,</strong></span> <span class='ocrx_word' id='word_1_135' title='bbox 343 930 392 959; x_wconf 85' lang='grc'><strong>61.</strong></span> <span class='ocrx_word' id='word_1_136' title='bbox 1089 917 1093 957; x_wconf 62' lang='lat' dir='ltr'><strong>i</strong></span> <span class='ocrx_word' id='word_1_137' title='bbox 1119 934 1323 958; x_wconf 86' lang='lat' dir='ltr'>momentum</span> <span class='ocrx_word' id='word_1_138' title='bbox 1345 928 1516 966; x_wconf 82' lang='lat' dir='ltr'>tribuatur,</span> <span class='ocrx_word' id='word_1_139' title='bbox 1547 938 1650 969; x_wconf 83' lang='lat' dir='ltr'><strong>quum</strong></span> <span class='ocrx_word' id='word_1_140' title='bbox 1677 930 1708 958; x_wconf 77' lang='lat' dir='ltr'><strong>et</strong></span> <span class='ocrx_word' id='word_1_141' title='bbox 1739 927 1841 959; x_wconf 86' lang='lat' dir='ltr'><strong>semel</strong></span> <span class='ocrx_word' id='word_1_142' title='bbox 1871 927 1978 968; x_wconf 83' lang='lat' dir='ltr'><strong>posito</strong></span> 
     </span>
     <span class='ocr_line' id='line_1_12' title="bbox 249 962 1781 1024; baseline 0.002 -12"><span class='ocrx_word' id='word_1_143' title='bbox 249 983 338 1012; x_wconf 66' lang='lat' dir='ltr'><strong>Nihil</strong></span> <span class='ocrx_word' id='word_1_144' title='bbox 360 985 407 1013; x_wconf 74' lang='lat' dir='ltr'><strong>est</strong></span> <span class='ocrx_word' id='word_1_145' title='bbox 431 983 516 1020; x_wconf 76' lang='lat' dir='ltr'><strong>mali,</strong></span> <span class='ocrx_word' id='word_1_146' title='bbox 540 982 622 1024; x_wconf 75' lang='lat' dir='ltr'><strong>quod</strong></span> <span class='ocrx_word' id='word_1_147' title='bbox 643 993 701 1013; x_wconf 71' lang='lat' dir='ltr'><strong>non</strong></span> <span class='ocrx_word' id='word_1_148' title='bbox 727 986 756 1013; x_wconf 63' lang='lat' dir='ltr'><strong>ef</strong></span> <span class='ocrx_word' id='word_1_149' title='bbox 779 984 950 1013; x_wconf 64' lang='lat' dir='ltr'><strong>sustineam</strong></span> <span class='ocrx_word' id='word_1_150' title='bbox 974 985 1004 1013; x_wconf 76' lang='lat' dir='ltr'><strong>e!</strong></span> <span class='ocrx_word' id='word_1_151' title='bbox 1017 994 1070 1013; x_wconf 61' lang='lat' dir='ltr'><strong>ex-</strong></span> <span class='ocrx_word' id='word_1_152' title='bbox 1089 962 1093 1016; x_wconf 87' lang='grc'><strong>1</strong></span> <span class='ocrx_word' id='word_1_153' title='bbox 1118 984 1317 1023; x_wconf 77' lang='lat' dir='ltr'><strong>adiungatur</strong></span> <span class='ocrx_word' id='word_1_154' title='bbox 1340 985 1381 1020; x_wconf 87' lang='lat' dir='ltr'><strong>id,</strong></span> <span class='ocrx_word' id='word_1_155' title='bbox 1405 985 1491 1024; x_wconf 78' lang='lat' dir='ltr'><strong>quod</strong></span> <span class='ocrx_word' id='word_1_156' title='bbox 1516 985 1621 1015; x_wconf 78' lang='lat' dir='ltr'><strong>levius</strong></span> <span class='ocrx_word' id='word_1_157' title='bbox 1644 985 1781 1016; x_wconf 79' lang='lat' dir='ltr'><strong>videtur.</strong></span> 
     </span>
     <span class='ocr_line' id='line_1_13' title="bbox 205 1018 1118 1077; baseline 0.004 -13"><span class='ocrx_word' id='word_1_158' title='bbox 205 1040 346 1077; x_wconf 72' lang='lat' dir='ltr'><strong>speeiem.</strong></span> <span class='ocrx_word' id='word_1_159' title='bbox 388 1037 489 1077; x_wconf 81' lang='lat' dir='ltr'>Turpi</span> <span class='ocrx_word' id='word_1_160' title='bbox 525 1037 733 1074; x_wconf 63' lang='lat' dir='ltr'><strong>ignoratione</strong></span> <span class='ocrx_word' id='word_1_161' title='bbox 763 1038 923 1068; x_wconf 77' lang='lat' dir='ltr'><strong>sermonis</strong></span> <span class='ocrx_word' id='word_1_162' title='bbox 955 1037 1069 1068; x_wconf 82' lang='lat' dir='ltr'><strong>Latini</strong></span> <span class='ocrx_word' id='word_1_163' title='bbox 1090 1018 1118 1056; x_wconf 36' lang='grc' dir='ltr'><strong>ξ’</strong></span> 
     </span>
    </p>
   </div>
   <div class='ocr_carea' id='block_1_5' title="bbox 1084 587 1090 685">
    <p class='ocr_par' dir='ltr' id='par_1_5' title="bbox 1084 587 1090 685">
     <span class='ocr_line' id='line_1_14' title="bbox 1084 587 1090 685; baseline 0 2880"><span class='ocrx_word' id='word_1_164' title='bbox 1084 587 1090 685; x_wconf 95' lang='lat' dir='ltr'><strong> </strong></span> 
     </span>
    </p>
   </div>
   <div class='ocr_carea' id='block_1_6' title="bbox 1087 709 1091 796">
    <p class='ocr_par' dir='ltr' id='par_1_6' title="bbox 1087 709 1091 796">
     <span class='ocr_line' id='line_1_15' title="bbox 1087 709 1091 796; baseline 0 2769"><span class='ocrx_word' id='word_1_165' title='bbox 1087 709 1091 796; x_wconf 95' lang='lat' dir='ltr'><strong> </strong></span> 
     </span>
    </p>
   </div>
   <div class='ocr_carea' id='block_1_7' title="bbox 823 1144 1370 1197">
    <p class='ocr_par' dir='ltr' id='par_1_7' title="bbox 823 1144 1370 1197">
     <span class='ocr_line' id='line_1_16' title="bbox 823 1144 1370 1197; baseline -0.002 -12"><span class='ocrx_word' id='word_1_166' title='bbox 823 1145 924 1185; x_wconf 72' lang='grc' dir='ltr'><strong>ΧΠ.</strong></span> <span class='ocrx_word' id='word_1_167' title='bbox 992 1146 1055 1196; x_wconf 84' lang='lat' dir='ltr'><strong>(A.</strong></span> <span class='ocrx_word' id='word_1_168' title='bbox 1099 1144 1139 1185; x_wconf 71' lang='lat' dir='ltr'><strong>c:</strong></span> <span class='ocrx_word' id='word_1_169' title='bbox 1178 1145 1215 1185; x_wconf 63' lang='grc' dir='ltr'><strong>ζ’.</strong></span> <span class='ocrx_word' id='word_1_170' title='bbox 1254 1145 1370 1197; x_wconf 78' lang='lat'><strong>707.)</strong></span> 
     </span>
    </p>
   </div>
   <div class='ocr_carea' id='block_1_8' title="bbox 158 1259 2062 2415">
    <p class='ocr_par' dir='ltr' id='par_1_8' title="bbox 158 1259 2062 2415">
     <span class='ocr_line' id='line_1_17' title="bbox 275 1259 1978 1315; baseline 0.001 -16"><span class='ocrx_word' id='word_1_171' title='bbox 275 1261 310 1299; x_wconf 85' lang='lat'><strong>1.</strong></span> <span class='ocrx_word' id='word_1_172' title='bbox 359 1259 549 1315; x_wconf 65' lang='lat' dir='ltr'><strong>Cephalio</strong></span> <span class='ocrx_word' id='word_1_173' title='bbox 594 1260 693 1300; x_wconf 89' lang='lat' dir='ltr'><strong>mihi</strong></span> <span class='ocrx_word' id='word_1_174' title='bbox 736 1276 757 1300; x_wconf 79' lang='lat' dir='ltr'><strong>a.</strong></span> <span class='ocrx_word' id='word_1_175' title='bbox 801 1269 839 1300; x_wconf 85' lang='lat' dir='ltr'><strong>te</strong></span> <span class='ocrx_word' id='word_1_176' title='bbox 884 1260 1019 1300; x_wconf 85' lang='lat' dir='ltr'><strong>literas</strong></span> <span class='ocrx_word' id='word_1_177' title='bbox 1065 1259 1241 1300; x_wconf 77' lang='lat' dir='ltr'><strong>reddidit</strong></span> <span class='ocrx_word' id='word_1_178' title='bbox 1276 1275 1311 1300; x_wconf 82' lang='lat' dir='ltr'><strong>a.</strong></span> <span class='ocrx_word' id='word_1_179' title='bbox 1347 1259 1386 1300; x_wconf 89' lang='lat' dir='ltr'><strong>d.</strong></span> <span class='ocrx_word' id='word_1_180' title='bbox 1423 1273 1504 1300; x_wconf 83' lang='lat' dir='ltr'><strong>nx.</strong></span> <span class='ocrx_word' id='word_1_181' title='bbox 1547 1259 1610 1301; x_wconf 84' lang='lat' dir='ltr'><strong>Id.</strong></span> <span class='ocrx_word' id='word_1_182' title='bbox 1647 1261 1768 1301; x_wconf 85' lang='lat' dir='ltr'><strong>Mart.</strong></span> <span class='ocrx_word' id='word_1_183' title='bbox 1804 1275 1978 1315; x_wconf 83' lang='lat' dir='ltr'><strong>vespere.</strong></span> 
     </span>
     <span class='ocr_line' id='line_1_18' title="bbox 214 1332 1979 1387; baseline -0.001 -14"><span class='ocrx_word' id='word_1_184' title='bbox 214 1333 266 1373; x_wconf 69' lang='lat' dir='ltr'><strong>Eo</strong></span> <span class='ocrx_word' id='word_1_185' title='bbox 311 1338 442 1373; x_wconf 76' lang='lat' dir='ltr'><strong>autem</strong></span> <span class='ocrx_word' id='word_1_186' title='bbox 488 1333 551 1373; x_wconf 87' lang='lat' dir='ltr'><strong>die</strong></span> <span class='ocrx_word' id='word_1_187' title='bbox 597 1348 711 1373; x_wconf 86' lang='lat' dir='ltr'><strong>mane</strong></span> <span class='ocrx_word' id='word_1_188' title='bbox 757 1332 985 1373; x_wconf 84' lang='lat' dir='ltr'><strong>tabellarios</strong></span> <span class='ocrx_word' id='word_1_189' title='bbox 1033 1334 1230 1382; x_wconf 76' lang='lat' dir='ltr'><strong>miseram,</strong></span> <span class='ocrx_word' id='word_1_190' title='bbox 1269 1332 1417 1387; x_wconf 83' lang='lat' dir='ltr'><strong>quibus</strong></span> <span class='ocrx_word' id='word_1_191' title='bbox 1451 1333 1499 1374; x_wconf 80' lang='lat' dir='ltr'><strong>ad</strong></span> <span class='ocrx_word' id='word_1_192' title='bbox 1535 1344 1574 1373; x_wconf 85' lang='lat' dir='ltr'><strong>te</strong></span> <span class='ocrx_word' id='word_1_193' title='bbox 1609 1333 1796 1374; x_wconf 75' lang='lat' dir='ltr'><strong>dederam</strong></span> <span class='ocrx_word' id='word_1_194' title='bbox 1829 1333 1979 1373; x_wconf 83' lang='lat' dir='ltr'><strong>literas.</strong></span> 
     </span>
     <span class='ocr_line' id='line_1_19' title="bbox 207 1405 1980 1461; baseline 0.001 -16"><span class='ocrx_word' id='word_1_195' title='bbox 207 1406 303 1446; x_wconf 79' lang='lat' dir='ltr'><strong>Tuis</strong></span> <span class='ocrx_word' id='word_1_196' title='bbox 336 1413 469 1447; x_wconf 82' lang='lat' dir='ltr'><strong>tamen</strong></span> <span class='ocrx_word' id='word_1_197' title='bbox 505 1406 629 1447; x_wconf 80' lang='lat' dir='ltr'><strong>literis</strong></span> <span class='ocrx_word' id='word_1_198' title='bbox 664 1407 801 1461; x_wconf 74' lang='lat' dir='ltr'><strong>putavi</strong></span> <span class='ocrx_word' id='word_1_199' title='bbox 837 1406 992 1460; x_wconf 79' lang='lat' dir='ltr'><strong>aliquid</strong></span> <span class='ocrx_word' id='word_1_200' title='bbox 1028 1405 1335 1447; x_wconf 86' lang='lat' dir='ltr'><strong>rescribendum</strong></span> <span class='ocrx_word' id='word_1_201' title='bbox 1371 1421 1468 1457; x_wconf 86' lang='lat' dir='ltr'><strong>esse,</strong></span> <span class='ocrx_word' id='word_1_202' title='bbox 1504 1422 1547 1447; x_wconf 83' lang='lat' dir='ltr'><strong>ea</strong></span> <span class='ocrx_word' id='word_1_203' title='bbox 1582 1422 1622 1447; x_wconf 90' lang='lat' dir='ltr'><strong>re</strong></span> <span class='ocrx_word' id='word_1_204' title='bbox 1657 1406 1841 1457; x_wconf 80' lang='lat' dir='ltr'><strong>maxime,</strong></span> <span class='ocrx_word' id='word_1_205' title='bbox 1873 1405 1980 1460; x_wconf 89' lang='lat' dir='ltr'><strong>quod</strong></span> 
     </span>
     <span class='ocr_line' id='line_1_20' title="bbox 172 1479 1981 1535; baseline 0.001 -17"><span class='ocrx_word' id='word_1_206' title='bbox 172 1493 186 1517; x_wconf 82' lang='lat'>5</span> <span class='ocrx_word' id='word_1_207' title='bbox 209 1479 386 1520; x_wconf 83' lang='lat' dir='ltr'><strong>ostendis</strong></span> <span class='ocrx_word' id='word_1_208' title='bbox 420 1490 457 1520; x_wconf 85' lang='lat' dir='ltr'><strong>te</strong></span> <span class='ocrx_word' id='word_1_209' title='bbox 495 1479 664 1535; x_wconf 82' lang='lat' dir='ltr'><strong>pendere.</strong></span> <span class='ocrx_word' id='word_1_210' title='bbox 698 1480 836 1529; x_wconf 80' lang='lat' dir='ltr'><strong>animi,</strong></span> <span class='ocrx_word' id='word_1_211' title='bbox 878 1495 1094 1534; x_wconf 85' lang='lat' dir='ltr'><strong>quamnam</strong></span> <span class='ocrx_word' id='word_1_212' title='bbox 1129 1480 1321 1521; x_wconf 82' lang='lat' dir='ltr'><strong>rationem</strong></span> <span class='ocrx_word' id='word_1_213' title='bbox 1358 1480 1431 1521; x_wconf 89' lang='lat' dir='ltr'><strong>sim</strong></span> <span class='ocrx_word' id='word_1_214' title='bbox 1473 1480 1631 1521; x_wconf 75' lang='lat' dir='ltr'><strong>Caesari</strong></span> <span class='ocrx_word' id='word_1_215' title='bbox 1667 1480 1860 1521; x_wconf 75' lang='lat' dir='ltr'><strong>allaturus</strong></span> <span class='ocrx_word' id='word_1_216' title='bbox 1893 1494 1981 1534; x_wconf 84' lang='lat' dir='ltr'><strong>pro-</strong></span> 
     </span>
     <span class='ocr_line' id='line_1_21' title="bbox 209 1552 2062 1608; baseline -0.001 -15"><span class='ocrx_word' id='word_1_217' title='bbox 209 1553 395 1593; x_wconf 82' lang='lat' dir='ltr'><strong>fectionis</strong></span> <span class='ocrx_word' id='word_1_218' title='bbox 429 1567 538 1593; x_wconf 88' lang='lat' dir='ltr'><strong>meae</strong></span> <span class='ocrx_word' id='word_1_219' title='bbox 572 1561 674 1601; x_wconf 85' lang='lat' dir='ltr'><strong>tum,</strong></span> <span class='ocrx_word' id='word_1_220' title='bbox 711 1567 836 1606; x_wconf 84' lang='lat' dir='ltr'><strong>quum</strong></span> <span class='ocrx_word' id='word_1_221' title='bbox 871 1567 917 1592; x_wconf 78' lang='lat' dir='ltr'><strong>ex</strong></span> <span class='ocrx_word' id='word_1_222' title='bbox 958 1552 1073 1592; x_wconf 73' lang='lat' dir='ltr'><strong>[talia</strong></span> <span class='ocrx_word' id='word_1_223' title='bbox 1107 1552 1371 1593; x_wconf 78' lang='lat' dir='ltr'><strong>discesserim.</strong></span> <span class='ocrx_word' id='word_1_224' title='bbox 1405 1553 1523 1593; x_wconf 88' lang='lat' dir='ltr'><strong>Nihil</strong></span> <span class='ocrx_word' id='word_1_225' title='bbox 1555 1568 1655 1608; x_wconf 87' lang='lat' dir='ltr'><strong>opus</strong></span> <span class='ocrx_word' id='word_1_226' title='bbox 1679 1557 1740 1594; x_wconf 82' lang='lat' dir='ltr'><strong>est</strong></span> <span class='ocrx_word' id='word_1_227' title='bbox 1760 1552 1862 1593; x_wconf 87' lang='lat' dir='ltr'><strong>mihi</strong></span> <span class='ocrx_word' id='word_1_228' title='bbox 1877 1566 1982 1592; x_wconf 81' lang='lat' dir='ltr'><strong>nova</strong></span> <span class='ocrx_word' id='word_1_229' title='bbox 2060 1597 2062 1607; x_wconf 47' lang='grc' dir='ltr'>Ι</span> 
     </span>
     <span class='ocr_line' id='line_1_22' title="bbox 210 1624 2062 1683; baseline -0.001 -16"><span class='ocrx_word' id='word_1_230' title='bbox 210 1626 376 1667; x_wconf 81' lang='lat' dir='ltr'><strong>ratione.</strong></span> <span class='ocrx_word' id='word_1_231' title='bbox 411 1627 534 1681; x_wconf 87' lang='lat' dir='ltr'><strong>Saepe</strong></span> <span class='ocrx_word' id='word_1_232' title='bbox 569 1627 674 1667; x_wconf 86' lang='lat' dir='ltr'><strong>euim</strong></span> <span class='ocrx_word' id='word_1_233' title='bbox 709 1625 757 1666; x_wconf 85' lang='lat' dir='ltr'><strong>ad</strong></span> <span class='ocrx_word' id='word_1_234' title='bbox 793 1641 885 1667; x_wconf 89' lang='lat' dir='ltr'><strong>eum</strong></span> <span class='ocrx_word' id='word_1_235' title='bbox 920 1626 1062 1681; x_wconf 83' lang='lat' dir='ltr'><strong>scripsi</strong></span> <span class='ocrx_word' id='word_1_236' title='bbox 1098 1625 1314 1681; x_wconf 81' lang='lat' dir='ltr'><strong>multisque</strong></span> <span class='ocrx_word' id='word_1_237' title='bbox 1350 1625 1538 1667; x_wconf 86' lang='lat' dir='ltr'><strong>mandavi</strong></span> <span class='ocrx_word' id='word_1_238' title='bbox 1578 1640 1640 1667; x_wconf 91' lang='lat' dir='ltr'><strong>me</strong></span> <span class='ocrx_word' id='word_1_239' title='bbox 1674 1641 1756 1667; x_wconf 91' lang='lat' dir='ltr'><strong>non</strong></span> <span class='ocrx_word' id='word_1_240' title='bbox 1788 1624 1980 1681; x_wconf 81' lang='lat' dir='ltr'><strong>potuisse,</strong></span> <span class='ocrx_word' id='word_1_241' title='bbox 2039 1648 2062 1683; x_wconf 69' lang='grc'><strong>-;</strong></span> 
     </span>
     <span class='ocr_line' id='line_1_23' title="bbox 215 1699 2062 1755; baseline -0.001 -15"><span class='ocrx_word' id='word_1_242' title='bbox 215 1714 340 1754; x_wconf 89' lang='lat' dir='ltr'><strong>quum</strong></span> <span class='ocrx_word' id='word_1_243' title='bbox 384 1700 596 1754; x_wconf 88' lang='lat' dir='ltr'><strong>cupissem,</strong></span> <span class='ocrx_word' id='word_1_244' title='bbox 644 1714 843 1740; x_wconf 86' lang='lat' dir='ltr'><strong>sermones</strong></span> <span class='ocrx_word' id='word_1_245' title='bbox 888 1699 1096 1740; x_wconf 87' lang='lat' dir='ltr'><strong>hominum</strong></span> <span class='ocrx_word' id='word_1_246' title='bbox 1142 1699 1353 1750; x_wconf 87' lang='lat' dir='ltr'><strong>sustinere,</strong></span> <span class='ocrx_word' id='word_1_247' title='bbox 1389 1699 1594 1754; x_wconf 89' lang='lat' dir='ltr'><strong>multaque</strong></span> <span class='ocrx_word' id='word_1_248' title='bbox 1628 1699 1670 1740; x_wconf 91' lang='grc'><strong>111</strong></span> <span class='ocrx_word' id='word_1_249' title='bbox 1704 1714 1791 1740; x_wconf 91' lang='lat' dir='ltr'><strong>eam</strong></span> <span class='ocrx_word' id='word_1_250' title='bbox 1825 1702 1984 1740; x_wconf 88' lang='lat' dir='ltr'><strong>senten·</strong></span> <span class='ocrx_word' id='word_1_251' title='bbox 2036 1718 2062 1755; x_wconf 54' lang='grc' dir='ltr'><strong>,ς</strong></span> 
     </span>
     <span class='ocr_line' id='line_1_24' title="bbox 211 1771 1986 1827; baseline -0.001 -14"><span class='ocrx_word' id='word_1_252' title='bbox 211 1774 324 1814; x_wconf 84' lang='lat' dir='ltr'><strong>tiam.</strong></span> <span class='ocrx_word' id='word_1_253' title='bbox 360 1771 475 1814; x_wconf 90' lang='lat' dir='ltr'><strong>Nihil</strong></span> <span class='ocrx_word' id='word_1_254' title='bbox 511 1773 616 1813; x_wconf 88' lang='lat' dir='ltr'><strong>enim</strong></span> <span class='ocrx_word' id='word_1_255' title='bbox 651 1781 749 1823; x_wconf 85' lang='lat' dir='ltr'><strong>erat,</strong></span> <span class='ocrx_word' id='word_1_256' title='bbox 785 1772 892 1827; x_wconf 92' lang='lat' dir='ltr'><strong>quod</strong></span> <span class='ocrx_word' id='word_1_257' title='bbox 928 1774 1061 1814; x_wconf 85' lang='lat' dir='ltr'><strong>minus</strong></span> <span class='ocrx_word' id='word_1_258' title='bbox 1094 1788 1186 1814; x_wconf 92' lang='lat' dir='ltr'><strong>eum</strong></span> <span class='ocrx_word' id='word_1_259' title='bbox 1220 1773 1359 1814; x_wconf 88' lang='lat' dir='ltr'><strong>vellem</strong></span> <span class='ocrx_word' id='word_1_260' title='bbox 1396 1773 1623 1814; x_wconf 82' lang='lat' dir='ltr'><strong>existimare</strong></span> <span class='ocrx_word' id='word_1_261' title='bbox 1647 1787 1769 1827; x_wconf 90' lang='lat' dir='ltr'><strong>quam</strong></span> <span class='ocrx_word' id='word_1_262' title='bbox 1787 1787 1849 1813; x_wconf 92' lang='lat' dir='ltr'><strong>me</strong></span> <span class='ocrx_word' id='word_1_263' title='bbox 1871 1775 1986 1812; x_wconf 79' lang='lat' dir='ltr'><strong>tanta</strong></span> 
     </span>
     <span class='ocr_line' id='line_1_25' title="bbox 158 1842 1984 1900; baseline -0.002 -13"><span class='ocrx_word' id='word_1_264' title='bbox 158 1863 193 1888; x_wconf 83' lang='lat'><strong>10</strong></span> <span class='ocrx_word' id='word_1_265' title='bbox 214 1846 263 1887; x_wconf 88' lang='lat' dir='ltr'><strong>de</strong></span> <span class='ocrx_word' id='word_1_266' title='bbox 302 1862 343 1887; x_wconf 86' lang='lat' dir='ltr'><strong>re.</strong></span> <span class='ocrx_word' id='word_1_267' title='bbox 388 1861 467 1887; x_wconf 87' lang='lat' dir='ltr'><strong>non</strong></span> <span class='ocrx_word' id='word_1_268' title='bbox 513 1861 599 1886; x_wconf 90' lang='lat' dir='ltr'><strong>meo</strong></span> <span class='ocrx_word' id='word_1_269' title='bbox 640 1845 806 1886; x_wconf 76' lang='lat' dir='ltr'><strong>consih&#39;o</strong></span> <span class='ocrx_word' id='word_1_270' title='bbox 859 1860 976 1886; x_wconf 86' lang='lat' dir='ltr'><strong>usum</strong></span> <span class='ocrx_word' id='word_1_271' title='bbox 1009 1861 1108 1886; x_wconf 85' lang='lat' dir='ltr'><strong>esse.</strong></span> <span class='ocrx_word' id='word_1_272' title='bbox 1144 1846 1301 1895; x_wconf 85' lang='lat' dir='ltr'><strong>Postea,</strong></span> <span class='ocrx_word' id='word_1_273' title='bbox 1337 1860 1462 1900; x_wconf 89' lang='lat' dir='ltr'><strong>quum</strong></span> <span class='ocrx_word' id='word_1_274' title='bbox 1496 1844 1595 1886; x_wconf 86' lang='grc'><strong>1111111</strong></span> <span class='ocrx_word' id='word_1_275' title='bbox 1630 1845 1767 1886; x_wconf 84' lang='lat' dir='ltr'><strong>literae</strong></span> <span class='ocrx_word' id='word_1_276' title='bbox 1801 1859 1823 1885; x_wconf 87' lang='lat' dir='ltr'><strong>a</strong></span> <span class='ocrx_word' id='word_1_277' title='bbox 1858 1842 1984 1885; x_wconf 89' lang='lat' dir='ltr'><strong>Balbo</strong></span> 
     </span>
     <span class='ocr_line' id='line_1_26' title="bbox 215 1916 1986 1970; baseline -0.002 -10"><span class='ocrx_word' id='word_1_278' title='bbox 215 1920 400 1961; x_wconf 80' lang='lat' dir='ltr'><strong>Cornelio</strong></span> <span class='ocrx_word' id='word_1_279' title='bbox 444 1919 593 1960; x_wconf 84' lang='lat' dir='ltr'><strong>minore</strong></span> <span class='ocrx_word' id='word_1_280' title='bbox 636 1920 777 1959; x_wconf 88' lang='lat' dir='ltr'><strong>missae</strong></span> <span class='ocrx_word' id='word_1_281' title='bbox 819 1925 951 1960; x_wconf 84' lang='lat' dir='ltr'><strong>esseut</strong></span> <span class='ocrx_word' id='word_1_282' title='bbox 998 1919 1110 1960; x_wconf 88' lang='lat' dir='ltr'><strong>illum</strong></span> <span class='ocrx_word' id='word_1_283' title='bbox 1145 1919 1372 1959; x_wconf 77' lang='lat' dir='ltr'><strong>existimare</strong></span> <span class='ocrx_word' id='word_1_284' title='bbox 1407 1919 1609 1970; x_wconf 78' lang='lat' dir='ltr'><strong>Quintum</strong></span> <span class='ocrx_word' id='word_1_285' title='bbox 1642 1917 1804 1958; x_wconf 85' lang='lat' dir='ltr'><strong>fratrem</strong></span> <span class='ocrx_word' id='word_1_286' title='bbox 1837 1916 1986 1958; x_wconf 82' lang='lat' dir='ltr'><strong>lituum</strong></span> 
     </span>
     <span class='ocr_line' id='line_1_27' title="bbox 216 1990 2042 2048; baseline -0.001 -15"><span class='ocrx_word' id='word_1_287' title='bbox 216 2008 326 2033; x_wconf 89' lang='lat' dir='ltr'><strong>meae</strong></span> <span class='ocrx_word' id='word_1_288' title='bbox 361 1992 617 2048; x_wconf 86' lang='lat' dir='ltr'><strong>profectionis</strong></span> <span class='ocrx_word' id='word_1_289' title='bbox 652 1993 772 2033; x_wconf 88' lang='lat' dir='ltr'><strong>fuisse</strong></span> <span class='ocrx_word' id='word_1_290' title='bbox 810 2018 866 2022; x_wconf 87' lang='lat'><strong>——</strong></span> <span class='ocrx_word' id='word_1_291' title='bbox 900 1993 957 2034; x_wconf 85' lang='lat' dir='ltr'><strong>ita</strong></span> <span class='ocrx_word' id='word_1_292' title='bbox 990 1993 1096 2034; x_wconf 89' lang='lat' dir='ltr'><strong>euim</strong></span> <span class='ocrx_word' id='word_1_293' title='bbox 1131 1993 1292 2048; x_wconf 84' lang='lat' dir='ltr'><strong>scripsit</strong></span> <span class='ocrx_word' id='word_1_294' title='bbox 1327 2018 1382 2022; x_wconf 80' lang='lat'><strong>——</strong></span> <span class='ocrx_word' id='word_1_295' title='bbox 1418 1993 1488 2047; x_wconf 90' lang='lat' dir='ltr'><strong>qui</strong></span> <span class='ocrx_word' id='word_1_296' title='bbox 1522 1991 1703 2042; x_wconf 79' lang='lat' dir='ltr'><strong>nondum</strong></span> <span class='ocrx_word' id='word_1_297' title='bbox 1736 2004 1988 2046; x_wconf 84' lang='lat' dir='ltr'><strong>cognossem,</strong></span> <span class='ocrx_word' id='word_1_298' title='bbox 2039 1990 2042 1991; x_wconf 42' lang='lat'><em>⁷</em></span> 
     </span>
     <span class='ocr_line' id='line_1_28' title="bbox 218 2064 1989 2122; baseline -0.001 -16"><span class='ocrx_word' id='word_1_299' title='bbox 218 2080 318 2120; x_wconf 87' lang='lat' dir='ltr'><strong>quae</strong></span> <span class='ocrx_word' id='word_1_300' title='bbox 361 2065 409 2106; x_wconf 87' lang='lat' dir='ltr'><strong>de</strong></span> <span class='ocrx_word' id='word_1_301' title='bbox 454 2081 516 2107; x_wconf 92' lang='lat' dir='ltr'><strong>me</strong></span> <span class='ocrx_word' id='word_1_302' title='bbox 560 2067 739 2118; x_wconf 69' lang='lat' dir='ltr'><strong>Quintus</strong></span> <span class='ocrx_word' id='word_1_303' title='bbox 774 2067 998 2122; x_wconf 87' lang='lat' dir='ltr'><strong>scripsisset</strong></span> <span class='ocrx_word' id='word_1_304' title='bbox 1031 2066 1080 2107; x_wconf 87' lang='lat' dir='ltr'><strong>ad</strong></span> <span class='ocrx_word' id='word_1_305' title='bbox 1116 2066 1278 2117; x_wconf 90' lang='lat' dir='ltr'><strong>multos,</strong></span> <span class='ocrx_word' id='word_1_306' title='bbox 1313 2067 1388 2107; x_wconf 89' lang='lat' dir='ltr'><strong>etsi</strong></span> <span class='ocrx_word' id='word_1_307' title='bbox 1423 2066 1549 2107; x_wconf 83' lang='lat' dir='ltr'><strong>multa</strong></span> <span class='ocrx_word' id='word_1_308' title='bbox 1584 2080 1768 2121; x_wconf 86' lang='lat' dir='ltr'><strong>praesens</strong></span> <span class='ocrx_word' id='word_1_309' title='bbox 1801 2064 1845 2105; x_wconf 91' lang='lat' dir='ltr'><strong>in</strong></span> <span class='ocrx_word' id='word_1_310' title='bbox 1877 2077 1989 2119; x_wconf 83' lang='lat' dir='ltr'><strong>prae-</strong></span> 
     </span>
     <span class='ocr_line' id='line_1_29' title="bbox 219 2137 1988 2190; baseline -0.001 -11"><span class='ocrx_word' id='word_1_311' title='bbox 219 2144 371 2180; x_wconf 85' lang='lat' dir='ltr'><strong>sentem</strong></span> <span class='ocrx_word' id='word_1_312' title='bbox 405 2137 543 2180; x_wconf 86' lang='lat' dir='ltr'><strong>acerbe</strong></span> <span class='ocrx_word' id='word_1_313' title='bbox 579 2139 733 2180; x_wconf 78' lang='lat' dir='ltr'><strong>dixerat</strong></span> <span class='ocrx_word' id='word_1_314' title='bbox 765 2145 805 2180; x_wconf 89' lang='lat' dir='ltr'><strong>et</strong></span> <span class='ocrx_word' id='word_1_315' title='bbox 838 2139 998 2190; x_wconf 85' lang='lat' dir='ltr'><strong>fecerat,</strong></span> <span class='ocrx_word' id='word_1_316' title='bbox 1034 2146 1168 2180; x_wconf 88' lang='lat' dir='ltr'><strong>tamen</strong></span> <span class='ocrx_word' id='word_1_317' title='bbox 1203 2140 1227 2179; x_wconf 87' lang='lat'><strong>†</strong></span> <span class='ocrx_word' id='word_1_318' title='bbox 1247 2140 1294 2180; x_wconf 86' lang='lat' dir='ltr'><strong>L.</strong></span> <span class='ocrx_word' id='word_1_319' title='bbox 1331 2155 1417 2181; x_wconf 87' lang='lat' dir='ltr'><strong>meo</strong></span> <span class='ocrx_word' id='word_1_320' title='bbox 1451 2139 1513 2180; x_wconf 78' lang='lat' dir='ltr'><strong>his</strong></span> <span class='ocrx_word' id='word_1_321' title='bbox 1550 2139 1678 2181; x_wconf 74' lang='lat' dir='ltr'><strong>verbis</strong></span> <span class='ocrx_word' id='word_1_322' title='bbox 1706 2137 1756 2178; x_wconf 88' lang='lat' dir='ltr'><strong>ad</strong></span> <span class='ocrx_word' id='word_1_323' title='bbox 1779 2137 1988 2179; x_wconf 86' lang='lat' dir='ltr'><strong>Caesarem</strong></span> 
     </span>
     <span class='ocr_line' id='line_1_30' title="bbox 167 2212 386 2267; baseline 0.005 -16"><span class='ocrx_word' id='word_1_324' title='bbox 167 2226 198 2251; x_wconf 69' lang='lat'><strong>15</strong></span> <span class='ocrx_word' id='word_1_325' title='bbox 223 2212 386 2267; x_wconf 88' lang='lat' dir='ltr'><strong>scripsi:</strong></span> 
     </span>
     <span class='ocr_line' id='line_1_31' title="bbox 288 2281 1991 2342; baseline -0.001 -17"><span class='ocrx_word' id='word_1_326' title='bbox 288 2288 328 2325; x_wconf 70' lang='lat'><strong>2.</strong></span> <span class='ocrx_word' id='word_1_327' title='bbox 379 2286 473 2335; x_wconf 51' lang='lat' dir='ltr'><strong>“De</strong></span> <span class='ocrx_word' id='word_1_328' title='bbox 515 2286 667 2336; x_wconf 71' lang='lat' dir='ltr'><strong>Quinto</strong></span> <span class='ocrx_word' id='word_1_329' title='bbox 712 2286 831 2327; x_wconf 84' lang='lat' dir='ltr'><strong>fratre</strong></span> <span class='ocrx_word' id='word_1_330' title='bbox 876 2302 963 2328; x_wconf 85' lang='lat' dir='ltr'><strong>meo</strong></span> <span class='ocrx_word' id='word_1_331' title='bbox 1006 2302 1086 2328; x_wconf 89' lang='lat' dir='ltr'><strong>uon</strong></span> <span class='ocrx_word' id='word_1_332' title='bbox 1119 2288 1252 2328; x_wconf 82' lang='lat' dir='ltr'><strong>minus</strong></span> <span class='ocrx_word' id='word_1_333' title='bbox 1284 2286 1421 2329; x_wconf 86' lang='lat' dir='ltr'><strong>laboro</strong></span> <span class='ocrx_word' id='word_1_334' title='bbox 1454 2303 1573 2342; x_wconf 88' lang='lat' dir='ltr'><strong>quam</strong></span> <span class='ocrx_word' id='word_1_335' title='bbox 1608 2287 1656 2328; x_wconf 90' lang='lat' dir='ltr'><strong>de</strong></span> <span class='ocrx_word' id='word_1_336' title='bbox 1691 2301 1752 2327; x_wconf 86' lang='lat' dir='ltr'><strong>me</strong></span> <span class='ocrx_word' id='word_1_337' title='bbox 1784 2285 1886 2340; x_wconf 89' lang='lat' dir='ltr'><strong>ipso,</strong></span> <span class='ocrx_word' id='word_1_338' title='bbox 1922 2281 1991 2324; x_wconf 88' lang='lat' dir='ltr'><strong>sed</strong></span> 
     </span>
     <span class='ocr_line' id='line_1_32' title="bbox 234 2357 1995 2415; baseline 0.001 -18"><span class='ocrx_word' id='word_1_339' title='bbox 234 2386 249 2406; x_wconf 51' lang='lat' dir='ltr'><strong>,f</strong></span> <span class='ocrx_word' id='word_1_340' title='bbox 263 2373 354 2399; x_wconf 90' lang='lat' dir='ltr'><strong>eum</strong></span> <span class='ocrx_word' id='word_1_341' title='bbox 397 2357 471 2399; x_wconf 88' lang='lat' dir='ltr'><strong>tibi</strong></span> <span class='ocrx_word' id='word_1_342' title='bbox 517 2359 792 2400; x_wconf 88' lang='lat' dir='ltr'><strong>commendare</strong></span> <span class='ocrx_word' id='word_1_343' title='bbox 838 2359 912 2399; x_wconf 87' lang='lat' dir='ltr'><strong>hoc</strong></span> <span class='ocrx_word' id='word_1_344' title='bbox 957 2375 1044 2400; x_wconf 89' lang='lat' dir='ltr'><strong>meo</strong></span> <span class='ocrx_word' id='word_1_345' title='bbox 1090 2369 1267 2415; x_wconf 84' lang='lat' dir='ltr'><strong>tempore</strong></span> <span class='ocrx_word' id='word_1_346' title='bbox 1312 2376 1393 2401; x_wconf 84' lang='lat' dir='ltr'><strong>uon</strong></span> <span class='ocrx_word' id='word_1_347' title='bbox 1439 2360 1581 2401; x_wconf 88' lang='lat' dir='ltr'><strong>audeo.</strong></span> <span class='ocrx_word' id='word_1_348' title='bbox 1632 2359 1738 2401; x_wconf 84' lang='lat' dir='ltr'><strong>Illud</strong></span> <span class='ocrx_word' id='word_1_349' title='bbox 1785 2358 1995 2399; x_wconf 81' lang='lat' dir='ltr'><strong>dumtaxat</strong></span> 
     </span>
    </p>
   </div>
   <div class='ocr_carea' id='block_1_9' title="bbox 289 2470 445 2473">
    <p class='ocr_par' dir='ltr' id='par_1_9' title="bbox 289 2470 445 2473">
     <span class='ocr_line' id='line_1_33' title="bbox 289 2470 445 2473; baseline 0 0"><span class='ocrx_word' id='word_1_350' title='bbox 289 2470 445 2473; x_wconf 95' lang='lat' dir='ltr'><strong> </strong></span> 
     </span>
    </p>
   </div>
   <div class='ocr_carea' id='block_1_10' title="bbox 231 2517 1998 2606">
    <p class='ocr_par' dir='ltr' id='par_1_10' title="bbox 231 2517 1998 2606">
     <span class='ocr_line' id='line_1_34' title="bbox 270 2517 1998 2560; baseline -0.001 -13"><span class='ocrx_word' id='word_1_351' title='bbox 270 2518 290 2547; x_wconf 78' lang='lat'>4</span> <span class='ocrx_word' id='word_1_352' title='bbox 313 2519 416 2547; x_wconf 77' lang='lat' dir='ltr'><strong>tamen</strong></span> <span class='ocrx_word' id='word_1_353' title='bbox 440 2517 531 2547; x_wconf 73' lang='lat' dir='ltr'><strong>lectis</strong></span> <span class='ocrx_word' id='word_1_354' title='bbox 554 2518 672 2548; x_wconf 72' lang='lat' dir='ltr'><strong>lillem&#39;s</strong></span> <span class='ocrx_word' id='word_1_355' title='bbox 696 2537 735 2540; x_wconf 96' lang='lat'><strong>—</strong></span> <span class='ocrx_word' id='word_1_356' title='bbox 760 2519 987 2550; x_wconf 67' lang='lat' dir='ltr'><strong>rescribendum</strong></span> <span class='ocrx_word' id='word_1_357' title='bbox 1013 2528 1089 2556; x_wconf 70' lang='lat' dir='ltr'><strong>esse,</strong></span> <span class='ocrx_word' id='word_1_358' title='bbox 1114 2520 1245 2550; x_wconf 57' lang='lat' dir='ltr'><strong>maxime</strong></span> <span class='ocrx_word' id='word_1_359' title='bbox 1268 2539 1308 2542; x_wconf 84' lang='lat'>—</span> <span class='ocrx_word' id='word_1_360' title='bbox 1332 2519 1348 2552; x_wconf 76' lang='grc'><strong>7</strong></span> <span class='ocrx_word' id='word_1_361' title='bbox 1372 2520 1519 2552; x_wconf 63' lang='lat' dir='ltr'><strong>mandam*</strong></span> <span class='ocrx_word' id='word_1_362' title='bbox 1542 2530 1600 2550; x_wconf 80' lang='lat' dir='ltr'><strong>mm</strong></span> <span class='ocrx_word' id='word_1_363' title='bbox 1618 2519 1761 2560; x_wconf 71' lang='lat' dir='ltr'><strong>poluisse</strong></span> <span class='ocrx_word' id='word_1_364' title='bbox 1782 2535 1823 2541; x_wconf 90' lang='lat'>—</span> <span class='ocrx_word' id='word_1_365' title='bbox 1841 2517 1881 2547; x_wconf 86' lang='lat'><strong>14</strong></span> <span class='ocrx_word' id='word_1_366' title='bbox 1894 2518 1998 2546; x_wconf 80' lang='lat' dir='ltr'><strong>tamen</strong></span> 
     </span>
     <span class='ocr_line' id='line_1_35' title="bbox 231 2568 493 2606; baseline 0.008 -7"><span class='ocrx_word' id='word_1_367' title='bbox 231 2571 247 2606; x_wconf 87' lang='lat'><em>†</em></span> <span class='ocrx_word' id='word_1_368' title='bbox 269 2568 343 2600; x_wconf 85' lang='lat' dir='ltr'><strong>Nilo</strong></span> <span class='ocrx_word' id='word_1_369' title='bbox 365 2580 429 2600; x_wconf 86' lang='lat' dir='ltr'><strong>meo</strong></span> <span class='ocrx_word' id='word_1_370' title='bbox 452 2588 493 2592; x_wconf 91' lang='lat'><strong>—</strong></span> 
     </span>
    </p>
   </div>
   <div class='ocr_carea' id='block_1_11' title="bbox 250 2659 369 2662">
    <p class='ocr_par' dir='ltr' id='par_1_11' title="bbox 250 2659 369 2662">
     <span class='ocr_line' id='line_1_36' title="bbox 250 2659 369 2662; baseline 0 0"><span class='ocrx_word' id='word_1_371' title='bbox 250 2659 369 2662; x_wconf 95' lang='lat' dir='ltr'><strong> </strong></span> 
     </span>
    </p>
   </div>
   <div class='ocr_carea' id='block_1_12' title="bbox 273 2702 2062 2748">
    <p class='ocr_par' dir='ltr' id='par_1_12' title="bbox 273 2702 2062 2748">
     <span class='ocr_line' id='line_1_37' title="bbox 273 2702 2062 2748; baseline -0.001 -12"><span class='ocrx_word' id='word_1_372' title='bbox 273 2706 517 2747; x_wconf 68' lang='lat' dir='ltr'><strong>§LMuItisque</strong></span> <span class='ocrx_word' id='word_1_373' title='bbox 538 2707 686 2737; x_wconf 71' lang='lat' dir='ltr'><strong>mandam</strong></span> <span class='ocrx_word' id='word_1_374' title='bbox 698 2718 742 2738; x_wconf 84' lang='lat' dir='ltr'><strong>me</strong></span> <span class='ocrx_word' id='word_1_375' title='bbox 756 2718 818 2738; x_wconf 69' lang='lat' dir='ltr'><strong>non</strong></span> <span class='ocrx_word' id='word_1_376' title='bbox 829 2707 976 2748; x_wconf 68' lang='lat' dir='ltr'><strong>potuisse.</strong></span> <span class='ocrx_word' id='word_1_377' title='bbox 991 2707 1091 2738; x_wconf 84' lang='lat' dir='ltr'><strong>Pron.</strong></span> <span class='ocrx_word' id='word_1_378' title='bbox 1114 2719 1115 2723; x_wconf 55' lang='lat'>¹</span> <span class='ocrx_word' id='word_1_379' title='bbox 1144 2709 1260 2740; x_wconf 79' lang='lat' dir='ltr'><strong>Cicero</strong></span> <span class='ocrx_word' id='word_1_380' title='bbox 1290 2709 1403 2740; x_wconf 86' lang='lat' dir='ltr'><strong>scribit</strong></span> <span class='ocrx_word' id='word_1_381' title='bbox 1433 2708 1594 2748; x_wconf 88' lang='lat' dir='ltr'><strong>Ampium</strong></span> <span class='ocrx_word' id='word_1_382' title='bbox 1629 2707 1773 2738; x_wconf 84' lang='lat' dir='ltr'><strong>Balbum</strong></span> <span class='ocrx_word' id='word_1_383' title='bbox 1803 2706 1844 2736; x_wconf 83' lang='lat' dir='ltr'><strong>ab</strong></span> <span class='ocrx_word' id='word_1_384' title='bbox 1878 2702 1999 2735; x_wconf 84' lang='lat' dir='ltr'><strong>invidis</strong></span> <span class='ocrx_word' id='word_1_385' title='bbox 2057 2719 2062 2722; x_wconf 94' lang='lat'><em>-</em></span> 
     </span>
    </p>
   </div>
   <div class='ocr_carea' id='block_1_13' title="bbox 235 2759 2055 3234">
    <p class='ocr_par' dir='ltr' id='par_1_13' title="bbox 235 2759 2055 3234">
     <span class='ocr_line' id='line_1_38' title="bbox 235 2759 1606 2802; baseline 0.003 -13"><span class='ocrx_word' id='word_1_386' title='bbox 235 2770 280 2790; x_wconf 78' lang='lat' dir='ltr'><strong>me</strong></span> <span class='ocrx_word' id='word_1_387' title='bbox 303 2760 413 2790; x_wconf 79' lang='lat' dir='ltr'><strong>addidi</strong></span> <span class='ocrx_word' id='word_1_388' title='bbox 435 2769 452 2790; x_wconf 91' lang='lat' dir='ltr'><strong>e</strong></span> <span class='ocrx_word' id='word_1_389' title='bbox 475 2760 572 2790; x_wconf 87' lang='lat' dir='ltr'><strong>scidis</strong></span> <span class='ocrx_word' id='word_1_390' title='bbox 593 2759 696 2790; x_wconf 81' lang='lat' dir='ltr'><strong>Wirz.</strong></span> <span class='ocrx_word' id='word_1_391' title='bbox 731 2761 926 2802; x_wconf 86' lang='lat' dir='ltr'><strong>easdemque</strong></span> <span class='ocrx_word' id='word_1_392' title='bbox 961 2767 1092 2792; x_wconf 84' lang='lat' dir='ltr'><strong>secutus</strong></span> <span class='ocrx_word' id='word_1_393' title='bbox 1114 2783 1115 2786; x_wconf 57' lang='lat'><em>=</em></span> <span class='ocrx_word' id='word_1_394' title='bbox 1143 2764 1245 2795; x_wconf 73' lang='lat' dir='ltr'><strong>tubam</strong></span> <span class='ocrx_word' id='word_1_395' title='bbox 1268 2764 1342 2794; x_wconf 83' lang='lat' dir='ltr'><strong>belli</strong></span> <span class='ocrx_word' id='word_1_396' title='bbox 1361 2763 1463 2794; x_wconf 74' lang='lat' dir='ltr'><strong>civilis</strong></span> <span class='ocrx_word' id='word_1_397' title='bbox 1486 2763 1606 2794; x_wconf 87' lang='lat' dir='ltr'><strong>vocari.</strong></span> 
     </span>
     <span class='ocr_line' id='line_1_39' title="bbox 237 2811 1999 2854; baseline -0.001 -11"><span class='ocrx_word' id='word_1_398' title='bbox 237 2824 308 2844; x_wconf 68' lang='lat' dir='ltr'><strong>sum</strong></span> <span class='ocrx_word' id='word_1_399' title='bbox 338 2814 438 2854; x_wconf 86' lang='lat' dir='ltr'><strong>paulo</strong></span> <span class='ocrx_word' id='word_1_400' title='bbox 471 2818 546 2844; x_wconf 85' lang='lat' dir='ltr'><strong>ante</strong></span> <span class='ocrx_word' id='word_1_401' title='bbox 575 2814 689 2845; x_wconf 82' lang='lat' dir='ltr'><strong>delens</strong></span> <span class='ocrx_word' id='word_1_402' title='bbox 712 2815 802 2845; x_wconf 74' lang='lat' dir='ltr'><strong>lectis</strong></span> <span class='ocrx_word' id='word_1_403' title='bbox 825 2815 860 2846; x_wconf 88' lang='lat' dir='ltr'><strong>in</strong></span> <span class='ocrx_word' id='word_1_404' title='bbox 883 2815 993 2846; x_wconf 87' lang='lat' dir='ltr'><strong>verbis</strong></span> <span class='ocrx_word' id='word_1_405' title='bbox 1020 2814 1093 2845; x_wconf 71' lang='lat' dir='ltr'><strong>Tuis</strong></span> <span class='ocrx_word' id='word_1_406' title='bbox 1114 2812 1115 2818; x_wconf 54' lang='lat'>¹</span> <span class='ocrx_word' id='word_1_407' title='bbox 1189 2816 1303 2848; x_wconf 82' lang='lat' dir='ltr'><strong>Tamen</strong></span> <span class='ocrx_word' id='word_1_408' title='bbox 1324 2818 1341 2849; x_wconf 87' lang='lat'><em>†</em></span> <span class='ocrx_word' id='word_1_409' title='bbox 1361 2816 1396 2846; x_wconf 89' lang='lat' dir='ltr'><strong>L.</strong></span> <span class='ocrx_word' id='word_1_410' title='bbox 1421 2826 1485 2847; x_wconf 82' lang='lat' dir='ltr'><strong>meo</strong></span> <span class='ocrx_word' id='word_1_411' title='bbox 1507 2816 1556 2846; x_wconf 71' lang='lat' dir='ltr'><strong>his</strong></span> <span class='ocrx_word' id='word_1_412' title='bbox 1575 2814 1676 2846; x_wconf 76' lang='lat' dir='ltr'><strong>verbis</strong></span> <span class='ocrx_word' id='word_1_413' title='bbox 1698 2832 1740 2836; x_wconf 97' lang='lat'><strong>—</strong></span> <span class='ocrx_word' id='word_1_414' title='bbox 1759 2812 1881 2854; x_wconf 66' lang='lat' dir='ltr'><strong>scripsi.</strong></span> <span class='ocrx_word' id='word_1_415' title='bbox 1899 2812 1951 2842; x_wconf 80' lang='lat' dir='ltr'><strong>Ita</strong></span> <span class='ocrx_word' id='word_1_416' title='bbox 1965 2811 1999 2841; x_wconf 85' lang='lat' dir='ltr'><strong>in</strong></span> 
     </span>
     <span class='ocr_line' id='line_1_40' title="bbox 235 2856 1999 2909; baseline -0.002 -12"><span class='ocrx_word' id='word_1_417' title='bbox 235 2871 339 2899; x_wconf 75' lang='lat' dir='ltr'><strong>tamen</strong></span> <span class='ocrx_word' id='word_1_418' title='bbox 365 2867 457 2899; x_wconf 75' lang='lat' dir='ltr'><strong>lectis</strong></span> <span class='ocrx_word' id='word_1_419' title='bbox 485 2867 589 2898; x_wconf 76' lang='lat' dir='ltr'><strong>lileris</strong></span> <span class='ocrx_word' id='word_1_420' title='bbox 617 2876 649 2899; x_wconf 87' lang='lat' dir='ltr'><strong>et</strong></span> <span class='ocrx_word' id='word_1_421' title='bbox 684 2874 756 2909; x_wconf 86' lang='lat' dir='ltr'><strong>post</strong></span> <span class='ocrx_word' id='word_1_422' title='bbox 778 2868 1006 2900; x_wconf 70' lang='lat' dir='ltr'><strong>rescribendum</strong></span> <span class='ocrx_word' id='word_1_423' title='bbox 1028 2877 1094 2899; x_wconf 75' lang='lat' dir='ltr'><strong>esse</strong></span> <span class='ocrx_word' id='word_1_424' title='bbox 1114 2856 1116 2878; x_wconf 40' lang='grc' dir='ltr'><em>ζ</em></span> <span class='ocrx_word' id='word_1_425' title='bbox 1144 2871 1235 2902; x_wconf 81' lang='lat' dir='ltr'><strong>Med,</strong></span> <span class='ocrx_word' id='word_1_426' title='bbox 1257 2874 1438 2901; x_wconf 80' lang='lat' dir='ltr'><strong>correctum</strong></span> <span class='ocrx_word' id='word_1_427' title='bbox 1460 2876 1518 2901; x_wconf 78' lang='lat' dir='ltr'><strong>est.</strong></span> <span class='ocrx_word' id='word_1_428' title='bbox 1532 2868 1611 2900; x_wconf 85' lang='lat' dir='ltr'><strong>Cod.</strong></span> <span class='ocrx_word' id='word_1_429' title='bbox 1625 2868 1720 2908; x_wconf 84' lang='lat' dir='ltr'><strong>Hisp.</strong></span> <span class='ocrx_word' id='word_1_430' title='bbox 1733 2867 1854 2897; x_wconf 83' lang='lat' dir='ltr'><strong>habere</strong></span> <span class='ocrx_word' id='word_1_431' title='bbox 1866 2865 1999 2896; x_wconf 81' lang='lat' dir='ltr'><strong>dicitur:</strong></span> 
     </span>
     <span class='ocr_line' id='line_1_41' title="bbox 235 2916 2047 2965; baseline -0.003 -12"><span class='ocrx_word' id='word_1_432' title='bbox 235 2922 385 2954; x_wconf 86' lang='lat' dir='ltr'><strong>inserens</strong></span> <span class='ocrx_word' id='word_1_433' title='bbox 421 2933 458 2953; x_wconf 79' lang='lat' dir='ltr'><strong>ea</strong></span> <span class='ocrx_word' id='word_1_434' title='bbox 491 2933 534 2952; x_wconf 79' lang='lat' dir='ltr'><strong>re.</strong></span> <span class='ocrx_word' id='word_1_435' title='bbox 567 2922 654 2954; x_wconf 79' lang='lat' dir='ltr'><strong>Nam</strong></span> <span class='ocrx_word' id='word_1_436' title='bbox 687 2933 704 2954; x_wconf 91' lang='lat' dir='ltr'><strong>e</strong></span> <span class='ocrx_word' id='word_1_437' title='bbox 735 2934 816 2954; x_wconf 86' lang='lat' dir='ltr'><strong>corr.</strong></span> <span class='ocrx_word' id='word_1_438' title='bbox 848 2923 936 2954; x_wconf 81' lang='lat' dir='ltr'><strong>Med.</strong></span> <span class='ocrx_word' id='word_1_439' title='bbox 970 2933 1037 2954; x_wconf 78' lang='lat' dir='ltr'><strong>esse</strong></span> <span class='ocrx_word' id='word_1_440' title='bbox 1058 2933 1117 2952; x_wconf 51' lang='lat' dir='ltr'><strong>eo¹</strong></span> <span class='ocrx_word' id='word_1_441' title='bbox 1146 2924 1294 2965; x_wconf 55' lang='lat' dir='ltr'><strong>effecerat</strong></span> <span class='ocrx_word' id='word_1_442' title='bbox 1327 2925 1431 2953; x_wconf 77' lang='lat' dir='ltr'><strong>tamen</strong></span> <span class='ocrx_word' id='word_1_443' title='bbox 1463 2921 1610 2953; x_wconf 74' lang='lat' dir='ltr'><strong>moeroris</strong></span> <span class='ocrx_word' id='word_1_444' title='bbox 1631 2920 1740 2951; x_wconf 74' lang='lat' dir='ltr'><strong>verbis.</strong></span> <span class='ocrx_word' id='word_1_445' title='bbox 1783 2917 2002 2950; x_wconf 84' lang='lat' dir='ltr'><strong>Scribendum</strong></span> <span class='ocrx_word' id='word_1_446' title='bbox 2040 2916 2047 2943; x_wconf 64' lang='grc' dir='ltr'><em>ᾗ</em></span> 
     </span>
     <span class='ocr_line' id='line_1_42' title="bbox 238 2968 2003 3018; baseline -0.005 -10"><span class='ocrx_word' id='word_1_447' title='bbox 238 2982 370 3018; x_wconf 81' lang='lat' dir='ltr'><strong>apparet</strong></span> <span class='ocrx_word' id='word_1_448' title='bbox 391 2977 427 3007; x_wconf 88' lang='lat' dir='ltr'><strong>in</strong></span> <span class='ocrx_word' id='word_1_449' title='bbox 449 2976 553 3007; x_wconf 81' lang='lat' dir='ltr'><strong>veteri</strong></span> <span class='ocrx_word' id='word_1_450' title='bbox 576 2978 738 3018; x_wconf 85' lang='lat' dir='ltr'><strong>exemplo,</strong></span> <span class='ocrx_word' id='word_1_451' title='bbox 761 2988 827 3018; x_wconf 90' lang='lat' dir='ltr'><strong>quo</strong></span> <span class='ocrx_word' id='word_1_452' title='bbox 853 2977 911 3008; x_wconf 85' lang='lat' dir='ltr'><strong>ille</strong></span> <span class='ocrx_word' id='word_1_453' title='bbox 933 2977 1094 3013; x_wconf 85' lang='lat' dir='ltr'><strong>utebatur,</strong></span> <span class='ocrx_word' id='word_1_454' title='bbox 1116 2972 1119 2999; x_wconf 64' lang='grc' dir='ltr'>ἒ</span> <span class='ocrx_word' id='word_1_455' title='bbox 1146 2977 1276 3007; x_wconf 87' lang='lat' dir='ltr'><strong>videtur</strong></span> <span class='ocrx_word' id='word_1_456' title='bbox 1297 2985 1374 3006; x_wconf 92' lang='lat' dir='ltr'><strong>cum</strong></span> <span class='ocrx_word' id='word_1_457' title='bbox 1395 2974 1536 3006; x_wconf 82' lang='lat' dir='ltr'><strong>Graevio</strong></span> <span class='ocrx_word' id='word_1_458' title='bbox 1558 2979 1591 3004; x_wconf 83' lang='lat' dir='ltr'><strong>et</strong></span> <span class='ocrx_word' id='word_1_459' title='bbox 1611 2970 1852 3010; x_wconf 84' lang='lat' dir='ltr'><strong>Wesenbergio</strong></span> <span class='ocrx_word' id='word_1_460' title='bbox 1862 2968 2003 3000; x_wconf 83' lang='lat' dir='ltr'><strong>Emend.</strong></span> 
     </span>
     <span class='ocr_line' id='line_1_43' title="bbox 239 3020 2047 3072; baseline -0.006 -10"><span class='ocrx_word' id='word_1_461' title='bbox 239 3032 304 3063; x_wconf 81' lang='lat' dir='ltr'><strong>tale</strong></span> <span class='ocrx_word' id='word_1_462' title='bbox 337 3031 418 3072; x_wconf 83' lang='lat' dir='ltr'><strong>quid</strong></span> <span class='ocrx_word' id='word_1_463' title='bbox 445 3031 492 3062; x_wconf 92' lang='lat' dir='ltr'><strong>ibi</strong></span> <span class='ocrx_word' id='word_1_464' title='bbox 522 3031 680 3072; x_wconf 81' lang='lat' dir='ltr'><strong>scriptum</strong></span> <span class='ocrx_word' id='word_1_465' title='bbox 711 3032 822 3064; x_wconf 85' lang='lat' dir='ltr'><strong>fuisse.</strong></span> <span class='ocrx_word' id='word_1_466' title='bbox 858 3031 901 3063; x_wconf 83' lang='lat' dir='ltr'><strong>cf.</strong></span> <span class='ocrx_word' id='word_1_467' title='bbox 928 3031 1031 3062; x_wconf 80' lang='lat' dir='ltr'><strong>Halm</strong></span> <span class='ocrx_word' id='word_1_468' title='bbox 1061 3032 1095 3062; x_wconf 87' lang='lat' dir='ltr'><strong>in</strong></span> <span class='ocrx_word' id='word_1_469' title='bbox 1118 3031 1120 3063; x_wconf 73' lang='grc' dir='ltr'>ἶ</span> <span class='ocrx_word' id='word_1_470' title='bbox 1146 3041 1178 3071; x_wconf 90' lang='lat' dir='ltr'><strong>p.</strong></span> <span class='ocrx_word' id='word_1_471' title='bbox 1211 3030 1272 3061; x_wconf 78' lang='lat'><strong>124</strong></span> <span class='ocrx_word' id='word_1_472' title='bbox 1304 3031 1407 3059; x_wconf 72' lang='lat' dir='ltr'><strong>tamen</strong></span> <span class='ocrx_word' id='word_1_473' title='bbox 1441 3027 1642 3059; x_wconf 81' lang='lat' dir='ltr'><strong>nihilominus</strong></span> <span class='ocrx_word' id='word_1_474' title='bbox 1676 3025 1725 3055; x_wconf 63' lang='lat' dir='ltr'><strong>his</strong></span> <span class='ocrx_word' id='word_1_475' title='bbox 1757 3023 1857 3054; x_wconf 64' lang='lat' dir='ltr'><strong>verbis</strong></span> <span class='ocrx_word' id='word_1_476' title='bbox 1876 3022 1934 3053; x_wconf 67' lang='lat' dir='ltr'><strong>“ad</strong></span> <span class='ocrx_word' id='word_1_477' title='bbox 1971 3020 2006 3052; x_wconf 81' lang='lat'><strong>0.</strong></span> <span class='ocrx_word' id='word_1_478' title='bbox 2043 3022 2047 3023; x_wconf 51' lang='lat'><em>⁷</em></span> 
     </span>
     <span class='ocr_line' id='line_1_44' title="bbox 238 3075 2055 3126; baseline -0.006 -11"><span class='ocrx_word' id='word_1_479' title='bbox 238 3085 326 3116; x_wconf 80' lang='lat' dir='ltr'><strong>Mus.</strong></span> <span class='ocrx_word' id='word_1_480' title='bbox 349 3084 455 3116; x_wconf 85' lang='lat' dir='ltr'><strong>Rhen.</strong></span> <span class='ocrx_word' id='word_1_481' title='bbox 477 3083 614 3115; x_wconf 90' lang='lat' dir='ltr'><strong>XVIII.</strong></span> <span class='ocrx_word' id='word_1_482' title='bbox 636 3095 667 3126; x_wconf 92' lang='lat' dir='ltr'><strong>p.</strong></span> <span class='ocrx_word' id='word_1_483' title='bbox 688 3086 748 3116; x_wconf 77' lang='lat'><strong>461</strong></span> <span class='ocrx_word' id='word_1_484' title='bbox 772 3096 820 3126; x_wconf 87' lang='lat' dir='ltr'><strong>sq.</strong></span> <span class='ocrx_word' id='word_1_485' title='bbox 1119 3103 1121 3121; x_wconf 44' lang='grc'><strong>1</strong></span> <span class='ocrx_word' id='word_1_486' title='bbox 1148 3083 1271 3124; x_wconf 73' lang='lat' dir='ltr'><strong>scripsi,</strong></span> <span class='ocrx_word' id='word_1_487' title='bbox 1305 3084 1393 3124; x_wconf 88' lang='lat' dir='ltr'><strong>quod</strong></span> <span class='ocrx_word' id='word_1_488' title='bbox 1422 3090 1532 3113; x_wconf 85' lang='lat' dir='ltr'><strong>tamen</strong></span> <span class='ocrx_word' id='word_1_489' title='bbox 1561 3080 1668 3120; x_wconf 83' lang='lat' dir='ltr'><strong>magis</strong></span> <span class='ocrx_word' id='word_1_490' title='bbox 1699 3078 1799 3109; x_wconf 83' lang='lat' dir='ltr'><strong>fluxit</strong></span> <span class='ocrx_word' id='word_1_491' title='bbox 1819 3087 1837 3108; x_wconf 85' lang='lat' dir='ltr'><strong>e</strong></span> <span class='ocrx_word' id='word_1_492' title='bbox 1860 3075 2004 3107; x_wconf 77' lang='lat' dir='ltr'><strong>Bosiano</strong></span> <span class='ocrx_word' id='word_1_493' title='bbox 2050 3079 2055 3087; x_wconf 97' lang='lat'><em>&#39;</em></span> 
     </span>
     <span class='ocr_line' id='line_1_45' title="bbox 285 3131 2006 3182; baseline -0.006 -14"><span class='ocrx_word' id='word_1_494' title='bbox 285 3138 408 3168; x_wconf 72' lang='lat' dir='ltr'><strong>Lituum</strong></span> <span class='ocrx_word' id='word_1_495' title='bbox 445 3148 531 3168; x_wconf 84' lang='lat' dir='ltr'><strong>meae</strong></span> <span class='ocrx_word' id='word_1_496' title='bbox 556 3138 779 3178; x_wconf 77' lang='lat' dir='ltr'><strong>projectionis.</strong></span> <span class='ocrx_word' id='word_1_497' title='bbox 821 3139 911 3180; x_wconf 87' lang='lat' dir='ltr'><strong>Apte</strong></span> <span class='ocrx_word' id='word_1_498' title='bbox 934 3137 1121 3182; x_wconf 41' lang='lat' dir='ltr'><strong>Corradus,</strong></span> <span class='ocrx_word' id='word_1_499' title='bbox 1149 3140 1253 3168; x_wconf 76' lang='lat' dir='ltr'><strong>tamen</strong></span> <span class='ocrx_word' id='word_1_500' title='bbox 1286 3136 1352 3166; x_wconf 75' lang='lat' dir='ltr'><strong>nilo</strong></span> <span class='ocrx_word' id='word_1_501' title='bbox 1387 3146 1461 3172; x_wconf 85' lang='lat' dir='ltr'><strong>meo,</strong></span> <span class='ocrx_word' id='word_1_502' title='bbox 1495 3140 1551 3165; x_wconf 83' lang='lat' dir='ltr'><strong>aut</strong></span> <span class='ocrx_word' id='word_1_503' title='bbox 1585 3143 1661 3164; x_wconf 90' lang='lat' dir='ltr'><strong>cum</strong></span> <span class='ocrx_word' id='word_1_504' title='bbox 1686 3131 1867 3162; x_wconf 85' lang='lat' dir='ltr'><strong>Lambino:</strong></span> <span class='ocrx_word' id='word_1_505' title='bbox 1903 3131 2006 3159; x_wconf 80' lang='lat' dir='ltr'><strong>tamen</strong></span> 
     </span>
     <span class='ocr_line' id='line_1_46' title="bbox 246 3184 1834 3234; baseline -0.005 -11"><span class='ocrx_word' id='word_1_506' title='bbox 246 3194 450 3234; x_wconf 73' lang='lat' dir='ltr'><strong>comparavit</strong></span> <span class='ocrx_word' id='word_1_507' title='bbox 484 3194 592 3224; x_wconf 73' lang='lat' dir='ltr'><strong>locum</strong></span> <span class='ocrx_word' id='word_1_508' title='bbox 626 3204 667 3225; x_wconf 80' lang='lat' dir='ltr'><strong>ex</strong></span> <span class='ocrx_word' id='word_1_509' title='bbox 702 3194 795 3225; x_wconf 84' lang='lat' dir='ltr'><strong>Fam.</strong></span> <span class='ocrx_word' id='word_1_510' title='bbox 825 3195 884 3225; x_wconf 85' lang='lat' dir='ltr'><strong>VI.</strong></span> <span class='ocrx_word' id='word_1_511' title='bbox 917 3194 965 3231; x_wconf 57' lang='lat'><strong>12,</strong></span> <span class='ocrx_word' id='word_1_512' title='bbox 989 3193 1097 3229; x_wconf 56' lang='grc'><strong>3,,11111</strong></span> <span class='ocrx_word' id='word_1_513' title='bbox 1119 3187 1121 3193; x_wconf 61' lang='grc'>’</span> <span class='ocrx_word' id='word_1_514' title='bbox 1150 3191 1190 3223; x_wconf 84' lang='lat' dir='ltr'><strong>de</strong></span> <span class='ocrx_word' id='word_1_515' title='bbox 1213 3202 1248 3222; x_wconf 86' lang='lat' dir='ltr'><strong>eo</strong></span> <span class='ocrx_word' id='word_1_516' title='bbox 1271 3190 1320 3220; x_wconf 72' lang='lat' dir='ltr'><strong>his</strong></span> <span class='ocrx_word' id='word_1_517' title='bbox 1344 3189 1441 3220; x_wconf 63' lang='lat' dir='ltr'><strong>verbis</strong></span> <span class='ocrx_word' id='word_1_518' title='bbox 1464 3188 1509 3219; x_wconf 83' lang='lat' dir='ltr'><strong>ad</strong></span> <span class='ocrx_word' id='word_1_519' title='bbox 1530 3187 1692 3218; x_wconf 64' lang='lat' dir='ltr'><strong>(he-sarem</strong></span> <span class='ocrx_word' id='word_1_520' title='bbox 1714 3184 1834 3225; x_wconf 65' lang='lat' dir='ltr'><strong>scripsi.</strong></span> 
     </span>
    </p>
   </div>
  </div>
 </body>
</html>
