2062 3565
761 181 864 222 MR.
900 180 999 221 Ml.
1037 180 1118 221 ΕΡ.
1154 186 1288 220 (ἢκ-κ.
1822 181 1902 219 173

137 316 392 371 cogitationis
425 315 588 356 initium
620 322 668 356 tu
701 315 800 356 mihi
835 315 1021 356 attulisti.
1069 316 1248 356 Locutus
1282 329 1370 356 sum
1404 328 1496 355 cum
1529 329 1576 355 eo
1609 312 1901 364 liberalissimo,

138 389 245 444 quod
288 404 337 431 ex
378 388 466 443 ipso
510 387 643 438 velim,
691 388 724 428 si
756 387 872 428 modo
906 386 982 429 tibi
1015 389 1091 429 erit
1123 387 1392 439 commodum,
1427 387 1642 429 sciscitere.
1693 387 1771 429 Sed
1806 388 1903 443 quid

139 461 307 504 differo?
352 461 532 517 Exposui
580 461 664 504 †te
707 476 754 502 ex
799 477 861 502 me
908 461 1100 504 detulisse
1134 461 1278 516 ecquid
1312 461 1444 513 vellet,
1479 460 1625 517 ecquid
1658 462 1903 517 requireret:

145 563 164 586 n
180 535 278 576 velle
313 534 568 590 Hispaniam,
602 535 802 588 requirere
835 534 1164 577 liberalitatem?
1198 536 1258 577 De
1291 535 1545 586 liberalitate,
1581 535 1680 586 dixi,
1710 540 1906 590 quantum

140 607 356 658 Publilius,
390 612 586 662 quantum
620 607 765 648 flamen
798 607 998 649 Lentulus
1021 609 1117 649 filio.
1152 609 1212 650 De
1237 608 1450 664 Hispania,
1474 608 1555 649 duo
1573 607 1708 658 attuli,
1733 608 1907 663 primum
1948 623 1962 647 ·,

139 679 244 722 idem
280 679 387 735 quod
419 679 510 731 tibi,
561 695 624 721 ine
658 680 783 721 vereri
817 680 1176 735 vituperationem;
1212 696 1294 722 non
1327 681 1423 723 satis
1466 696 1565 732 esse,
1600 681 1634 722 si
1667 681 1765 722 haec
1800 697 1909 723 arma

140 754 466 809 reliquissemus?
508 754 627 794 etiam
670 754 895 795 contraria?
937 754 1082 796 deinde
1117 756 1198 796 fore
1234 761 1278 796 ut
1310 759 1537 809 angeretur,
1572 769 1698 810 quum
1732 771 1754 796 a
1788 756 1907 796 fratre

140 827 409 869 familiaritate
442 832 482 869 et
515 828 625 868 omni
657 827 786 882 gratia
819 827 1060 869 vinceretur.
1103 828 1258 869 Vellem
1291 827 1419 882 magis
1451 827 1692 869 liberalitate
1726 829 1787 869 uti
1820 843 1909 869 mea

141 916 259 956 quam
293 916 365 942 sua
397 899 596 951 libertate,
631 899 701 941 sed
734 905 868 941 tamen
903 901 1086 956 permisi;
1120 899 1197 941 tibi
1230 901 1337 942 enim
1370 900 1644 942 intellexeram
1680 916 1760 942 non
1789 901 1909 942 nimis

140 974 364 1030 displicere.
409 974 496 1028 Ego
539 974 661 1014 etiam
704 978 822 1028 atque
867 973 988 1014 etiarn
1022 972 1207 1028 cogitabo
1240 979 1374 1028 teque,
1410 978 1454 1014 ut
1486 973 1593 1014 idem
1626 974 1763 1025 facias,
1798 989 1908 1029 rogo.

140 1048 291 1103 Magna
332 1062 395 1088 res
440 1051 501 1088 est
511 1066 522 1098 3
569 1046 738 1102 simplex
787 1051 849 1088 est
892 1061 1066 1097 manere,
1111 1045 1214 1087 illud
1265 1061 1425 1102 anceps,
1472 1047 1623 1087 Verum
1669 1046 1910 1088 videbimus.

143 1124 182 1162 2.
229 1122 288 1163 De
332 1120 459 1162 Balbo
507 1126 546 1162 et
579 1121 623 1162 111
656 1120 852 1162 codicillis
885 1120 1122 1176 scripseram
1155 1125 1195 1160 et
1227 1120 1285 1161 ita
1319 1120 1465 1174 cogito,
1501 1120 1620 1161 simul
1653 1135 1698 1161 ac
1732 1120 1910 1161 redierit.

141 1195 212 1236 Sin
254 1193 321 1236 ille
364 1194 533 1245 tardius,
578 1208 651 1248 ego
700 1198 835 1234 tamen
868 1192 1047 1234 triduum
1084 1197 1137 1243 et,
1173 1192 1280 1247 quod
1313 1193 1513 1247 praeterii,
1557 1192 1758 1234 Dolabella
1791 1193 1912 1234 etiam

143 1283 313 1309 mecum.
1612 1322 1646 1376 ⁸

184 1434 201 1463 3
225 1432 363 1474 Exposui
383 1434 416 1463 le
437 1450 480 1455 ——
505 1432 539 1463 11
567 1432 604 1463 M
607 1443 691 1475 aqna
715 1443 765 1464 res
788 1434 818 1462 el
838 1431 971 1472 simplex
993 1449 1032 1453 —

144 1572 246 1604 fuisti.
280 1573 455 1614 Cogitabat
476 1582 586 1608 autem
621 1575 738 1608 Cicero
767 1577 829 1607 1100
858 1582 1005 1617 tempore
1032 1602 1033 1605 ,

145 1628 253 1658 filium
275 1634 373 1660 suum
394 1629 548 1661 Athenas
571 1631 712 1668 mittere,
735 1637 772 1661 111
801 1630 934 1671 optimis
961 1630 1006 1660 di-

148 1681 297 1722 sciplinis
320 1683 511 1724 artibusque
533 1684 581 1715 ibi
603 1685 798 1716 erudiretur.

187 1733 328 1776 Exposui
349 1737 366 1773 †
387 1737 418 1767 te
440 1747 480 1767 ex·
501 1746 548 1767 me
565 1736 727 1767 detulisse.
749 1737 842 1768 Haec
855 1743 1008 1777 corrupta

148 1794 235 1820 sunt.
258 1789 347 1820 Nam
369 1800 437 1821 non
460 1791 539 1822 11001
560 1801 599 1822 ea:
621 1801 668 1822 me
691 1801 767 1822 cum
791 1790 938 1823 Corrado
961 1792 1008 1822 in-

149 1845 320 1885 terpretari
342 1855 407 1876 meo
418 1845 515 1883 iussu,
534 1857 598 1877 meo
618 1847 751 1878 nomine.
776 1846 961 1878 Lambinus
974 1847 1006 1878 in
1034 1839 1035 1846 ¹

1035 1912 1036 1920 1
1061 1898 1151 1929 lebat
1172 1898 1280 1930 filium
1303 1899 1393 1931 laute
1415 1899 1559 1931 Athenis
1593 1900 1714 1938 vivere,
1745 1910 1844 1941 quam
1874 1902 1920 1932 ire

151 1897 300 1938 margine
321 1898 451 1939 scripsit
471 1898 517 1928 ad
543 1909 598 1936 me,
631 1908 696 1939 quo
726 1909 843 1940 parum
872 1899 1006 1930 adiuva-

150 1960 234 1981 mur.
260 1951 504 1992 Intelligerem:
531 1951 667 1993 Erposui
686 1954 717 1983 le
728 1962 767 1983 ex
778 1963 826 1983 me
841 1952 1010 1994 quaesisse.

200 2001 286 2033 l'elle
316 2002 507 2044 Hispaniam
540 2010 599 2037 cet.
638 2005 765 2046 Aperte
794 2005 876 2036 11000
910 2005 1012 2036 verba

151 2057 324 2088 continent
344 2066 540 2098 responsum
562 2057 732 2089 Ciceronis
761 2051 834 2096 filii,
867 2059 924 2100 qui
956 2069 1011 2090 vo-

153 2109 240 2140 lebat
261 2118 336 2140 cum
358 2108 498 2141 Caesare
521 2119 590 2142 esse
613 2110 647 2141 in
669 2110 833 2152 Hispania
853 2120 1012 2152 armaque

154 2162 238 2194 ferre
259 2168 374 2194 contra
395 2163 626 2205 Pompeianos.
649 2164 736 2196 Puto
758 2166 869 2196 tamen
887 2169 962 2196 ante
974 2175 1013 2196 ea

153 2216 314 2248 excidisse
350 2216 521 2257 respondit,
551 2217 637 2248 dixit
667 2218 720 2249 vel
749 2218 840 2249 aliud
862 2219 1012 2257 verbum,

153 2268 242 2300 1111(Ιο
265 2269 422 2300 infinitivi
443 2271 608 2311 pendeant

196 2322 244 2352 Du
266 2322 461 2355 liberalitate
482 2329 542 2356 001.
566 2334 598 2355 o:
635 2324 780 2357 Promisi
809 2335 862 2358 me
884 2331 1014 2357 tantum

156 2377 315 2417 pecuniae
344 2377 374 2408 ei
404 2378 560 2409 daturum
593 2387 674 2418 esse,
695 2383 858 2419 quantum
885 2379 1015 2411 nobiles

157 2434 190 2460 et
211 2429 358 2470 opulenti
379 2429 530 2461 homines
555 2430 633 2462 filiis
654 2431 723 2462 suis
745 2432 972 2464 concederent.

199 2482 271 2515 Non
292 2483 373 2514 salis
396 2493 462 2514 esse
486 2502 526 2506 —
547 2484 740 2515 contraria?
762 2495 795 2516 o:
820 2485 1016 2527 Pompeiani

158 2537 333 2577 rogabunt,
363 2547 405 2568 an
436 2547 502 2568 non
536 2538 614 2568 satis
648 2538 691 2569 sit
722 2538 782 2570 has
812 2545 920 2580 partes
943 2539 1016 2570 reli-

161 2590 281 2630 quisse,
312 2595 354 2628 et‚
377 2599 457 2621 num
481 2590 608 2629 placeat
631 2591 730 2622 etiam
753 2592 861 2623 filium
885 2593 1017 2624 mittere

161 2644 201 2674 ad
224 2642 408 2675 Caesarem.

764 2752 887 2796 VIII.

1098 1576 1126 1606 Λ
1139 1576 1252 1616 fratre
1275 1576 1430 1617 patrueli,
1456 1578 1498 1615 Q.
1522 1577 1602 1614 filio,
1627 1578 1683 1617 qui
1718 1578 1804 1618 apud
1837 1578 1915 1609 Cae-

1032 1652 1033 1671 }
1057 1637 1164 1659 sarem
1187 1628 1293 1669 gratia
1315 1629 1456 1660 valebat.

1107 1681 1234 1713 Vellem.
1258 1683 1372 1721 Quum
1395 1683 1430 1714 in
1452 1684 1542 1715 Med.
1565 1689 1650 1715 esset
1664 1684 1714 1715 vel
1726 1684 1827 1722 imma,
1850 1694 1918 1715 cor-

1058 1743 1219 1769 rexerunt
1241 1737 1342 1774 velim,
1365 1738 1453 1775 velit,
1475 1738 1582 1770 vellet.
1606 1738 1722 1770 Sermo
1745 1749 1815 1771 esse
1831 1740 1918 1770 vide-

1059 1796 1113 1822 tur
1134 1792 1175 1822 de
1198 1801 1246 1829 eo,
1271 1793 1360 1832 quod
1382 1791 1498 1823 Cicero
1520 1793 1674 1834 cupiebat
1703 1794 1784 1830 fieri,
1815 1803 1920 1834 quum

1062 1855 1130 1876 non
1151 1845 1260 1882 fieret3
1286 1847 1397 1887 itaque
1420 1847 1536 1888 scripsi
1557 1847 1679 1878 vellem.
1715 1847 1831 1880 Cicero
1855 1858 1919 1878 ma-

1061 1951 1095 1981 in
1116 1951 1330 1992 Hispaniam3
1354 1952 1418 1983 hoc
1441 1958 1551 1984 tamen
1575 1953 1605 1984 ei
1627 1953 1787 1994 permisit.

1104 2002 1223 2043 Mayna
1245 2014 1295 2035 res
1317 2007 1381 2040 est;
1415 2005 1547 2046 simplex
1569 2010 1629 2037 cet.
1659 2007 1712 2037 Ita
1734 2006 1922 2037 emendavit

1062 2054 1215 2094 Orellius‚
1238 2066 1337 2097 quem
1358 2057 1506 2088 laudavit
1531 2062 1701 2099 propterea
1724 2058 1920 2089 Wesenber-

1062 2108 1137 2149 gius
1158 2109 1297 2141 Emend.
1321 2120 1352 2151 p.
1376 2110 1426 2141 18.
1448 2109 1593 2152 Simplex,
1615 2121 1716 2152 quum
1738 2117 1922 2152 opponatur

1062 2162 1205 2204 ancipiti,
1227 2169 1276 2194 est
1297 2164 1368 2195 sine
1390 2165 1545 2205 periculo.

1105 2217 1123 2257 ξ
1146 2218 1174 2248 2.
1197 2217 1246 2249 De
1267 2218 1369 2249 Balbo
1385 2224 1446 2250 001.
1467 2219 1561 2251 Ηο00
1577 2220 1735 2252 brevitate
1758 2230 1817 2251 sua
1830 2220 1924 2251 valde

1063 2271 1202 2302 obscura
1212 2277 1298 2309 sunt,
1312 2282 1421 2313 neque
1440 2273 1568 2305 amissis
1583 2273 1650 2305 illis
1665 2273 1820 2305 codicillis
1836 2279 1925 2305 certo

1064 2325 1225 2366 explicari
1246 2332 1392 2367 possunt.
1421 2327 1476 2358 Ex
1499 2327 1593 2359 initio
1623 2337 1672 2369 ep.
1698 2328 1746 2365 12,
1770 2328 1827 2359 ubi
1850 2327 1925 2359 Bal-

1063 2379 1124 2410 bus
1145 2389 1276 2420 quoque
1298 2380 1501 2419 nominatur,
1531 2382 1678 2422 suspicor
1703 2382 1744 2412 ad
1765 2382 1925 2422 quaestio-

1063 2440 1140 2462 nem
1163 2432 1203 2463 de
1225 2432 1302 2464 dote
1324 2433 1455 2465 Tulliae
1477 2433 1557 2465 haec
1579 2434 1752 2475 pertinere.

1104 2484 1273 2516 Dolabella
1306 2485 1400 2516 etiam
1429 2496 1541 2517 mecum
1572 2497 1617 2518 sc.
1646 2488 1757 2519 veniet
1780 2487 1832 2518 vel
1855 2487 1928 2518 erit.

1065 2538 1181 2570 Cicero
1203 2544 1299 2571 antea
1321 2540 1493 2581 scripserat
1515 2550 1549 2571 se
1573 2542 1601 2572 ei
1618 2541 1777 2572 Tironem
1794 2541 1926 2572 obviam

1041 2611 1042 2614 =
1064 2592 1202 2624 misisse,
1229 2602 1276 2632 ep.
1302 2595 1330 2632 5,
1356 2595 1384 2622 4.

954 2755 1019 2808 (A.
1061 2753 1106 2795 U.
1142 2751 1184 2794 0.
1223 2754 1340 2809 709.)

222 2867 282 2908 De
316 2865 522 2916 Cicerone,
559 2867 693 2909 multis
726 2884 786 2910 res
821 2869 964 2924 placet,
1000 2883 1131 2910 comes
1165 2873 1227 2910 est
1258 2868 1443 2910 idoneus.
1478 2868 1555 2910 Sed
1591 2869 1639 2910 de
1672 2869 1800 2924 prima
1835 2884 1927 2923 pen-

205 3031 253 3062 De
276 3031 431 3069 Cicerone,
455 3031 561 3063 multis
582 3042 634 3063 res
648 3033 758 3072 placet
780 3044 814 3066 o:
838 3033 927 3075 quod
947 3043 1023 3065 con-

165 3084 256 3116 stitui
288 3085 350 3116 hoc
381 3090 528 3127 tempore
556 3086 707 3118 Marcum
737 3088 843 3119 filium
873 3088 1025 3120 Athenas

166 3136 305 3175 mittere,
327 3138 390 3169 hoc
412 3138 588 3170 consilium
610 3139 723 3171 multis
739 3140 906 3182 probatur.
929 3140 1025 3171 Nihil

168 3190 199 3220 111
230 3191 281 3221 his
316 3192 411 3229 inest,
442 3192 529 3232 quod
559 3201 624 3222 11011
657 3195 832 3225 conveniat
856 3193 1025 3225 Ciceronis

1071 3033 1218 3074 ingenio.
1247 3034 1324 3064 Non
1354 3035 1458 3075 probo
1487 3035 1589 3075 igitur
1622 3033 1842 3069 Tunstallum‚
1873 3031 1930 3073 qui

1070 3087 1151 3118 haec
1180 3087 1227 3118 ita
1253 3087 1416 3127 distingui
1446 3088 1577 3119 volebat
1608 3098 1638 3128 p.
1662 3087 1721 3118 189
1746 3086 1766 3116 1.
1789 3086 1858 3116 cit.:
1884 3085 1931 3116 De

1074 3138 1220 3171 Cicerone
1242 3139 1350 3170 multis
1372 3141 1433 3179 (30.
1455 3140 1575 3180 egisti).
1598 3139 1661 3170 Bes
1676 3139 1794 3179 placet.

1117 3192 1227 3230 s'omes,
1250 3193 1288 3223 L.
1312 3193 1443 3224 'rullius
1462 3194 1650 3224 Montanus.
1666 3192 1732 3222 vid
1765 3201 1812 3232 ep.
1833 3192 1930 3222 52111.

1931 989 1966 1014 10
