<?xml version="1.0" encoding="UTF-8"?>
<!DOCTYPE html PUBLIC "-//W3C//DTD XHTML 1.0 Transitional//EN"
    "http://www.w3.org/TR/xhtml1/DTD/xhtml1-transitional.dtd">
<html xmlns="http://www.w3.org/1999/xhtml" xml:lang="en" lang="en">
 <head>
  <title>
</title>
<meta http-equiv="Content-Type" content="text/html;charset=utf-8" />
  <meta name='ocr-system' content='tesseract 3.04.00' />
  <meta name='ocr-capabilities' content='ocr_page ocr_carea ocr_par ocr_line ocrx_word'/>
</head>
<body>
  <div class='ocr_page' id='page_1' title='image "./epistolarumadtpo02ciceuoft_0297.png"; bbox 0 0 2062 3565; ppageno 0'>
   <div class='ocr_carea' id='block_1_1' title="bbox 120 134 1889 475">
    <p class='ocr_par' dir='ltr' id='par_1_1' title="bbox 120 134 1889 475">
     <span class='ocr_line' id='line_1_1' title="bbox 702 134 1883 178; baseline 0.003 -4"><span class='ocrx_word' id='word_1_1' title='bbox 702 134 808 175; x_wconf 77' lang='lat' dir='ltr'><strong>LIB.</strong></span> <span class='ocrx_word' id='word_1_2' title='bbox 844 135 961 176; x_wconf 75' lang='lat' dir='ltr'><strong>XIV.</strong></span> <span class='ocrx_word' id='word_1_3' title='bbox 1001 136 1081 177; x_wconf 79' lang='grc' dir='ltr'><strong>ΕΡ.</strong></span> <span class='ocrx_word' id='word_1_4' title='bbox 1123 139 1190 178; x_wconf 74' lang='grc'><strong>13.</strong></span> <span class='ocrx_word' id='word_1_5' title='bbox 1231 140 1299 178; x_wconf 63' lang='grc'><strong>14.</strong></span> <span class='ocrx_word' id='word_1_6' title='bbox 1803 139 1883 178; x_wconf 62' lang='lat' dir='ltr'><strong>es?</strong></span> 
     </span>
     <span class='ocr_line' id='line_1_2' title="bbox 121 268 1887 326; baseline 0.002 -16"><span class='ocrx_word' id='word_1_7' title='bbox 121 269 247 325; x_wconf 83' lang='lat' dir='ltr'><strong>magis</strong></span> <span class='ocrx_word' id='word_1_8' title='bbox 294 268 425 324; x_wconf 81' lang='lat' dir='ltr'><strong>patuit</strong></span> <span class='ocrx_word' id='word_1_9' title='bbox 469 283 587 323; x_wconf 85' lang='lat' dir='ltr'><strong>quam</strong></span> <span class='ocrx_word' id='word_1_10' title='bbox 633 269 791 311; x_wconf 90' lang='lat' dir='ltr'><strong>domus.</strong></span> <span class='ocrx_word' id='word_1_11' title='bbox 841 269 920 311; x_wconf 86' lang='lat' dir='ltr'><strong>Sed</strong></span> <span class='ocrx_word' id='word_1_12' title='bbox 968 270 1065 312; x_wconf 86' lang='lat' dir='ltr'><strong>haec</strong></span> <span class='ocrx_word' id='word_1_13' title='bbox 1111 270 1319 314; x_wconf 84' lang='lat' dir='ltr'><strong>hactenus.</strong></span> <span class='ocrx_word' id='word_1_14' title='bbox 1367 272 1475 315; x_wconf 85' lang='lat' dir='ltr'><strong>Illud</strong></span> <span class='ocrx_word' id='word_1_15' title='bbox 1521 276 1761 314; x_wconf 85' lang='lat' dir='ltr'><strong>extremum:</strong></span> <span class='ocrx_word' id='word_1_16' title='bbox 1800 286 1887 326; x_wconf 84' lang='lat' dir='ltr'><strong>eg0,</strong></span> 
     </span>
     <span class='ocr_line' id='line_1_3' title="bbox 121 340 1889 401; baseline 0.001 -17"><span class='ocrx_word' id='word_1_17' title='bbox 121 357 222 397; x_wconf 86' lang='lat' dir='ltr'><strong>quae</strong></span> <span class='ocrx_word' id='word_1_18' title='bbox 256 346 295 384; x_wconf 85' lang='lat' dir='ltr'><strong>te</strong></span> <span class='ocrx_word' id='word_1_19' title='bbox 329 340 429 383; x_wconf 89' lang='lat' dir='ltr'><strong>velle</strong></span> <span class='ocrx_word' id='word_1_20' title='bbox 463 357 644 398; x_wconf 79' lang='lat' dir='ltr'><strong>quaeque</strong></span> <span class='ocrx_word' id='word_1_21' title='bbox 678 342 727 385; x_wconf 87' lang='lat' dir='ltr'><strong>ad</strong></span> <span class='ocrx_word' id='word_1_22' title='bbox 761 348 800 384; x_wconf 86' lang='lat' dir='ltr'><strong>te</strong></span> <span class='ocrx_word' id='word_1_23' title='bbox 834 343 1033 399; x_wconf 86' lang='lat' dir='ltr'><strong>pertinere</strong></span> <span class='ocrx_word' id='word_1_24' title='bbox 1066 343 1303 396; x_wconf 85' lang='lat' dir='ltr'><strong>arbitrabor,</strong></span> <span class='ocrx_word' id='word_1_25' title='bbox 1350 360 1503 401; x_wconf 82' lang='lat' dir='ltr'><strong>semper</strong></span> <span class='ocrx_word' id='word_1_26' title='bbox 1538 346 1623 388; x_wconf 87' lang='lat' dir='ltr'><strong>sine</strong></span> <span class='ocrx_word' id='word_1_27' title='bbox 1657 346 1740 388; x_wconf 87' lang='lat' dir='ltr'><strong>ulla</strong></span> <span class='ocrx_word' id='word_1_28' title='bbox 1773 344 1889 387; x_wconf 92' lang='lat' dir='ltr'><strong>dubi-</strong></span> 
     </span>
     <span class='ocr_line' id='line_1_4' title="bbox 120 415 1701 475; baseline 0.003 -17"><span class='ocrx_word' id='word_1_29' title='bbox 120 416 272 458; x_wconf 80' lang='lat' dir='ltr'><strong>tatione</strong></span> <span class='ocrx_word' id='word_1_30' title='bbox 307 429 462 457; x_wconf 90' lang='lat' dir='ltr'><strong>summo</strong></span> <span class='ocrx_word' id='word_1_31' title='bbox 497 415 634 458; x_wconf 89' lang='lat' dir='ltr'><strong>studio</strong></span> <span class='ocrx_word' id='word_1_32' title='bbox 669 416 826 458; x_wconf 69' lang='lat' dir='ltr'><strong>faciam.</strong></span> <span class='ocrx_word' id='word_1_33' title='bbox 863 417 953 458; x_wconf 90' lang='lat' dir='ltr'><strong>Hoc</strong></span> <span class='ocrx_word' id='word_1_34' title='bbox 987 417 1105 458; x_wconf 88' lang='lat' dir='ltr'><strong>velim</strong></span> <span class='ocrx_word' id='word_1_35' title='bbox 1139 417 1215 459; x_wconf 89' lang='lat' dir='ltr'><strong>tibi</strong></span> <span class='ocrx_word' id='word_1_36' title='bbox 1250 419 1410 474; x_wconf 84' lang='lat' dir='ltr'><strong>penitus</strong></span> <span class='ocrx_word' id='word_1_37' title='bbox 1444 419 1701 475; x_wconf 83' lang='lat' dir='ltr'><strong>persuadeas.</strong></span> 
     </span>
    </p>
   </div>
   <div class='ocr_carea' id='block_1_2' title="bbox 715 554 1292 610">
    <p class='ocr_par' dir='ltr' id='par_1_2' title="bbox 715 554 1292 610">
     <span class='ocr_line' id='line_1_5' title="bbox 715 554 1292 610; baseline -0.002 -14"><span class='ocrx_word' id='word_1_38' title='bbox 715 555 836 596; x_wconf 85' lang='lat' dir='ltr'><strong>XIV.</strong></span> <span class='ocrx_word' id='word_1_39' title='bbox 903 555 969 608; x_wconf 81' lang='lat' dir='ltr'><strong>(A.</strong></span> <span class='ocrx_word' id='word_1_40' title='bbox 1011 554 1056 595; x_wconf 79' lang='lat' dir='ltr'><strong>U.</strong></span> <span class='ocrx_word' id='word_1_41' title='bbox 1095 556 1136 595; x_wconf 85' lang='lat' dir='ltr'><strong>C.</strong></span> <span class='ocrx_word' id='word_1_42' title='bbox 1175 555 1292 610; x_wconf 88' lang='lat'>710.)</span> 
     </span>
    </p>
   </div>
   <div class='ocr_carea' id='block_1_3' title="bbox 117 654 1886 1536">
    <p class='ocr_par' dir='ltr' id='par_1_3' title="bbox 117 654 1886 1536">
     <span class='ocr_line' id='line_1_6' title="bbox 151 654 1886 722; baseline 0.001 -10"><span class='ocrx_word' id='word_1_43' title='bbox 151 654 160 669; x_wconf 35' lang='grc' dir='ltr'><em>ι</em></span> <span class='ocrx_word' id='word_1_44' title='bbox 187 672 226 712; x_wconf 90' lang='grc'><strong>1.</strong></span> <span class='ocrx_word' id='word_1_45' title='bbox 271 669 476 711; x_wconf 76' lang='lat' dir='ltr'><strong>Iteradum</strong></span> <span class='ocrx_word' id='word_1_46' title='bbox 524 671 655 712; x_wconf 80' lang='lat' dir='ltr'><strong>eadem</strong></span> <span class='ocrx_word' id='word_1_47' title='bbox 701 671 779 711; x_wconf 76' lang='lat' dir='ltr'><strong>ista</strong></span> <span class='ocrx_word' id='word_1_48' title='bbox 824 671 933 712; x_wconf 69' lang='lat' dir='ltr'><strong>mihi.</strong></span> <span class='ocrx_word' id='word_1_49' title='bbox 980 669 1205 712; x_wconf 74' lang='lat' dir='ltr'>Coronatus</span> <span class='ocrx_word' id='word_1_50' title='bbox 1249 670 1429 722; x_wconf 75' lang='lat' dir='ltr'><strong>Quintus</strong></span> <span class='ocrx_word' id='word_1_51' title='bbox 1474 678 1608 714; x_wconf 88' lang='lat' dir='ltr'><strong>noster</strong></span> <span class='ocrx_word' id='word_1_52' title='bbox 1655 672 1886 714; x_wconf 68' lang='lat' dir='ltr'><strong>Parilibus?</strong></span> 
     </span>
     <span class='ocr_line' id='line_1_7' title="bbox 123 741 1886 802; baseline 0 -16"><span class='ocrx_word' id='word_1_53' title='bbox 123 741 376 800; x_wconf 58' lang='lat' dir='ltr'><strong>[Parilibus]</strong></span> <span class='ocrx_word' id='word_1_54' title='bbox 423 742 619 785; x_wconf 71' lang='lat' dir='ltr'><strong>Solusne?</strong></span> <span class='ocrx_word' id='word_1_55' title='bbox 663 744 753 785; x_wconf 88' lang='lat' dir='ltr'><strong>Etsi</strong></span> <span class='ocrx_word' id='word_1_56' title='bbox 797 743 912 785; x_wconf 84' lang='lat' dir='ltr'><strong>addis</strong></span> <span class='ocrx_word' id='word_1_57' title='bbox 958 744 1153 796; x_wconf 80' lang='lat' dir='ltr'><strong>Lamiam,</strong></span> <span class='ocrx_word' id='word_1_58' title='bbox 1199 744 1305 799; x_wconf 87' lang='lat' dir='ltr'><strong>quod</strong></span> <span class='ocrx_word' id='word_1_59' title='bbox 1354 745 1525 788; x_wconf 83' lang='lat' dir='ltr'><strong>demiror</strong></span> <span class='ocrx_word' id='word_1_60' title='bbox 1569 746 1769 802; x_wconf 81' lang='lat' dir='ltr'><strong>equidem,</strong></span> <span class='ocrx_word' id='word_1_61' title='bbox 1818 745 1886 787; x_wconf 78' lang='lat' dir='ltr'><strong>sed</strong></span> 
     </span>
     <span class='ocr_line' id='line_1_8' title="bbox 121 815 1886 877; baseline 0.001 -17"><span class='ocrx_word' id='word_1_62' title='bbox 121 818 220 860; x_wconf 87' lang='lat' dir='ltr'><strong>seire</strong></span> <span class='ocrx_word' id='word_1_63' title='bbox 264 816 398 872; x_wconf 91' lang='lat' dir='ltr'><strong>cupio,</strong></span> <span class='ocrx_word' id='word_1_64' title='bbox 440 815 510 871; x_wconf 90' lang='lat' dir='ltr'><strong>qui</strong></span> <span class='ocrx_word' id='word_1_65' title='bbox 554 815 705 857; x_wconf 84' lang='lat' dir='ltr'><strong>fuerint</strong></span> <span class='ocrx_word' id='word_1_66' title='bbox 738 816 827 858; x_wconf 87' lang='lat' dir='ltr'><strong>alii:</strong></span> <span class='ocrx_word' id='word_1_67' title='bbox 866 832 1108 872; x_wconf 88' lang='lat' dir='ltr'><strong>quamquam</strong></span> <span class='ocrx_word' id='word_1_68' title='bbox 1143 817 1240 859; x_wconf 86' lang='lat' dir='ltr'><strong>satis</strong></span> <span class='ocrx_word' id='word_1_69' title='bbox 1273 819 1355 860; x_wconf 89' lang='lat' dir='ltr'><strong>scio</strong></span> <span class='ocrx_word' id='word_1_70' title='bbox 1388 820 1465 861; x_wconf 88' lang='lat' dir='ltr'><strong>nisi</strong></span> <span class='ocrx_word' id='word_1_71' title='bbox 1500 820 1727 877; x_wconf 84' lang='lat' dir='ltr'><strong>improbum</strong></span> <span class='ocrx_word' id='word_1_72' title='bbox 1761 820 1886 861; x_wconf 90' lang='lat' dir='ltr'><strong>nemi-</strong></span> 
     </span>
     <span class='ocr_line' id='line_1_9' title="bbox 119 889 1886 950; baseline 0.001 -16"><span class='ocrx_word' id='word_1_73' title='bbox 119 906 225 934; x_wconf 85' lang='lat' dir='ltr'><strong>nem.</strong></span> <span class='ocrx_word' id='word_1_74' title='bbox 260 889 509 945; x_wconf 86' lang='lat' dir='ltr'><strong>Explanabis</strong></span> <span class='ocrx_word' id='word_1_75' title='bbox 542 890 669 945; x_wconf 84' lang='lat' dir='ltr'><strong>igitur</strong></span> <span class='ocrx_word' id='word_1_76' title='bbox 703 890 778 932; x_wconf 88' lang='lat' dir='ltr'><strong>hoc</strong></span> <span class='ocrx_word' id='word_1_77' title='bbox 813 890 1063 947; x_wconf 82' lang='lat' dir='ltr'><strong>diligentius.</strong></span> <span class='ocrx_word' id='word_1_78' title='bbox 1111 892 1197 948; x_wconf 83' lang='lat' dir='ltr'><strong>Ego</strong></span> <span class='ocrx_word' id='word_1_79' title='bbox 1232 897 1365 934; x_wconf 86' lang='lat' dir='ltr'><strong>autem</strong></span> <span class='ocrx_word' id='word_1_80' title='bbox 1399 908 1495 936; x_wconf 86' lang='lat' dir='ltr'><strong>casu</strong></span> <span class='ocrx_word' id='word_1_81' title='bbox 1528 909 1651 950; x_wconf 90' lang='lat' dir='ltr'><strong>quum</strong></span> <span class='ocrx_word' id='word_1_82' title='bbox 1687 894 1886 936; x_wconf 83' lang='lat' dir='ltr'><strong>dedissem</strong></span> 
     </span>
     <span class='ocr_line' id='line_1_10' title="bbox 119 962 1884 1023; baseline 0.001 -15"><span class='ocrx_word' id='word_1_83' title='bbox 119 965 170 1008; x_wconf 80' lang='lat' dir='ltr'><strong>ad</strong></span> <span class='ocrx_word' id='word_1_84' title='bbox 201 969 241 1006; x_wconf 91' lang='lat' dir='ltr'><strong>te</strong></span> <span class='ocrx_word' id='word_1_85' title='bbox 275 963 411 1005; x_wconf 75' lang='lat' dir='ltr'><strong>literas</strong></span> <span class='ocrx_word' id='word_1_86' title='bbox 448 976 506 1004; x_wconf 84' lang='lat' dir='ltr'><strong>VI.</strong></span> <span class='ocrx_word' id='word_1_87' title='bbox 542 962 717 1004; x_wconf 85' lang='lat' dir='ltr'><strong>Kalend.</strong></span> <span class='ocrx_word' id='word_1_88' title='bbox 753 964 850 1005; x_wconf 87' lang='lat' dir='ltr'><strong>satis</strong></span> <span class='ocrx_word' id='word_1_89' title='bbox 883 964 1022 1006; x_wconf 87' lang='lat' dir='ltr'><strong>multis</strong></span> <span class='ocrx_word' id='word_1_90' title='bbox 1056 963 1201 1016; x_wconf 87' lang='lat' dir='ltr'><strong>verbis,</strong></span> <span class='ocrx_word' id='word_1_91' title='bbox 1236 964 1366 1007; x_wconf 88' lang='lat' dir='ltr'><strong>tribus</strong></span> <span class='ocrx_word' id='word_1_92' title='bbox 1401 966 1480 1008; x_wconf 90' lang='lat' dir='ltr'><strong>fere</strong></span> <span class='ocrx_word' id='word_1_93' title='bbox 1513 966 1622 1008; x_wconf 89' lang='lat' dir='ltr'><strong>horis</strong></span> <span class='ocrx_word' id='word_1_94' title='bbox 1640 972 1730 1022; x_wconf 85' lang='lat' dir='ltr'><strong>post</strong></span> <span class='ocrx_word' id='word_1_95' title='bbox 1750 968 1884 1023; x_wconf 83' lang='lat' dir='ltr'><strong>accepi</strong></span> 
     </span>
     <span class='ocr_line' id='line_1_11' title="bbox 118 1035 1886 1094; baseline 0.001 -14"><span class='ocrx_word' id='word_1_96' title='bbox 118 1043 209 1080; x_wconf 85' lang='lat' dir='ltr'><strong>tuas</strong></span> <span class='ocrx_word' id='word_1_97' title='bbox 242 1041 283 1079; x_wconf 88' lang='lat' dir='ltr'><strong>et</strong></span> <span class='ocrx_word' id='word_1_98' title='bbox 314 1036 450 1092; x_wconf 85' lang='lat' dir='ltr'><strong>magni</strong></span> <span class='ocrx_word' id='word_1_99' title='bbox 485 1035 649 1092; x_wconf 86' lang='lat' dir='ltr'><strong>quidem</strong></span> <span class='ocrx_word' id='word_1_100' title='bbox 684 1036 889 1092; x_wconf 85' lang='lat' dir='ltr'><strong>ponderis.</strong></span> <span class='ocrx_word' id='word_1_101' title='bbox 923 1037 1067 1093; x_wconf 84' lang='lat' dir='ltr'><strong>Itaque</strong></span> <span class='ocrx_word' id='word_1_102' title='bbox 1100 1038 1188 1080; x_wconf 88' lang='lat' dir='ltr'><strong>ioca</strong></span> <span class='ocrx_word' id='word_1_103' title='bbox 1221 1043 1292 1080; x_wconf 86' lang='lat' dir='ltr'><strong>tua</strong></span> <span class='ocrx_word' id='word_1_104' title='bbox 1324 1039 1442 1094; x_wconf 86' lang='lat' dir='ltr'><strong>plena</strong></span> <span class='ocrx_word' id='word_1_105' title='bbox 1464 1039 1699 1082; x_wconf 75' lang='lat' dir='ltr'><strong>facetiarum</strong></span> <span class='ocrx_word' id='word_1_106' title='bbox 1723 1040 1770 1081; x_wconf 91' lang='lat' dir='ltr'><strong>de</strong></span> <span class='ocrx_word' id='word_1_107' title='bbox 1795 1041 1886 1082; x_wconf 84' lang='lat' dir='ltr'><strong>hae-</strong></span> 
     </span>
     <span class='ocr_line' id='line_1_12' title="bbox 119 1109 1885 1156; baseline 0.001 -3"><span class='ocrx_word' id='word_1_108' title='bbox 119 1113 196 1154; x_wconf 88' lang='lat' dir='ltr'><strong>resi</strong></span> <span class='ocrx_word' id='word_1_109' title='bbox 242 1109 480 1153; x_wconf 83' lang='lat' dir='ltr'><strong>Vestoriana</strong></span> <span class='ocrx_word' id='word_1_110' title='bbox 524 1114 565 1151; x_wconf 88' lang='lat' dir='ltr'><strong>et</strong></span> <span class='ocrx_word' id='word_1_111' title='bbox 609 1109 658 1151; x_wconf 89' lang='lat' dir='ltr'><strong>de</strong></span> <span class='ocrx_word' id='word_1_112' title='bbox 706 1110 952 1152; x_wconf 86' lang='lat' dir='ltr'><strong>Pherionum</strong></span> <span class='ocrx_word' id='word_1_113' title='bbox 994 1126 1102 1152; x_wconf 88' lang='lat' dir='ltr'><strong>more</strong></span> <span class='ocrx_word' id='word_1_114' title='bbox 1136 1111 1360 1154; x_wconf 84' lang='lat' dir='ltr'><strong>Puteolano</strong></span> <span class='ocrx_word' id='word_1_115' title='bbox 1393 1113 1525 1155; x_wconf 86' lang='lat' dir='ltr'><strong>risisse</strong></span> <span class='ocrx_word' id='word_1_116' title='bbox 1559 1129 1622 1155; x_wconf 90' lang='lat' dir='ltr'><strong>me</strong></span> <span class='ocrx_word' id='word_1_117' title='bbox 1656 1114 1751 1155; x_wconf 86' lang='lat' dir='ltr'><strong>satis</strong></span> <span class='ocrx_word' id='word_1_118' title='bbox 1784 1113 1885 1156; x_wconf 85' lang='lat' dir='ltr'><strong>nihil</strong></span> 
     </span>
     <span class='ocr_line' id='line_1_13' title="bbox 118 1181 1885 1243; baseline 0 -15"><span class='ocrx_word' id='word_1_119' title='bbox 118 1191 179 1228; x_wconf 89' lang='lat' dir='ltr'><strong>est</strong></span> <span class='ocrx_word' id='word_1_120' title='bbox 210 1199 370 1228; x_wconf 89' lang='lat' dir='ltr'><strong>necesse</strong></span> <span class='ocrx_word' id='word_1_121' title='bbox 402 1181 1055 1243; x_wconf 31' lang='lat' dir='ltr'><strong>rescribere..Ilostcumlrcepa</strong></span> <span class='ocrx_word' id='word_1_122' title='bbox 1088 1185 1156 1227; x_wconf 83' lang='lat' dir='ltr'><strong>illa</strong></span> <span class='ocrx_word' id='word_1_123' title='bbox 1189 1186 1411 1228; x_wconf 81' lang='lat' dir='ltr'><strong>videamus.</strong></span> <span class='ocrx_word' id='word_1_124' title='bbox 1448 1190 1488 1228; x_wconf 72' lang='lat'><strong>2.</strong></span> <span class='ocrx_word' id='word_1_125' title='bbox 1523 1188 1588 1229; x_wconf 85' lang='lat' dir='ltr'><strong>Ita</strong></span> <span class='ocrx_word' id='word_1_126' title='bbox 1621 1188 1768 1229; x_wconf 77' lang='lat' dir='ltr'><strong>Brutos</strong></span> <span class='ocrx_word' id='word_1_127' title='bbox 1791 1186 1885 1228; x_wconf 87' lang='lat' dir='ltr'><strong>Cas-</strong></span> 
     </span>
     <span class='ocr_line' id='line_1_14' title="bbox 117 1258 1885 1316; baseline 0 -15"><span class='ocrx_word' id='word_1_128' title='bbox 117 1259 300 1315; x_wconf 86' lang='lat' dir='ltr'><strong>siumque</strong></span> <span class='ocrx_word' id='word_1_129' title='bbox 345 1258 541 1309; x_wconf 84' lang='lat' dir='ltr'><strong>defendis,</strong></span> <span class='ocrx_word' id='word_1_130' title='bbox 587 1260 702 1315; x_wconf 88' lang='lat' dir='ltr'><strong>quasi</strong></span> <span class='ocrx_word' id='word_1_131' title='bbox 746 1274 813 1301; x_wconf 90' lang='lat' dir='ltr'><strong>eos</strong></span> <span class='ocrx_word' id='word_1_132' title='bbox 857 1274 930 1314; x_wconf 83' lang='lat' dir='ltr'><strong>ego</strong></span> <span class='ocrx_word' id='word_1_133' title='bbox 975 1259 1278 1315; x_wconf 79' lang='lat' dir='ltr'><strong>reprehendam,</strong></span> <span class='ocrx_word' id='word_1_134' title='bbox 1321 1276 1422 1316; x_wconf 89' lang='lat' dir='ltr'><strong>quos</strong></span> <span class='ocrx_word' id='word_1_135' title='bbox 1467 1262 1563 1303; x_wconf 85' lang='lat' dir='ltr'><strong>satis</strong></span> <span class='ocrx_word' id='word_1_136' title='bbox 1608 1260 1771 1302; x_wconf 85' lang='lat' dir='ltr'><strong>laudare</strong></span> <span class='ocrx_word' id='word_1_137' title='bbox 1805 1275 1885 1301; x_wconf 91' lang='lat' dir='ltr'><strong>non</strong></span> 
     </span>
     <span class='ocr_line' id='line_1_15' title="bbox 117 1332 1886 1389; baseline 0.001 -15"><span class='ocrx_word' id='word_1_138' title='bbox 117 1348 294 1389; x_wconf 84' lang='lat' dir='ltr'><strong>possum.</strong></span> <span class='ocrx_word' id='word_1_139' title='bbox 339 1332 488 1374; x_wconf 86' lang='lat' dir='ltr'><strong>Rerum</strong></span> <span class='ocrx_word' id='word_1_140' title='bbox 534 1347 608 1388; x_wconf 84' lang='lat' dir='ltr'><strong>ego</strong></span> <span class='ocrx_word' id='word_1_141' title='bbox 648 1333 748 1375; x_wconf 80' lang='lat' dir='ltr'><strong>vitia</strong></span> <span class='ocrx_word' id='word_1_142' title='bbox 794 1333 951 1389; x_wconf 81' lang='lat' dir='ltr'><strong>collegi,</strong></span> <span class='ocrx_word' id='word_1_143' title='bbox 986 1348 1067 1375; x_wconf 91' lang='lat' dir='ltr'><strong>non</strong></span> <span class='ocrx_word' id='word_1_144' title='bbox 1097 1334 1323 1376; x_wconf 88' lang='lat' dir='ltr'><strong>hominum.</strong></span> <span class='ocrx_word' id='word_1_145' title='bbox 1374 1334 1543 1377; x_wconf 85' lang='lat' dir='ltr'><strong>Sublato</strong></span> <span class='ocrx_word' id='word_1_146' title='bbox 1576 1335 1684 1377; x_wconf 89' lang='lat' dir='ltr'><strong>enim</strong></span> <span class='ocrx_word' id='word_1_147' title='bbox 1716 1339 1886 1389; x_wconf 75' lang='lat' dir='ltr'><strong>tyranno</strong></span> 
     </span>
     <span class='ocr_line' id='line_1_16' title="bbox 117 1405 1886 1462; baseline 0.001 -14"><span class='ocrx_word' id='word_1_148' title='bbox 117 1406 331 1462; x_wconf 75' lang='lat' dir='ltr'><strong>tyrannide</strong></span> <span class='ocrx_word' id='word_1_149' title='bbox 374 1420 533 1447; x_wconf 89' lang='lat' dir='ltr'><strong>manere</strong></span> <span class='ocrx_word' id='word_1_150' title='bbox 578 1405 709 1448; x_wconf 89' lang='lat' dir='ltr'><strong>video.</strong></span> <span class='ocrx_word' id='word_1_151' title='bbox 753 1407 862 1448; x_wconf 81' lang='lat' dir='ltr'><strong>Nam</strong></span> <span class='ocrx_word' id='word_1_152' title='bbox 902 1422 1003 1462; x_wconf 87' lang='lat' dir='ltr'><strong>quae</strong></span> <span class='ocrx_word' id='word_1_153' title='bbox 1045 1406 1112 1448; x_wconf 92' lang='lat' dir='ltr'><strong>ille</strong></span> <span class='ocrx_word' id='word_1_154' title='bbox 1156 1407 1335 1449; x_wconf 86' lang='lat' dir='ltr'><strong>facturus</strong></span> <span class='ocrx_word' id='word_1_155' title='bbox 1368 1423 1451 1450; x_wconf 88' lang='lat' dir='ltr'><strong>non</strong></span> <span class='ocrx_word' id='word_1_156' title='bbox 1486 1408 1577 1459; x_wconf 80' lang='lat' dir='ltr'><strong>fuit,</strong></span> <span class='ocrx_word' id='word_1_157' title='bbox 1612 1424 1657 1450; x_wconf 86' lang='lat' dir='ltr'><strong>ea</strong></span> <span class='ocrx_word' id='word_1_158' title='bbox 1690 1409 1806 1459; x_wconf 86' lang='lat' dir='ltr'><strong>fiunt,</strong></span> <span class='ocrx_word' id='word_1_159' title='bbox 1839 1412 1886 1449; x_wconf 87' lang='lat' dir='ltr'><strong>ut</strong></span> 
     </span>
     <span class='ocr_line' id='line_1_17' title="bbox 117 1478 1883 1536; baseline 0.003 -17"><span class='ocrx_word' id='word_1_160' title='bbox 117 1478 166 1519; x_wconf 91' lang='lat' dir='ltr'><strong>de</strong></span> <span class='ocrx_word' id='word_1_161' title='bbox 208 1478 364 1530; x_wconf 86' lang='lat' dir='ltr'><strong>Clodio,</strong></span> <span class='ocrx_word' id='word_1_162' title='bbox 407 1478 456 1519; x_wconf 89' lang='lat' dir='ltr'><strong>de</strong></span> <span class='ocrx_word' id='word_1_163' title='bbox 500 1494 580 1534; x_wconf 93' lang='lat' dir='ltr'><strong>quo</strong></span> <span class='ocrx_word' id='word_1_164' title='bbox 623 1480 724 1522; x_wconf 90' lang='lat' dir='ltr'><strong>mihi</strong></span> <span class='ocrx_word' id='word_1_165' title='bbox 757 1479 1006 1536; x_wconf 86' lang='lat' dir='ltr'><strong>exploratum</strong></span> <span class='ocrx_word' id='word_1_166' title='bbox 1041 1485 1102 1522; x_wconf 88' lang='lat' dir='ltr'><strong>est</strong></span> <span class='ocrx_word' id='word_1_167' title='bbox 1133 1480 1249 1522; x_wconf 90' lang='lat' dir='ltr'><strong>illum</strong></span> <span class='ocrx_word' id='word_1_168' title='bbox 1283 1497 1363 1524; x_wconf 89' lang='lat' dir='ltr'><strong>non</strong></span> <span class='ocrx_word' id='word_1_169' title='bbox 1400 1482 1517 1524; x_wconf 89' lang='lat' dir='ltr'><strong>modo</strong></span> <span class='ocrx_word' id='word_1_170' title='bbox 1552 1497 1633 1524; x_wconf 91' lang='lat' dir='ltr'><strong>non</strong></span> <span class='ocrx_word' id='word_1_171' title='bbox 1667 1481 1883 1533; x_wconf 77' lang='lat' dir='ltr'><strong>facturum,</strong></span> 
     </span>
    </p>
   </div>
   <div class='ocr_carea' id='block_1_4' title="bbox 129 1589 278 1594">
    <p class='ocr_par' dir='ltr' id='par_1_4' title="bbox 129 1589 278 1594">
     <span class='ocr_line' id='line_1_18' title="bbox 129 1589 278 1594; baseline 0 0"><span class='ocrx_word' id='word_1_172' title='bbox 129 1589 278 1594; x_wconf 95' lang='lat' dir='ltr'><strong> </strong></span> 
     </span>
    </p>
   </div>
   <div class='ocr_carea' id='block_1_5' title="bbox 159 1618 745 1674">
    <p class='ocr_par' dir='ltr' id='par_1_5' title="bbox 159 1618 745 1674">
     <span class='ocr_line' id='line_1_19' title="bbox 159 1618 745 1674; baseline 0.003 -2"><span class='ocrx_word' id='word_1_173' title='bbox 159 1640 179 1672; x_wconf 82' lang='lat'>2</span> <span class='ocrx_word' id='word_1_174' title='bbox 201 1618 374 1673; x_wconf 62' lang='lat' dir='ltr'><strong>Pariiihus.</strong></span> <span class='ocrx_word' id='word_1_175' title='bbox 397 1641 558 1673; x_wconf 66' lang='lat' dir='ltr'><strong>Somne?</strong></span> <span class='ocrx_word' id='word_1_176' title='bbox 579 1641 679 1674; x_wconf 76' lang='lat' dir='ltr'><strong>Solus.</strong></span> <span class='ocrx_word' id='word_1_177' title='bbox 704 1660 745 1665; x_wconf 86' lang='lat'>-</span> 
     </span>
    </p>
   </div>
   <div class='ocr_carea' id='block_1_6' title="bbox 116 1803 978 2817">
    <p class='ocr_par' dir='ltr' id='par_1_6' title="bbox 116 1803 978 2276">
     <span class='ocr_line' id='line_1_20' title="bbox 159 1803 974 1846; baseline 0 -10"><span class='ocrx_word' id='word_1_178' title='bbox 159 1805 178 1845; x_wconf 69' lang='grc' dir='ltr'><strong>ξ</strong></span> <span class='ocrx_word' id='word_1_179' title='bbox 201 1805 229 1836; x_wconf 95' lang='grc'><strong>1.</strong></span> <span class='ocrx_word' id='word_1_180' title='bbox 253 1804 415 1836; x_wconf 75' lang='lat' dir='ltr'><strong>Iteradum</strong></span> <span class='ocrx_word' id='word_1_181' title='bbox 439 1804 545 1836; x_wconf 83' lang='lat' dir='ltr'><strong>eadem</strong></span> <span class='ocrx_word' id='word_1_182' title='bbox 568 1804 631 1835; x_wconf 76' lang='lat' dir='ltr'><strong>ista</strong></span> <span class='ocrx_word' id='word_1_183' title='bbox 651 1803 736 1834; x_wconf 70' lang='lat' dir='ltr'><strong>mihi.</strong></span> <span class='ocrx_word' id='word_1_184' title='bbox 758 1803 895 1836; x_wconf 89' lang='lat' dir='ltr'><strong>Orditur</strong></span> <span class='ocrx_word' id='word_1_185' title='bbox 909 1804 974 1846; x_wconf 89' lang='lat' dir='ltr'><strong>epi-</strong></span> 
     </span>
     <span class='ocr_line' id='line_1_21' title="bbox 117 1857 976 1899; baseline 0 -11"><span class='ocrx_word' id='word_1_186' title='bbox 117 1857 237 1889; x_wconf 83' lang='lat' dir='ltr'><strong>stolam</strong></span> <span class='ocrx_word' id='word_1_187' title='bbox 247 1857 356 1889; x_wconf 81' lang='lat' dir='ltr'><strong>verbis</strong></span> <span class='ocrx_word' id='word_1_188' title='bbox 368 1859 493 1899; x_wconf 68' lang='lat' dir='ltr'><strong>poetae,</strong></span> <span class='ocrx_word' id='word_1_189' title='bbox 506 1867 591 1899; x_wconf 90' lang='lat' dir='ltr'><strong>quae</strong></span> <span class='ocrx_word' id='word_1_190' title='bbox 600 1857 732 1898; x_wconf 86' lang='lat' dir='ltr'><strong>plenius</strong></span> <span class='ocrx_word' id='word_1_191' title='bbox 744 1857 860 1888; x_wconf 81' lang='lat' dir='ltr'><strong>citavit</strong></span> <span class='ocrx_word' id='word_1_192' title='bbox 871 1857 976 1888; x_wconf 88' lang='lat' dir='ltr'><strong>Acad.</strong></span> 
     </span>
     <span class='ocr_line' id='line_1_22' title="bbox 118 1911 977 1945; baseline 0 -1"><span class='ocrx_word' id='word_1_193' title='bbox 118 1912 165 1944; x_wconf 90' lang='lat'><strong>11.</strong></span> <span class='ocrx_word' id='word_1_194' title='bbox 187 1913 238 1944; x_wconf 92' lang='lat'><strong>88.</strong></span> <span class='ocrx_word' id='word_1_195' title='bbox 260 1911 396 1944; x_wconf 76' lang='lat' dir='ltr'><strong>Constat</strong></span> <span class='ocrx_word' id='word_1_196' title='bbox 418 1919 528 1945; x_wconf 89' lang='lat' dir='ltr'><strong>autem</strong></span> <span class='ocrx_word' id='word_1_197' title='bbox 552 1922 569 1944; x_wconf 94' lang='lat' dir='ltr'><strong>e</strong></span> <span class='ocrx_word' id='word_1_198' title='bbox 589 1912 733 1944; x_wconf 91' lang='lat' dir='ltr'><strong>Scholiis</strong></span> <span class='ocrx_word' id='word_1_199' title='bbox 749 1912 834 1944; x_wconf 91' lang='lat' dir='ltr'><strong>Bob.</strong></span> <span class='ocrx_word' id='word_1_200' title='bbox 847 1913 887 1944; x_wconf 87' lang='lat' dir='ltr'><strong>ad</strong></span> <span class='ocrx_word' id='word_1_201' title='bbox 906 1911 977 1944; x_wconf 89' lang='lat' dir='ltr'><strong>Ses-</strong></span> 
     </span>
     <span class='ocr_line' id='line_1_23' title="bbox 117 1965 976 2008; baseline -0.001 -11"><span class='ocrx_word' id='word_1_202' title='bbox 117 1966 241 1997; x_wconf 85' lang='lat' dir='ltr'><strong>tianam</strong></span> <span class='ocrx_word' id='word_1_203' title='bbox 265 1966 325 1997; x_wconf 79' lang='lat'><strong>126</strong></span> <span class='ocrx_word' id='word_1_204' title='bbox 347 1966 407 1997; x_wconf 90' lang='lat' dir='ltr'><strong>illa</strong></span> <span class='ocrx_word' id='word_1_205' title='bbox 427 1975 510 2008; x_wconf 89' lang='lat' dir='ltr'><strong>quae</strong></span> <span class='ocrx_word' id='word_1_206' title='bbox 534 1966 690 2007; x_wconf 82' lang='lat' dir='ltr'><strong>leguntur</strong></span> <span class='ocrx_word' id='word_1_207' title='bbox 722 1966 820 1996; x_wconf 83' lang='lat' dir='ltr'><strong>Tusc.</strong></span> <span class='ocrx_word' id='word_1_208' title='bbox 853 1965 881 1996; x_wconf 93' lang='lat'><strong>1.</strong></span> <span class='ocrx_word' id='word_1_209' title='bbox 917 1965 976 1996; x_wconf 82' lang='lat'><strong>106</strong></span> 
     </span>
     <span class='ocr_line' id='line_1_24' title="bbox 118 2021 977 2054; baseline -0.001 -1"><span class='ocrx_word' id='word_1_210' title='bbox 118 2028 151 2054; x_wconf 90' lang='lat' dir='ltr'><strong>et</strong></span> <span class='ocrx_word' id='word_1_211' title='bbox 171 2022 259 2053; x_wconf 84' lang='lat' dir='ltr'><strong>hunc</strong></span> <span class='ocrx_word' id='word_1_212' title='bbox 282 2023 364 2053; x_wconf 88' lang='lat' dir='ltr'><strong>adeo</strong></span> <span class='ocrx_word' id='word_1_213' title='bbox 388 2032 521 2054; x_wconf 85' lang='lat' dir='ltr'><strong>versum</strong></span> <span class='ocrx_word' id='word_1_214' title='bbox 544 2021 755 2053; x_wconf 87' lang='lat' dir='ltr'><strong>referendum</strong></span> <span class='ocrx_word' id='word_1_215' title='bbox 780 2031 850 2053; x_wconf 88' lang='lat' dir='ltr'><strong>esse</strong></span> <span class='ocrx_word' id='word_1_216' title='bbox 873 2022 915 2052; x_wconf 87' lang='lat' dir='ltr'><strong>ad</strong></span> <span class='ocrx_word' id='word_1_217' title='bbox 932 2021 977 2052; x_wconf 83' lang='lat' dir='ltr'><strong>fa-</strong></span> 
     </span>
     <span class='ocr_line' id='line_1_25' title="bbox 118 2075 978 2116; baseline -0.001 -8"><span class='ocrx_word' id='word_1_218' title='bbox 118 2075 231 2108; x_wconf 86' lang='lat' dir='ltr'><strong>bulam</strong></span> <span class='ocrx_word' id='word_1_219' title='bbox 252 2075 490 2108; x_wconf 84' lang='lat' dir='ltr'><strong>Pacuvianam.</strong></span> <span class='ocrx_word' id='word_1_220' title='bbox 512 2075 618 2107; x_wconf 85' lang='lat' dir='ltr'><strong>Ilione</strong></span> <span class='ocrx_word' id='word_1_221' title='bbox 639 2085 724 2116; x_wconf 88' lang='lat' dir='ltr'><strong>quae</strong></span> <span class='ocrx_word' id='word_1_222' title='bbox 748 2075 851 2107; x_wconf 86' lang='lat' dir='ltr'><strong>fertur</strong></span> <span class='ocrx_word' id='word_1_223' title='bbox 873 2076 978 2107; x_wconf 86' lang='lat' dir='ltr'><strong>Ennii</strong></span> 
     </span>
     <span class='ocr_line' id='line_1_26' title="bbox 117 2127 977 2170; baseline -0.001 -10"><span class='ocrx_word' id='word_1_224' title='bbox 117 2129 211 2160; x_wconf 85' lang='lat' dir='ltr'><strong>nulla</strong></span> <span class='ocrx_word' id='word_1_225' title='bbox 232 2129 334 2161; x_wconf 85' lang='lat' dir='ltr'><strong>fuisse</strong></span> <span class='ocrx_word' id='word_1_226' title='bbox 356 2128 496 2160; x_wconf 84' lang='lat' dir='ltr'><strong>videtur.</strong></span> <span class='ocrx_word' id='word_1_227' title='bbox 531 2127 707 2166; x_wconf 83' lang='lat' dir='ltr'><strong>Iteradum,</strong></span> <span class='ocrx_word' id='word_1_228' title='bbox 737 2133 775 2159; x_wconf 88' lang='lat' dir='ltr'><strong>ut</strong></span> <span class='ocrx_word' id='word_1_229' title='bbox 796 2127 927 2170; x_wconf 74' lang='lat' dir='ltr'><strong>ayedum</strong></span> <span class='ocrx_word' id='word_1_230' title='bbox 960 2138 977 2160; x_wconf 90' lang='lat' dir='ltr'><strong>e</strong></span> 
     </span>
     <span class='ocr_line' id='line_1_27' title="bbox 116 2181 977 2222; baseline -0.001 -9"><span class='ocrx_word' id='word_1_231' title='bbox 116 2191 269 2213; x_wconf 87' lang='lat' dir='ltr'><strong>sermone</strong></span> <span class='ocrx_word' id='word_1_232' title='bbox 292 2181 447 2213; x_wconf 79' lang='lat' dir='ltr'><strong>familiari</strong></span> <span class='ocrx_word' id='word_1_233' title='bbox 471 2181 590 2212; x_wconf 90' lang='lat' dir='ltr'><strong>comici</strong></span> <span class='ocrx_word' id='word_1_234' title='bbox 611 2181 874 2222; x_wconf 68' lang='lat' dir='ltr'><strong>desumpserunt.</strong></span> <span class='ocrx_word' id='word_1_235' title='bbox 899 2181 977 2213; x_wconf 89' lang='lat' dir='ltr'><strong>Vid.</strong></span> 
     </span>
     <span class='ocr_line' id='line_1_28' title="bbox 117 2234 666 2276; baseline -0.002 -9"><span class='ocrx_word' id='word_1_236' title='bbox 117 2235 229 2267; x_wconf 84' lang='lat' dir='ltr'><strong>Hand.</strong></span> <span class='ocrx_word' id='word_1_237' title='bbox 251 2235 381 2266; x_wconf 88' lang='lat' dir='ltr'><strong>Tursel.</strong></span> <span class='ocrx_word' id='word_1_238' title='bbox 406 2236 452 2266; x_wconf 93' lang='lat' dir='ltr'><strong>II.</strong></span> <span class='ocrx_word' id='word_1_239' title='bbox 479 2246 510 2276; x_wconf 88' lang='lat' dir='ltr'><strong>p.</strong></span> <span class='ocrx_word' id='word_1_240' title='bbox 533 2234 594 2266; x_wconf 80' lang='lat'><strong>328</strong></span> <span class='ocrx_word' id='word_1_241' title='bbox 617 2245 666 2276; x_wconf 89' lang='lat' dir='ltr'><strong>sq.</strong></span> 
     </span>
    </p>

    <p class='ocr_par' dir='ltr' id='par_1_7' title="bbox 116 2288 978 2764">
     <span class='ocr_line' id='line_1_29' title="bbox 160 2288 977 2330; baseline 0 -10"><span class='ocrx_word' id='word_1_242' title='bbox 160 2289 333 2322; x_wconf 73' lang='lat' dir='ltr'><strong>Coronatus</strong></span> <span class='ocrx_word' id='word_1_243' title='bbox 357 2289 492 2330; x_wconf 73' lang='lat' dir='ltr'><strong>Quinta-s</strong></span> <span class='ocrx_word' id='word_1_244' title='bbox 514 2291 619 2320; x_wconf 79' lang='lat' dir='ltr'><strong>noster</strong></span> <span class='ocrx_word' id='word_1_245' title='bbox 647 2288 840 2320; x_wconf 66' lang='lat' dir='ltr'><strong>Parilibus?</strong></span> <span class='ocrx_word' id='word_1_246' title='bbox 873 2289 977 2329; x_wconf 83' lang='lat' dir='ltr'><strong>Quin-</strong></span> 
     </span>
     <span class='ocr_line' id='line_1_30' title="bbox 116 2341 978 2379; baseline 0 -7"><span class='ocrx_word' id='word_1_247' title='bbox 116 2346 188 2373; x_wconf 82' lang='lat' dir='ltr'><strong>tum</strong></span> <span class='ocrx_word' id='word_1_248' title='bbox 209 2342 318 2373; x_wconf 86' lang='lat' dir='ltr'><strong>filium</strong></span> <span class='ocrx_word' id='word_1_249' title='bbox 339 2341 522 2373; x_wconf 83' lang='lat' dir='ltr'><strong>celebrasse</strong></span> <span class='ocrx_word' id='word_1_250' title='bbox 545 2341 679 2379; x_wconf 86' lang='lat' dir='ltr'><strong>Parilia,</strong></span> <span class='ocrx_word' id='word_1_251' title='bbox 712 2342 740 2372; x_wconf 84' lang='lat' dir='ltr'><strong>si</strong></span> <span class='ocrx_word' id='word_1_252' title='bbox 776 2341 863 2372; x_wconf 81' lang='lat' dir='ltr'><strong>nihil</strong></span> <span class='ocrx_word' id='word_1_253' title='bbox 885 2342 978 2373; x_wconf 87' lang='lat' dir='ltr'><strong>aliud</strong></span> 
     </span>
     <span class='ocr_line' id='line_1_31' title="bbox 117 2395 977 2437; baseline 0 -11"><span class='ocrx_word' id='word_1_254' title='bbox 117 2405 193 2426; x_wconf 89' lang='lat' dir='ltr'><strong>cum</strong></span> <span class='ocrx_word' id='word_1_255' title='bbox 214 2404 254 2426; x_wconf 82' lang='lat' dir='ltr'><strong>ea</strong></span> <span class='ocrx_word' id='word_1_256' title='bbox 275 2405 311 2427; x_wconf 88' lang='lat' dir='ltr'><strong>re</strong></span> <span class='ocrx_word' id='word_1_257' title='bbox 331 2395 546 2426; x_wconf 90' lang='lat' dir='ltr'><strong>coniunctum</strong></span> <span class='ocrx_word' id='word_1_258' title='bbox 568 2395 693 2434; x_wconf 86' lang='lat' dir='ltr'><strong>suisset,</strong></span> <span class='ocrx_word' id='word_1_259' title='bbox 725 2406 793 2427; x_wconf 89' lang='lat' dir='ltr'><strong>non</strong></span> <span class='ocrx_word' id='word_1_260' title='bbox 816 2401 886 2427; x_wconf 86' lang='lat' dir='ltr'><strong>erat</strong></span> <span class='ocrx_word' id='word_1_261' title='bbox 907 2406 977 2437; x_wconf 88' lang='lat' dir='ltr'><strong>pro·</strong></span> 
     </span>
     <span class='ocr_line' id='line_1_32' title="bbox 117 2449 978 2487; baseline 0 -7"><span class='ocrx_word' id='word_1_262' title='bbox 117 2449 201 2480; x_wconf 84' lang='lat' dir='ltr'><strong>secto</strong></span> <span class='ocrx_word' id='word_1_263' title='bbox 224 2449 317 2487; x_wconf 84' lang='lat' dir='ltr'><strong>tanti,</strong></span> <span class='ocrx_word' id='word_1_264' title='bbox 341 2454 378 2481; x_wconf 91' lang='lat' dir='ltr'><strong>ut</strong></span> <span class='ocrx_word' id='word_1_265' title='bbox 400 2450 440 2481; x_wconf 89' lang='lat' dir='ltr'><strong>de</strong></span> <span class='ocrx_word' id='word_1_266' title='bbox 463 2459 501 2481; x_wconf 87' lang='lat' dir='ltr'><strong>ea</strong></span> <span class='ocrx_word' id='word_1_267' title='bbox 523 2458 558 2480; x_wconf 94' lang='lat' dir='ltr'><strong>re</strong></span> <span class='ocrx_word' id='word_1_268' title='bbox 581 2450 702 2480; x_wconf 84' lang='lat' dir='ltr'><strong>certior</strong></span> <span class='ocrx_word' id='word_1_269' title='bbox 723 2450 796 2481; x_wconf 90' lang='lat' dir='ltr'><strong>fieri</strong></span> <span class='ocrx_word' id='word_1_270' title='bbox 819 2450 978 2482; x_wconf 87' lang='lat' dir='ltr'><strong>voluisset</strong></span> 
     </span>
     <span class='ocr_line' id='line_1_33' title="bbox 117 2503 977 2545; baseline -0.001 -9"><span class='ocrx_word' id='word_1_271' title='bbox 117 2503 242 2536; x_wconf 87' lang='lat' dir='ltr'><strong>Cicero.</strong></span> <span class='ocrx_word' id='word_1_272' title='bbox 273 2503 340 2536; x_wconf 89' lang='lat' dir='ltr'><strong>Sed</strong></span> <span class='ocrx_word' id='word_1_273' title='bbox 369 2504 573 2545; x_wconf 79' lang='lat' dir='ltr'><strong>indignatur,</strong></span> <span class='ocrx_word' id='word_1_274' title='bbox 612 2505 701 2545; x_wconf 90' lang='lat' dir='ltr'><strong>quod</strong></span> <span class='ocrx_word' id='word_1_275' title='bbox 736 2504 793 2536; x_wconf 92' lang='lat' dir='ltr'><strong>ille</strong></span> <span class='ocrx_word' id='word_1_276' title='bbox 828 2503 977 2536; x_wconf 87' lang='lat' dir='ltr'><strong>Caesaris</strong></span> 
     </span>
     <span class='ocr_line' id='line_1_34' title="bbox 116 2558 977 2591; baseline -0.001 0"><span class='ocrx_word' id='word_1_277' title='bbox 116 2559 251 2591; x_wconf 86' lang='lat' dir='ltr'><strong>honoris</strong></span> <span class='ocrx_word' id='word_1_278' title='bbox 274 2569 373 2591; x_wconf 80' lang='lat' dir='ltr'><strong>causa</strong></span> <span class='ocrx_word' id='word_1_279' title='bbox 394 2559 429 2590; x_wconf 92' lang='lat' dir='ltr'><strong>in</strong></span> <span class='ocrx_word' id='word_1_280' title='bbox 452 2559 512 2590; x_wconf 90' lang='lat' dir='ltr'><strong>illo</strong></span> <span class='ocrx_word' id='word_1_281' title='bbox 543 2559 596 2590; x_wconf 89' lang='lat' dir='ltr'><strong>die</strong></span> <span class='ocrx_word' id='word_1_282' title='bbox 631 2558 713 2590; x_wconf 90' lang='lat' dir='ltr'><strong>festo</strong></span> <span class='ocrx_word' id='word_1_283' title='bbox 742 2569 899 2590; x_wconf 88' lang='lat' dir='ltr'><strong>coronam</strong></span> <span class='ocrx_word' id='word_1_284' title='bbox 927 2569 977 2590; x_wconf 88' lang='lat' dir='ltr'><strong>ca-</strong></span> 
     </span>
     <span class='ocr_line' id='line_1_35' title="bbox 116 2613 978 2655; baseline -0.001 -10"><span class='ocrx_word' id='word_1_285' title='bbox 116 2613 184 2655; x_wconf 86' lang='lat' dir='ltr'><strong>pite</strong></span> <span class='ocrx_word' id='word_1_286' title='bbox 206 2614 346 2654; x_wconf 86' lang='lat' dir='ltr'><strong>gessisse</strong></span> <span class='ocrx_word' id='word_1_287' title='bbox 376 2613 556 2644; x_wconf 82' lang='lat' dir='ltr'><strong>dicebatur.</strong></span> <span class='ocrx_word' id='word_1_288' title='bbox 601 2613 772 2644; x_wconf 81' lang='lat' dir='ltr'><strong>Iudicatur</strong></span> <span class='ocrx_word' id='word_1_289' title='bbox 806 2613 868 2644; x_wconf 83' lang='lat' dir='ltr'><strong>hoc</strong></span> <span class='ocrx_word' id='word_1_290' title='bbox 907 2613 978 2654; x_wconf 86' lang='lat' dir='ltr'><strong>ipsa</strong></span> 
     </span>
     <span class='ocr_line' id='line_1_36' title="bbox 116 2665 977 2710; baseline 0 -12"><span class='ocrx_word' id='word_1_291' title='bbox 116 2668 294 2700; x_wconf 87' lang='lat' dir='ltr'><strong>verborum</strong></span> <span class='ocrx_word' id='word_1_292' title='bbox 315 2668 479 2710; x_wconf 84' lang='lat' dir='ltr'><strong>positione</strong></span> <span class='ocrx_word' id='word_1_293' title='bbox 502 2671 534 2698; x_wconf 91' lang='lat' dir='ltr'><strong>et</strong></span> <span class='ocrx_word' id='word_1_294' title='bbox 562 2665 738 2698; x_wconf 87' lang='lat' dir='ltr'><strong>manifesto</strong></span> <span class='ocrx_word' id='word_1_295' title='bbox 768 2673 903 2708; x_wconf 80' lang='lat' dir='ltr'><strong>apparet</strong></span> <span class='ocrx_word' id='word_1_296' title='bbox 934 2676 977 2698; x_wconf 84' lang='lat' dir='ltr'><strong>ex</strong></span> 
     </span>
     <span class='ocr_line' id='line_1_37' title="bbox 117 2720 946 2764; baseline -0.001 -11"><span class='ocrx_word' id='word_1_297' title='bbox 117 2722 167 2761; x_wconf 88' lang='lat' dir='ltr'><strong>iis,</strong></span> <span class='ocrx_word' id='word_1_298' title='bbox 189 2732 274 2764; x_wconf 88' lang='lat' dir='ltr'><strong>quae</strong></span> <span class='ocrx_word' id='word_1_299' title='bbox 296 2722 462 2764; x_wconf 88' lang='lat' dir='ltr'><strong>rescripsit</strong></span> <span class='ocrx_word' id='word_1_300' title='bbox 484 2720 526 2760; x_wconf 82' lang='lat' dir='ltr'><strong>Q.</strong></span> <span class='ocrx_word' id='word_1_301' title='bbox 549 2720 647 2752; x_wconf 90' lang='lat' dir='ltr'><strong>filius.</strong></span> <span class='ocrx_word' id='word_1_302' title='bbox 671 2721 750 2752; x_wconf 87' lang='lat' dir='ltr'><strong>Vid.</strong></span> <span class='ocrx_word' id='word_1_303' title='bbox 772 2730 822 2762; x_wconf 89' lang='lat' dir='ltr'><strong>ep.</strong></span> <span class='ocrx_word' id='word_1_304' title='bbox 846 2721 894 2759; x_wconf 84' lang='lat'><strong>19,</strong></span> <span class='ocrx_word' id='word_1_305' title='bbox 917 2722 946 2753; x_wconf 88' lang='lat'><strong>3.</strong></span> 
     </span>
    </p>

    <p class='ocr_par' dir='ltr' id='par_1_8' title="bbox 158 2775 977 2817">
     <span class='ocr_line' id='line_1_38' title="bbox 158 2775 977 2817; baseline -0.002 -8"><span class='ocrx_word' id='word_1_306' title='bbox 158 2777 347 2809; x_wconf 73' lang='lat' dir='ltr'><strong>Parilibus?</strong></span> <span class='ocrx_word' id='word_1_307' title='bbox 369 2776 531 2808; x_wconf 77' lang='lat' dir='ltr'><strong>Solusne?</strong></span> <span class='ocrx_word' id='word_1_308' title='bbox 554 2776 595 2807; x_wconf 91' lang='lat' dir='ltr'><strong>In</strong></span> <span class='ocrx_word' id='word_1_309' title='bbox 618 2775 783 2817; x_wconf 87' lang='lat' dir='ltr'><strong>plerisque</strong></span> <span class='ocrx_word' id='word_1_310' title='bbox 806 2776 901 2807; x_wconf 87' lang='lat' dir='ltr'><strong>libris</strong></span> <span class='ocrx_word' id='word_1_311' title='bbox 924 2785 977 2816; x_wconf 89' lang='lat' dir='ltr'><strong>ge-</strong></span> 
     </span>
    </p>
   </div>
   <div class='ocr_carea' id='block_1_7' title="bbox 1021 1802 1886 2816">
    <p class='ocr_par' dir='ltr' id='par_1_9' title="bbox 1023 1802 1884 1896">
     <span class='ocr_line' id='line_1_39' title="bbox 1023 1802 1884 1845; baseline 0.001 -12"><span class='ocrx_word' id='word_1_312' title='bbox 1023 1807 1092 1834; x_wconf 86' lang='lat' dir='ltr'><strong>erat</strong></span> <span class='ocrx_word' id='word_1_313' title='bbox 1133 1813 1152 1833; x_wconf 85' lang='lat' dir='ltr'><strong>a</strong></span> <span class='ocrx_word' id='word_1_314' title='bbox 1189 1802 1318 1834; x_wconf 86' lang='lat' dir='ltr'><strong>duobus</strong></span> <span class='ocrx_word' id='word_1_315' title='bbox 1356 1803 1461 1843; x_wconf 90' lang='lat' dir='ltr'><strong>libris,</strong></span> <span class='ocrx_word' id='word_1_316' title='bbox 1497 1813 1579 1845; x_wconf 88' lang='lat' dir='ltr'><strong>quos</strong></span> <span class='ocrx_word' id='word_1_317' title='bbox 1613 1803 1801 1844; x_wconf 84' lang='lat' dir='ltr'><strong>Malaspina</strong></span> <span class='ocrx_word' id='word_1_318' title='bbox 1838 1802 1884 1834; x_wconf 92' lang='lat' dir='ltr'><strong>in-</strong></span> 
     </span>
     <span class='ocr_line' id='line_1_40' title="bbox 1024 1855 1146 1896; baseline 0.008 -10"><span class='ocrx_word' id='word_1_319' title='bbox 1024 1855 1146 1896; x_wconf 87' lang='lat' dir='ltr'><strong>spexit.</strong></span> 
     </span>
    </p>

    <p class='ocr_par' dir='ltr' id='par_1_10' title="bbox 1021 1908 1884 2116">
     <span class='ocr_line' id='line_1_41' title="bbox 1064 1908 1884 1950; baseline 0.002 -12"><span class='ocrx_word' id='word_1_320' title='bbox 1064 1908 1214 1941; x_wconf 82' lang='lat' dir='ltr'><strong>Lamiam.</strong></span> <span class='ocrx_word' id='word_1_321' title='bbox 1237 1909 1378 1942; x_wconf 88' lang='lat' dir='ltr'><strong>Temere</strong></span> <span class='ocrx_word' id='word_1_322' title='bbox 1399 1909 1600 1942; x_wconf 87' lang='lat' dir='ltr'><strong>Wielandus</strong></span> <span class='ocrx_word' id='word_1_323' title='bbox 1613 1909 1691 1940; x_wconf 89' lang='lat' dir='ltr'><strong>Vol.</strong></span> <span class='ocrx_word' id='word_1_324' title='bbox 1705 1909 1768 1940; x_wconf 86' lang='lat' dir='ltr'><strong>VI.</strong></span> <span class='ocrx_word' id='word_1_325' title='bbox 1779 1919 1810 1950; x_wconf 92' lang='lat' dir='ltr'><strong>p.</strong></span> <span class='ocrx_word' id='word_1_326' title='bbox 1824 1910 1884 1940; x_wconf 81' lang='lat'><strong>238</strong></span> 
     </span>
     <span class='ocr_line' id='line_1_42' title="bbox 1021 1966 1882 2008; baseline -0.002 -11"><span class='ocrx_word' id='word_1_327' title='bbox 1021 1966 1076 1998; x_wconf 91' lang='lat' dir='ltr'><strong>hic</strong></span> <span class='ocrx_word' id='word_1_328' title='bbox 1099 1967 1283 2008; x_wconf 88' lang='lat' dir='ltr'><strong>suspicatur</strong></span> <span class='ocrx_word' id='word_1_329' title='bbox 1304 1976 1492 1999; x_wconf 87' lang='lat' dir='ltr'><strong>sermonem</strong></span> <span class='ocrx_word' id='word_1_330' title='bbox 1515 1976 1586 1998; x_wconf 87' lang='lat' dir='ltr'><strong>esse</strong></span> <span class='ocrx_word' id='word_1_331' title='bbox 1609 1967 1649 1998; x_wconf 90' lang='lat' dir='ltr'><strong>de</strong></span> <span class='ocrx_word' id='word_1_332' title='bbox 1673 1966 1748 2003; x_wconf 82' lang='lat' dir='ltr'><strong>alio,</strong></span> <span class='ocrx_word' id='word_1_333' title='bbox 1781 1975 1882 2006; x_wconf 87' lang='lat' dir='ltr'><strong>quam</strong></span> 
     </span>
     <span class='ocr_line' id='line_1_43' title="bbox 1022 2019 1883 2062; baseline -0.002 -11"><span class='ocrx_word' id='word_1_334' title='bbox 1022 2020 1063 2051; x_wconf 90' lang='lat' dir='ltr'><strong>de</strong></span> <span class='ocrx_word' id='word_1_335' title='bbox 1084 2019 1124 2051; x_wconf 92' lang='lat' dir='ltr'><strong>L.</strong></span> <span class='ocrx_word' id='word_1_336' title='bbox 1146 2020 1247 2052; x_wconf 88' lang='lat' dir='ltr'><strong>Aelio</strong></span> <span class='ocrx_word' id='word_1_337' title='bbox 1268 2021 1397 2059; x_wconf 83' lang='lat' dir='ltr'><strong>Lamia,</strong></span> <span class='ocrx_word' id='word_1_338' title='bbox 1419 2030 1520 2062; x_wconf 91' lang='lat' dir='ltr'><strong>quem</strong></span> <span class='ocrx_word' id='word_1_339' title='bbox 1542 2029 1638 2062; x_wconf 83' lang='lat' dir='ltr'><strong>saepe</strong></span> <span class='ocrx_word' id='word_1_340' title='bbox 1669 2020 1776 2050; x_wconf 82' lang='lat' dir='ltr'><strong>multa</strong></span> <span class='ocrx_word' id='word_1_341' title='bbox 1806 2029 1883 2050; x_wconf 89' lang='lat' dir='ltr'><strong>cum</strong></span> 
     </span>
     <span class='ocr_line' id='line_1_44' title="bbox 1022 2073 1436 2116; baseline 0.002 -12"><span class='ocrx_word' id='word_1_342' title='bbox 1022 2073 1120 2105; x_wconf 86' lang='lat' dir='ltr'><strong>laude</strong></span> <span class='ocrx_word' id='word_1_343' title='bbox 1144 2073 1260 2105; x_wconf 88' lang='lat' dir='ltr'><strong>Cicero</strong></span> <span class='ocrx_word' id='word_1_344' title='bbox 1283 2074 1436 2116; x_wconf 86' lang='lat' dir='ltr'><strong>appellat.</strong></span> 
     </span>
    </p>

    <p class='ocr_par' dir='ltr' id='par_1_11' title="bbox 1022 2127 1886 2816">
     <span class='ocr_line' id='line_1_45' title="bbox 1065 2127 1885 2160; baseline 0 -2"><span class='ocrx_word' id='word_1_345' title='bbox 1065 2127 1114 2159; x_wconf 87' lang='lat' dir='ltr'><strong>De</strong></span> <span class='ocrx_word' id='word_1_346' title='bbox 1136 2129 1263 2160; x_wconf 73' lang='lat' dir='ltr'><strong>haeresi</strong></span> <span class='ocrx_word' id='word_1_347' title='bbox 1291 2127 1320 2158; x_wconf 87' lang='lat' dir='ltr'><em>V</em></span> <span class='ocrx_word' id='word_1_348' title='bbox 1316 2129 1478 2160; x_wconf 73' lang='lat' dir='ltr'><strong>estoriana</strong></span> <span class='ocrx_word' id='word_1_349' title='bbox 1501 2131 1532 2159; x_wconf 74' lang='lat' dir='ltr'><strong>et</strong></span> <span class='ocrx_word' id='word_1_350' title='bbox 1546 2128 1586 2160; x_wconf 84' lang='lat' dir='ltr'><strong>de</strong></span> <span class='ocrx_word' id='word_1_351' title='bbox 1598 2127 1790 2159; x_wconf 72' lang='lat' dir='ltr'><strong>Pher-ionum</strong></span> <span class='ocrx_word' id='word_1_352' title='bbox 1803 2137 1885 2158; x_wconf 83' lang='lat' dir='ltr'><strong>more</strong></span> 
     </span>
     <span class='ocr_line' id='line_1_46' title="bbox 1023 2183 1885 2224; baseline 0 -10"><span class='ocrx_word' id='word_1_353' title='bbox 1023 2183 1209 2216; x_wconf 77' lang='lat' dir='ltr'><strong>Puteolano.</strong></span> <span class='ocrx_word' id='word_1_354' title='bbox 1253 2184 1393 2216; x_wconf 81' lang='lat' dir='ltr'><strong>Frustra</strong></span> <span class='ocrx_word' id='word_1_355' title='bbox 1425 2184 1488 2216; x_wconf 88' lang='lat' dir='ltr'><strong>ioci</strong></span> <span class='ocrx_word' id='word_1_356' title='bbox 1519 2184 1718 2216; x_wconf 88' lang='lat' dir='ltr'><strong>sententiam</strong></span> <span class='ocrx_word' id='word_1_357' title='bbox 1755 2183 1885 2224; x_wconf 87' lang='lat' dir='ltr'><strong>assequi</strong></span> 
     </span>
     <span class='ocr_line' id='line_1_47' title="bbox 1023 2236 1885 2280; baseline 0 -12"><span class='ocrx_word' id='word_1_358' title='bbox 1023 2239 1158 2269; x_wconf 82' lang='lat' dir='ltr'><strong>student</strong></span> <span class='ocrx_word' id='word_1_359' title='bbox 1179 2238 1374 2280; x_wconf 88' lang='lat' dir='ltr'><strong>interpretes</strong></span> <span class='ocrx_word' id='word_1_360' title='bbox 1397 2244 1430 2270; x_wconf 92' lang='lat' dir='ltr'><strong>et</strong></span> <span class='ocrx_word' id='word_1_361' title='bbox 1452 2239 1555 2270; x_wconf 85' lang='lat' dir='ltr'><strong>verba</strong></span> <span class='ocrx_word' id='word_1_362' title='bbox 1588 2238 1727 2269; x_wconf 85' lang='lat' dir='ltr'><strong>obscura</strong></span> <span class='ocrx_word' id='word_1_363' title='bbox 1759 2243 1790 2269; x_wconf 89' lang='lat' dir='ltr'><strong>et</strong></span> <span class='ocrx_word' id='word_1_364' title='bbox 1824 2236 1885 2268; x_wconf 89' lang='lat' dir='ltr'><strong>for-</strong></span> 
     </span>
     <span class='ocr_line' id='line_1_48' title="bbox 1023 2290 1882 2333; baseline -0.002 -11"><span class='ocrx_word' id='word_1_365' title='bbox 1023 2296 1108 2323; x_wconf 90' lang='lat' dir='ltr'><strong>tasse</strong></span> <span class='ocrx_word' id='word_1_366' title='bbox 1130 2301 1149 2322; x_wconf 85' lang='lat' dir='ltr'><strong>a</strong></span> <span class='ocrx_word' id='word_1_367' title='bbox 1172 2291 1315 2323; x_wconf 83' lang='lat' dir='ltr'><strong>librariis</strong></span> <span class='ocrx_word' id='word_1_368' title='bbox 1337 2292 1424 2323; x_wconf 85' lang='lat' dir='ltr'><strong>male</strong></span> <span class='ocrx_word' id='word_1_369' title='bbox 1447 2292 1610 2333; x_wconf 89' lang='lat' dir='ltr'><strong>descripta</strong></span> <span class='ocrx_word' id='word_1_370' title='bbox 1633 2290 1829 2322; x_wconf 88' lang='lat' dir='ltr'><strong>coniecturis</strong></span> <span class='ocrx_word' id='word_1_371' title='bbox 1847 2290 1882 2320; x_wconf 91' lang='lat' dir='ltr'><strong>in</strong></span> 
     </span>
     <span class='ocr_line' id='line_1_49' title="bbox 1023 2344 1886 2385; baseline -0.003 -10"><span class='ocrx_word' id='word_1_372' title='bbox 1023 2344 1174 2375; x_wconf 80' lang='lat' dir='ltr'><strong>ordinem</strong></span> <span class='ocrx_word' id='word_1_373' title='bbox 1196 2344 1346 2385; x_wconf 82' lang='lat' dir='ltr'><strong>redigere</strong></span> <span class='ocrx_word' id='word_1_374' title='bbox 1368 2349 1542 2376; x_wconf 87' lang='lat' dir='ltr'><strong>conantur.</strong></span> <span class='ocrx_word' id='word_1_375' title='bbox 1565 2344 1641 2375; x_wconf 88' lang='lat' dir='ltr'><strong>Hoc</strong></span> <span class='ocrx_word' id='word_1_376' title='bbox 1663 2354 1767 2375; x_wconf 89' lang='lat' dir='ltr'><strong>unum</strong></span> <span class='ocrx_word' id='word_1_377' title='bbox 1791 2352 1886 2384; x_wconf 88' lang='lat' dir='ltr'><strong>appa-</strong></span> 
     </span>
     <span class='ocr_line' id='line_1_50' title="bbox 1022 2394 1886 2438; baseline -0.001 -11"><span class='ocrx_word' id='word_1_378' title='bbox 1022 2402 1072 2427; x_wconf 90' lang='lat' dir='ltr'><strong>ret</strong></span> <span class='ocrx_word' id='word_1_379' title='bbox 1093 2397 1200 2428; x_wconf 83' lang='lat' dir='ltr'><strong>Attici</strong></span> <span class='ocrx_word' id='word_1_380' title='bbox 1223 2397 1334 2428; x_wconf 87' lang='lat' dir='ltr'><strong>iocum</strong></span> <span class='ocrx_word' id='word_1_381' title='bbox 1355 2397 1498 2438; x_wconf 89' lang='lat' dir='ltr'><strong>pendere</strong></span> <span class='ocrx_word' id='word_1_382' title='bbox 1522 2407 1541 2427; x_wconf 85' lang='lat' dir='ltr'><strong>a</strong></span> <span class='ocrx_word' id='word_1_383' title='bbox 1562 2397 1682 2434; x_wconf 87' lang='lat' dir='ltr'><strong>verbis,</strong></span> <span class='ocrx_word' id='word_1_384' title='bbox 1716 2405 1801 2437; x_wconf 89' lang='lat' dir='ltr'><strong>quae</strong></span> <span class='ocrx_word' id='word_1_385' title='bbox 1834 2394 1886 2426; x_wconf 90' lang='lat' dir='ltr'><strong>Ci—</strong></span> 
     </span>
     <span class='ocr_line' id='line_1_51' title="bbox 1023 2449 1885 2492; baseline -0.002 -10"><span class='ocrx_word' id='word_1_386' title='bbox 1023 2460 1098 2482; x_wconf 88' lang='lat' dir='ltr'><strong>cero</strong></span> <span class='ocrx_word' id='word_1_387' title='bbox 1120 2451 1293 2492; x_wconf 86' lang='lat' dir='ltr'><strong>scripserat</strong></span> <span class='ocrx_word' id='word_1_388' title='bbox 1316 2460 1366 2492; x_wconf 89' lang='lat' dir='ltr'><strong>ep.</strong></span> <span class='ocrx_word' id='word_1_389' title='bbox 1389 2451 1429 2482; x_wconf 82' lang='lat'><strong>12</strong></span> <span class='ocrx_word' id='word_1_390' title='bbox 1451 2456 1534 2482; x_wconf 80' lang='lat' dir='ltr'><strong>extr.</strong></span> <span class='ocrx_word' id='word_1_391' title='bbox 1552 2455 1584 2482; x_wconf 87' lang='lat' dir='ltr'><strong>et</strong></span> <span class='ocrx_word' id='word_1_392' title='bbox 1602 2450 1713 2482; x_wconf 89' lang='lat' dir='ltr'><strong>risisse</strong></span> <span class='ocrx_word' id='word_1_393' title='bbox 1733 2449 1885 2480; x_wconf 88' lang='lat' dir='ltr'><strong>homines</strong></span> 
     </span>
     <span class='ocr_line' id='line_1_52' title="bbox 1023 2504 1884 2543; baseline -0.002 -8"><span class='ocrx_word' id='word_1_394' title='bbox 1023 2504 1130 2536; x_wconf 88' lang='lat' dir='ltr'><strong>fenori</strong></span> <span class='ocrx_word' id='word_1_395' title='bbox 1151 2505 1308 2543; x_wconf 84' lang='lat' dir='ltr'><strong>intentos,</strong></span> <span class='ocrx_word' id='word_1_396' title='bbox 1339 2510 1372 2536; x_wconf 87' lang='lat' dir='ltr'><strong>et</strong></span> <span class='ocrx_word' id='word_1_397' title='bbox 1401 2505 1533 2536; x_wconf 85' lang='lat' dir='ltr'><strong>divitias</strong></span> <span class='ocrx_word' id='word_1_398' title='bbox 1565 2514 1731 2535; x_wconf 89' lang='lat' dir='ltr'><strong>summum</strong></span> <span class='ocrx_word' id='word_1_399' title='bbox 1762 2504 1884 2534; x_wconf 87' lang='lat' dir='ltr'><strong>bouum</strong></span> 
     </span>
     <span class='ocr_line' id='line_1_53' title="bbox 1023 2557 1884 2600; baseline -0.003 -10"><span class='ocrx_word' id='word_1_400' title='bbox 1023 2564 1187 2600; x_wconf 87' lang='lat' dir='ltr'><strong>putantes,</strong></span> <span class='ocrx_word' id='word_1_401' title='bbox 1222 2569 1361 2600; x_wconf 89' lang='lat' dir='ltr'><strong>quorum</strong></span> <span class='ocrx_word' id='word_1_402' title='bbox 1395 2568 1515 2600; x_wconf 85' lang='lat' dir='ltr'><strong>agmen</strong></span> <span class='ocrx_word' id='word_1_403' title='bbox 1550 2559 1690 2590; x_wconf 85' lang='lat' dir='ltr'><strong>ducebat</strong></span> <span class='ocrx_word' id='word_1_404' title='bbox 1713 2557 1884 2588; x_wconf 87' lang='lat' dir='ltr'><strong>Vestorius</strong></span> 
     </span>
     <span class='ocr_line' id='line_1_54' title="bbox 1023 2612 1884 2653; baseline -0.003 -9"><span class='ocrx_word' id='word_1_405' title='bbox 1023 2613 1080 2645; x_wconf 90' lang='lat' dir='ltr'><strong>ille</strong></span> <span class='ocrx_word' id='word_1_406' title='bbox 1103 2613 1317 2645; x_wconf 86' lang='lat' dir='ltr'><strong>Puteolanus.</strong></span> <span class='ocrx_word' id='word_1_407' title='bbox 1364 2613 1474 2653; x_wconf 81' lang='lat' dir='ltr'><strong>Quem</strong></span> <span class='ocrx_word' id='word_1_408' title='bbox 1503 2613 1589 2645; x_wconf 83' lang='lat' dir='ltr'><strong>dicat</strong></span> <span class='ocrx_word' id='word_1_409' title='bbox 1617 2612 1803 2644; x_wconf 76' lang='lat' dir='ltr'><strong>Pherionum</strong></span> <span class='ocrx_word' id='word_1_410' title='bbox 1826 2622 1884 2642; x_wconf 86' lang='lat' dir='ltr'><strong>mo-</strong></span> 
     </span>
     <span class='ocr_line' id='line_1_55' title="bbox 1022 2665 1884 2709; baseline -0.005 -10"><span class='ocrx_word' id='word_1_411' title='bbox 1022 2679 1085 2699; x_wconf 85' lang='lat' dir='ltr'><strong>rem</strong></span> <span class='ocrx_word' id='word_1_412' title='bbox 1103 2667 1318 2706; x_wconf 71' lang='lat' dir='ltr'><strong>Puteolanum,</strong></span> <span class='ocrx_word' id='word_1_413' title='bbox 1338 2678 1406 2699; x_wconf 92' lang='lat' dir='ltr'><strong>non</strong></span> <span class='ocrx_word' id='word_1_414' title='bbox 1419 2668 1534 2709; x_wconf 87' lang='lat' dir='ltr'><strong>liquet.</strong></span> <span class='ocrx_word' id='word_1_415' title='bbox 1559 2666 1595 2699; x_wconf 94' lang='lat' dir='ltr'><strong>Si</strong></span> <span class='ocrx_word' id='word_1_416' title='bbox 1612 2666 1726 2698; x_wconf 86' lang='lat' dir='ltr'><strong>Cicero</strong></span> <span class='ocrx_word' id='word_1_417' title='bbox 1741 2666 1799 2696; x_wconf 89' lang='lat' dir='ltr'><strong>illo</strong></span> <span class='ocrx_word' id='word_1_418' title='bbox 1811 2665 1884 2696; x_wconf 94' lang='lat' dir='ltr'><strong>loco</strong></span> 
     </span>
     <span class='ocr_line' id='line_1_56' title="bbox 1023 2719 1882 2763; baseline -0.005 -10"><span class='ocrx_word' id='word_1_419' title='bbox 1023 2721 1150 2763; x_wconf 85' lang='lat' dir='ltr'><strong>aliquid</strong></span> <span class='ocrx_word' id='word_1_420' title='bbox 1172 2721 1351 2753; x_wconf 87' lang='lat' dir='ltr'><strong>addidisset</strong></span> <span class='ocrx_word' id='word_1_421' title='bbox 1376 2722 1416 2753; x_wconf 87' lang='lat' dir='ltr'><strong>de</strong></span> <span class='ocrx_word' id='word_1_422' title='bbox 1439 2721 1582 2763; x_wconf 89' lang='lat' dir='ltr'><strong>piscibus</strong></span> <span class='ocrx_word' id='word_1_423' title='bbox 1605 2720 1668 2751; x_wconf 89' lang='lat' dir='ltr'><strong>sibi</strong></span> <span class='ocrx_word' id='word_1_424' title='bbox 1692 2730 1709 2750; x_wconf 87' lang='lat' dir='ltr'><strong>a</strong></span> <span class='ocrx_word' id='word_1_425' title='bbox 1729 2719 1882 2750; x_wconf 83' lang='lat' dir='ltr'><strong>Vestorio</strong></span> 
     </span>
     <span class='ocr_line' id='line_1_57' title="bbox 1023 2771 1883 2816; baseline -0.006 -10"><span class='ocrx_word' id='word_1_426' title='bbox 1023 2774 1189 2816; x_wconf 81' lang='lat' dir='ltr'><strong>appositis,</strong></span> <span class='ocrx_word' id='word_1_427' title='bbox 1212 2775 1396 2816; x_wconf 86' lang='lat' dir='ltr'><strong>suspicarer</strong></span> <span class='ocrx_word' id='word_1_428' title='bbox 1416 2774 1471 2805; x_wconf 91' lang='lat' dir='ltr'><strong>hic</strong></span> <span class='ocrx_word' id='word_1_429' title='bbox 1497 2774 1708 2805; x_wconf 83' lang='lat' dir='ltr'><strong>scribendum</strong></span> <span class='ocrx_word' id='word_1_430' title='bbox 1731 2781 1820 2803; x_wconf 81' lang='lat' dir='ltr'><strong>esse:</strong></span> <span class='ocrx_word' id='word_1_431' title='bbox 1845 2771 1883 2801; x_wconf 84' lang='lat' dir='ltr'><strong>de</strong></span> 
     </span>
    </p>
   </div>
   <div class='ocr_carea' id='block_1_8' title="bbox 117 2823 1882 2872">
    <p class='ocr_par' dir='ltr' id='par_1_12' title="bbox 117 2823 1882 2872">
     <span class='ocr_line' id='line_1_58' title="bbox 117 2823 1882 2872; baseline -0.005 -10"><span class='ocrx_word' id='word_1_432' title='bbox 117 2833 262 2864; x_wconf 82' lang='lat' dir='ltr'><strong>minatur</strong></span> <span class='ocrx_word' id='word_1_433' title='bbox 283 2831 455 2870; x_wconf 78' lang='lat' dir='ltr'><strong>Parilibus,</strong></span> <span class='ocrx_word' id='word_1_434' title='bbox 486 2837 518 2863; x_wconf 88' lang='lat' dir='ltr'><strong>et</strong></span> <span class='ocrx_word' id='word_1_435' title='bbox 540 2831 663 2872; x_wconf 81' lang='lat' dir='ltr'><strong>placuit</strong></span> <span class='ocrx_word' id='word_1_436' title='bbox 684 2831 797 2862; x_wconf 86' lang='lat' dir='ltr'><strong>multis</strong></span> <span class='ocrx_word' id='word_1_437' title='bbox 818 2830 978 2862; x_wconf 81' lang='lat' dir='ltr'><strong>Lambini</strong></span> <span class='ocrx_word' id='word_1_438' title='bbox 1015 2826 1205 2866; x_wconf 75' lang='lat' dir='ltr'><strong>pharionum</strong></span> <span class='ocrx_word' id='word_1_439' title='bbox 1227 2827 1296 2858; x_wconf 83' lang='lat' dir='ltr'><strong>iure</strong></span> <span class='ocrx_word' id='word_1_440' title='bbox 1318 2826 1504 2864; x_wconf 81' lang='lat' dir='ltr'><strong>Puteolano,</strong></span> <span class='ocrx_word' id='word_1_441' title='bbox 1528 2826 1744 2865; x_wconf 87' lang='lat' dir='ltr'><strong>Atticumque</strong></span> <span class='ocrx_word' id='word_1_442' title='bbox 1770 2823 1882 2854; x_wconf 84' lang='lat' dir='ltr'><strong>risisse</strong></span> 
     </span>
    </p>
   </div>
   <div class='ocr_carea' id='block_1_9' title="bbox 117 2883 977 3191">
    <p class='ocr_par' dir='ltr' id='par_1_13' title="bbox 117 2883 977 3191">
     <span class='ocr_line' id='line_1_59' title="bbox 118 2883 977 2928; baseline -0.005 -10"><span class='ocrx_word' id='word_1_443' title='bbox 118 2886 396 2928; x_wconf 89' lang='lat' dir='ltr'><strong>supplementum,</strong></span> <span class='ocrx_word' id='word_1_444' title='bbox 421 2886 477 2927; x_wconf 88' lang='lat' dir='ltr'><strong>qui</strong></span> <span class='ocrx_word' id='word_1_445' title='bbox 501 2891 574 2926; x_wconf 88' lang='lat' dir='ltr'><strong>post</strong></span> <span class='ocrx_word' id='word_1_446' title='bbox 598 2884 763 2916; x_wconf 72' lang='lat' dir='ltr'><strong>Solusne?</strong></span> <span class='ocrx_word' id='word_1_447' title='bbox 786 2884 913 2916; x_wconf 83' lang='lat' dir='ltr'><strong>addidit</strong></span> <span class='ocrx_word' id='word_1_448' title='bbox 925 2883 977 2914; x_wconf 91' lang='lat' dir='ltr'><strong>So-</strong></span> 
     </span>
     <span class='ocr_line' id='line_1_60' title="bbox 117 2937 976 2979; baseline -0.002 -9"><span class='ocrx_word' id='word_1_449' title='bbox 117 2940 179 2972; x_wconf 79' lang='lat' dir='ltr'><strong>lus.</strong></span> <span class='ocrx_word' id='word_1_450' title='bbox 214 2939 282 2972; x_wconf 88' lang='lat' dir='ltr'><strong>Sed</strong></span> <span class='ocrx_word' id='word_1_451' title='bbox 304 2940 422 2971; x_wconf 87' lang='lat' dir='ltr'><strong>merito</strong></span> <span class='ocrx_word' id='word_1_452' title='bbox 445 2939 503 2971; x_wconf 87' lang='lat' dir='ltr'><strong>illa</strong></span> <span class='ocrx_word' id='word_1_453' title='bbox 525 2938 675 2979; x_wconf 85' lang='lat' dir='ltr'><strong>repetitio</strong></span> <span class='ocrx_word' id='word_1_454' title='bbox 698 2938 904 2979; x_wconf 85' lang='lat' dir='ltr'><strong>Malaspinae</strong></span> <span class='ocrx_word' id='word_1_455' title='bbox 929 2937 976 2968; x_wconf 91' lang='lat' dir='ltr'><strong>in-</strong></span> 
     </span>
     <span class='ocr_line' id='line_1_61' title="bbox 119 2990 977 3033; baseline -0.003 -9"><span class='ocrx_word' id='word_1_456' title='bbox 119 2992 190 3024; x_wconf 81' lang='lat' dir='ltr'><strong>anis</strong></span> <span class='ocrx_word' id='word_1_457' title='bbox 212 2993 396 3024; x_wconf 81' lang='lat' dir='ltr'><strong>videbatur.</strong></span> <span class='ocrx_word' id='word_1_458' title='bbox 417 2992 473 3023; x_wconf 90' lang='lat' dir='ltr'><strong>Ad</strong></span> <span class='ocrx_word' id='word_1_459' title='bbox 489 2991 632 3033; x_wconf 87' lang='lat' dir='ltr'><strong>priorem</strong></span> <span class='ocrx_word' id='word_1_460' title='bbox 647 2990 736 3022; x_wconf 88' lang='lat' dir='ltr'><strong>enim</strong></span> <span class='ocrx_word' id='word_1_461' title='bbox 751 2991 977 3032; x_wconf 87' lang='lat' dir='ltr'><strong>quaestionem</strong></span> 
     </span>
     <span class='ocr_line' id='line_1_62' title="bbox 119 3044 975 3088; baseline -0.004 -10"><span class='ocrx_word' id='word_1_462' title='bbox 119 3047 309 3088; x_wconf 86' lang='lat' dir='ltr'><strong>responderi</strong></span> <span class='ocrx_word' id='word_1_463' title='bbox 330 3046 503 3078; x_wconf 87' lang='lat' dir='ltr'><strong>debuerat:</strong></span> <span class='ocrx_word' id='word_1_464' title='bbox 530 3044 713 3076; x_wconf 77' lang='lat' dir='ltr'><strong>Coronatus.</strong></span> <span class='ocrx_word' id='word_1_465' title='bbox 751 3045 867 3086; x_wconf 90' lang='lat' dir='ltr'><strong>Neque</strong></span> <span class='ocrx_word' id='word_1_466' title='bbox 890 3049 975 3076; x_wconf 88' lang='lat' dir='ltr'><strong>recte</strong></span> 
     </span>
     <span class='ocr_line' id='line_1_63' title="bbox 118 3098 976 3141; baseline -0.002 -10"><span class='ocrx_word' id='word_1_467' title='bbox 118 3100 330 3141; x_wconf 84' lang='lat' dir='ltr'><strong>respondebit</strong></span> <span class='ocrx_word' id='word_1_468' title='bbox 352 3099 478 3137; x_wconf 89' lang='lat' dir='ltr'><strong>Cicero,</strong></span> <span class='ocrx_word' id='word_1_469' title='bbox 507 3099 566 3141; x_wconf 87' lang='lat' dir='ltr'><strong>qui</strong></span> <span class='ocrx_word' id='word_1_470' title='bbox 592 3099 633 3130; x_wconf 87' lang='lat' dir='ltr'><strong>ab</strong></span> <span class='ocrx_word' id='word_1_471' title='bbox 655 3098 761 3130; x_wconf 86' lang='lat' dir='ltr'><strong>amico</strong></span> <span class='ocrx_word' id='word_1_472' title='bbox 783 3098 843 3130; x_wconf 88' lang='lat' dir='ltr'><strong>illa</strong></span> <span class='ocrx_word' id='word_1_473' title='bbox 867 3098 976 3130; x_wconf 89' lang='lat' dir='ltr'><strong>iterari</strong></span> 
     </span>
     <span class='ocr_line' id='line_1_64' title="bbox 119 3150 975 3191; baseline -0.004 -7"><span class='ocrx_word' id='word_1_474' title='bbox 119 3152 261 3184; x_wconf 81' lang='lat' dir='ltr'><strong>volebat.</strong></span> <span class='ocrx_word' id='word_1_475' title='bbox 296 3152 396 3184; x_wconf 88' lang='lat' dir='ltr'><strong>Recte</strong></span> <span class='ocrx_word' id='word_1_476' title='bbox 430 3152 532 3191; x_wconf 66' lang='lat' dir='ltr'><strong>igitur</strong></span> <span class='ocrx_word' id='word_1_477' title='bbox 559 3152 697 3183; x_wconf 84' lang='lat' dir='ltr'><strong>alterum</strong></span> <span class='ocrx_word' id='word_1_478' title='bbox 730 3150 887 3182; x_wconf 76' lang='lat' dir='ltr'><strong>Parilibus</strong></span> <span class='ocrx_word' id='word_1_479' title='bbox 921 3150 975 3181; x_wconf 91' lang='lat' dir='ltr'><strong>ab·</strong></span> 
     </span>
    </p>
   </div>
   <div class='ocr_carea' id='block_1_10' title="bbox 1021 2876 1881 3187">
    <p class='ocr_par' dir='ltr' id='par_1_14' title="bbox 1021 2876 1881 3082">
     <span class='ocr_line' id='line_1_65' title="bbox 1022 2876 1880 2922; baseline -0.008 -10"><span class='ocrx_word' id='word_1_480' title='bbox 1022 2881 1188 2912; x_wconf 85' lang='lat' dir='ltr'><strong>crederem</strong></span> <span class='ocrx_word' id='word_1_481' title='bbox 1210 2881 1271 2919; x_wconf 89' lang='lat' dir='ltr'><strong>ius,</strong></span> <span class='ocrx_word' id='word_1_482' title='bbox 1295 2890 1362 2922; x_wconf 92' lang='lat' dir='ltr'><strong>quo</strong></span> <span class='ocrx_word' id='word_1_483' title='bbox 1393 2879 1544 2911; x_wconf 86' lang='lat' dir='ltr'><strong>Puteolis</strong></span> <span class='ocrx_word' id='word_1_484' title='bbox 1573 2878 1771 2909; x_wconf 86' lang='lat' dir='ltr'><strong>condiebant</strong></span> <span class='ocrx_word' id='word_1_485' title='bbox 1798 2876 1880 2916; x_wconf 75' lang='lat' dir='ltr'><strong>plea-</strong></span> 
     </span>
     <span class='ocr_line' id='line_1_66' title="bbox 1021 2929 1881 2974; baseline -0.005 -12"><span class='ocrx_word' id='word_1_486' title='bbox 1021 2932 1127 2964; x_wconf 77' lang='lat' dir='ltr'><strong>riones</strong></span> <span class='ocrx_word' id='word_1_487' title='bbox 1150 2944 1175 2965; x_wconf 91' lang='lat' dir='ltr'><strong>s.</strong></span> <span class='ocrx_word' id='word_1_488' title='bbox 1189 2933 1352 2974; x_wconf 72' lang='lat' dir='ltr'><strong>far-iones,</strong></span> <span class='ocrx_word' id='word_1_489' title='bbox 1375 2942 1479 2974; x_wconf 85' lang='lat' dir='ltr'><strong>genus</strong></span> <span class='ocrx_word' id='word_1_490' title='bbox 1501 2931 1597 2973; x_wconf 89' lang='lat' dir='ltr'><strong>piscis</strong></span> <span class='ocrx_word' id='word_1_491' title='bbox 1619 2930 1763 2961; x_wconf 88' lang='lat' dir='ltr'><strong>medium</strong></span> <span class='ocrx_word' id='word_1_492' title='bbox 1794 2929 1881 2959; x_wconf 88' lang='lat' dir='ltr'><strong>inter</strong></span> 
     </span>
     <span class='ocr_line' id='line_1_67' title="bbox 1022 2983 1879 3021; baseline -0.007 -4"><span class='ocrx_word' id='word_1_493' title='bbox 1022 2987 1205 3019; x_wconf 85' lang='lat' dir='ltr'><strong>salmonem</strong></span> <span class='ocrx_word' id='word_1_494' title='bbox 1228 2992 1260 3019; x_wconf 90' lang='lat' dir='ltr'><strong>et</strong></span> <span class='ocrx_word' id='word_1_495' title='bbox 1282 2988 1432 3021; x_wconf 78' lang='lat' dir='ltr'><strong>salarem.</strong></span> <span class='ocrx_word' id='word_1_496' title='bbox 1456 2991 1493 3017; x_wconf 91' lang='lat' dir='ltr'><strong>ut</strong></span> <span class='ocrx_word' id='word_1_497' title='bbox 1517 2985 1669 3016; x_wconf 86' lang='lat' dir='ltr'><strong>novimus</strong></span> <span class='ocrx_word' id='word_1_498' title='bbox 1701 2993 1741 3014; x_wconf 87' lang='lat' dir='ltr'><strong>ex</strong></span> <span class='ocrx_word' id='word_1_499' title='bbox 1775 2983 1879 3013; x_wconf 87' lang='lat' dir='ltr'><strong>Auso-</strong></span> 
     </span>
     <span class='ocr_line' id='line_1_68' title="bbox 1022 3042 1482 3082; baseline -0.004 -9"><span class='ocrx_word' id='word_1_500' title='bbox 1022 3042 1070 3074; x_wconf 91' lang='lat' dir='ltr'><strong>nii</strong></span> <span class='ocrx_word' id='word_1_501' title='bbox 1092 3043 1234 3075; x_wconf 85' lang='lat' dir='ltr'><strong>Mosella</strong></span> <span class='ocrx_word' id='word_1_502' title='bbox 1255 3053 1286 3074; x_wconf 89' lang='lat' dir='ltr'><strong>v.</strong></span> <span class='ocrx_word' id='word_1_503' title='bbox 1310 3043 1370 3074; x_wconf 83' lang='lat'><strong>128</strong></span> <span class='ocrx_word' id='word_1_504' title='bbox 1393 3051 1482 3082; x_wconf 90' lang='lat' dir='ltr'><strong>seqq.</strong></span> 
     </span>
    </p>

    <p class='ocr_par' dir='ltr' id='par_1_15' title="bbox 1023 3089 1879 3187">
     <span class='ocr_line' id='line_1_69' title="bbox 1065 3089 1879 3138; baseline -0.011 -9"><span class='ocrx_word' id='word_1_505' title='bbox 1065 3097 1082 3138; x_wconf 64' lang='grc' dir='ltr'>ξ</span> <span class='ocrx_word' id='word_1_506' title='bbox 1105 3097 1133 3129; x_wconf 82' lang='grc'><strong>2.</strong></span> <span class='ocrx_word' id='word_1_507' title='bbox 1160 3096 1352 3138; x_wconf 75' lang='lat' dir='ltr'><strong>Tyrannio&#39;a.</strong></span> <span class='ocrx_word' id='word_1_508' title='bbox 1388 3095 1438 3127; x_wconf 86' lang='lat' dir='ltr'><strong>De</strong></span> <span class='ocrx_word' id='word_1_509' title='bbox 1461 3093 1585 3125; x_wconf 83' lang='lat' dir='ltr'><strong>Graeca</strong></span> <span class='ocrx_word' id='word_1_510' title='bbox 1608 3092 1667 3122; x_wconf 82' lang='lat' dir='ltr'><strong>hac</strong></span> <span class='ocrx_word' id='word_1_511' title='bbox 1704 3089 1879 3121; x_wconf 77' lang='lat' dir='ltr'><strong>accusativi</strong></span> 
     </span>
     <span class='ocr_line' id='line_1_70' title="bbox 1023 3145 1876 3187; baseline -0.008 -5"><span class='ocrx_word' id='word_1_512' title='bbox 1023 3151 1256 3182; x_wconf 85' lang='lat' dir='ltr'><strong>terminatione</strong></span> <span class='ocrx_word' id='word_1_513' title='bbox 1280 3151 1354 3181; x_wconf 86' lang='lat' dir='ltr'><strong>vide</strong></span> <span class='ocrx_word' id='word_1_514' title='bbox 1377 3146 1515 3187; x_wconf 71' lang='lat' dir='ltr'><strong>Reisigii</strong></span> <span class='ocrx_word' id='word_1_515' title='bbox 1539 3146 1650 3178; x_wconf 78' lang='lat' dir='ltr'><strong>schol.</strong></span> <span class='ocrx_word' id='word_1_516' title='bbox 1674 3155 1705 3185; x_wconf 83' lang='lat' dir='ltr'><strong>p.</strong></span> <span class='ocrx_word' id='word_1_517' title='bbox 1722 3146 1772 3176; x_wconf 83' lang='lat'><strong>83.</strong></span> <span class='ocrx_word' id='word_1_518' title='bbox 1797 3145 1876 3176; x_wconf 85' lang='lat' dir='ltr'><strong>Alia</strong></span> 
     </span>
    </p>
   </div>
   <div class='ocr_carea' id='block_1_11' title="bbox 1906 1273 1943 1299">
    <p class='ocr_par' dir='ltr' id='par_1_16' title="bbox 1906 1273 1943 1299">
     <span class='ocr_line' id='line_1_71' title="bbox 1906 1273 1943 1299; baseline 0 0"><span class='ocrx_word' id='word_1_519' title='bbox 1906 1273 1943 1299; x_wconf 90' lang='lat'><strong>10</strong></span> 
     </span>
    </p>
   </div>
  </div>
 </body>
</html>
