2062 3565
169 151 256 190 352
570 147 653 188 ΕΡ.
689 146 765 187 ΑΒ
797 146 844 186 Τ.
878 145 1228 187 POMPONIUM
1262 146 1526 189 ATTICUM.

167 290 289 327 retur.
343 284 478 324 Pauca
522 278 658 340 παρά
700 278 854 336 legas,
889 281 1092 336 ceteroqui
1124 286 1165 322 et
1198 282 1294 323 satis
1326 282 1501 337 graviter
1533 287 1574 324 et
1606 298 1687 325 11011
1720 286 1927 324 contuma-

169 359 281 400 citer.
313 357 487 398 Tantum
523 354 618 396 addi
650 354 817 410 placuit,
853 353 960 408 quod
992 359 1077 395 erat
1109 368 1134 396 o
1148 369 1173 396 o
1188 370 1208 396 s
1222 371 1257 396 s.
1292 355 1434 406 solum,
1472 361 1520 397 ut
1551 361 1669 407 esset,
1703 370 1727 397 P
1741 369 1931 397 RAETT.

167 445 357 474 TRIBB.
402 444 502 472 PLE
519 443 559 470 Β.
602 442 871 479 SENATVI,
916 443 966 469 ne
1011 427 1072 469 illi
1112 443 1193 469 non
1237 428 1460 484 proferrent
1492 443 1572 479 eaS,
1607 443 1708 484 quae
1742 428 1793 470 ad
1825 429 1933 484 ipsos

164 506 308 547 missae
347 508 494 545 essent.
541 506 580 544 2.
624 503 791 544 Sextum
823 507 958 543 autem
990 502 1183 543 nuntiant
1215 517 1306 543 cum
1340 517 1421 544 una
1455 502 1582 543 solum
1614 502 1772 557 legione
1806 501 1930 544 fuisse

129 587 142 610 ⁵
167 576 431 632 Karthagine,
476 576 593 630 eique
643 591 689 616 eo
733 575 820 631 ipso
871 574 950 625 die,
996 590 1075 630 quo
1120 574 1312 630 oppidum
1351 575 1519 616 Baream
1554 575 1737 631 cepisset,
1771 575 1933 617 nuntia-

114 964 144 988 lo

110 1325 142 1350 15

166 658 252 694 tum
296 665 380 692 esse
429 649 478 691 de
525 649 691 691 Caesare
705 668 716 700 ;
765 654 881 704 capto
915 647 1063 704 oppido
1096 648 1237 690 miram
1270 648 1466 690 laetitiam
1499 648 1932 702 commutationemque

167 726 390 767 animorum
437 738 757 779 concursumque
807 723 1001 778 undique,
1049 722 1118 764 sed
1163 722 1280 764 illum
1324 721 1373 764 ad
1420 737 1486 763 sex
1530 721 1722 776 legiones,
1757 736 1856 776 quas
1889 721 1932 762 in

167 799 353 840 ulteriore
396 797 637 852 reliquisset,
683 797 905 838 revertisse.
957 796 1023 837 Ad
1069 796 1203 851 ipsum
1238 801 1371 836 autem
1406 794 1602 836 Libonem
1637 795 1797 850 scripsit
1829 793 1934 835 nihil

167 887 264 923 esse,
314 872 393 912 nisi
441 871 491 913 ad
535 872 658 912 larem
703 886 821 912 suum
864 870 1016 911 liceret.
1069 871 1232 911 Summa
1276 868 1580 925 postulatorum,
1615 874 1662 909 ut
1694 883 1831 909 omnes
1865 883 1929 908 ex-

166 945 313 986 ercitus
357 944 629 995 dimittantur,
678 944 748 999 qui
791 942 941 998 ubique
988 943 1083 984 sint.
1134 943 1247 983 llaec
1296 942 1375 983 fere
1417 941 1466 983 de
1511 942 1645 983 Sexto.
1681 942 1723 982 3.
1757 941 1817 982 De
1851 941 1932 982 Bu-

165 1019 327 1060 throtiis
377 1018 557 1074 undique
609 1033 803 1073 quaerens
837 1016 940 1058 nihil
974 1015 1233 1072 reperiebam.
1286 1016 1370 1057 Alii
1404 1016 1583 1058 concisos
1617 1014 1830 1070 agripetaS,
1865 1013 1934 1054 alii

166 1093 361 1135 Plancum
395 1091 569 1147 acceptis
601 1091 749 1142 numis,
785 1090 933 1132 relictis
967 1089 1061 1141 illis,
1096 1089 1314 1145 aufugisse.
1349 1090 1492 1144 Itaque
1538 1103 1618 1130 non
1657 1087 1773 1129 video
1813 1087 1934 1128 scitu-

165 1181 255 1208 rum
287 1181 350 1208 me
385 1165 483 1221 quid
516 1164 603 1206 eius
637 1165 703 1215 sit,
737 1164 780 1205 ni
814 1164 950 1206 statim
985 1163 1136 1219 aliquid
1176 1163 1397 1205 literarum.
1435 1165 1474 1203 4.
1509 1162 1593 1204 Iter
1624 1160 1727 1203 illud
1759 1159 1934 1202 Brundi-

166 1241 284 1291 sium,
334 1240 384 1282 de
435 1254 515 1294 quo
566 1237 816 1289 dubitabam,
867 1236 1071 1278 sublatum
1120 1235 1291 1277 videtur.
1346 1235 1544 1290 Legiones
1578 1235 1685 1276 enim
1719 1232 1933 1275 adventare

166 1312 372 1355 dicuntur.
408 1312 521 1354 Haec
555 1316 689 1353 autem
722 1311 927 1366 navigatio
961 1309 1084 1352 habet
1117 1310 1309 1365 quasdam
1344 1309 1591 1365 suspiciones
1624 1309 1743 1364 peric
1763 1307 1806 1348 li.
1852 1307 1934 1348 Ita-

167 1402 242 1442 que
277 1385 572 1428 constituebam
607 1387 666 1427 uti
702 1381 964 1445 ὁμοπλοίᾳ.
998 1384 1243 1425 Paratiorem
1273 1383 1422 1425 offendi
1443 1383 1631 1434 Brutum,
1656 1396 1774 1437 quam
1799 1380 1934 1422 audie-

166 1459 272 1501 bam.
322 1461 429 1502 Nam
473 1470 513 1501 et
560 1460 645 1515 ipse
696 1459 898 1501 Domitius
932 1457 1038 1499 bona
1071 1457 1188 1513 plane
1222 1456 1345 1498 habet
1378 1455 1532 1497 dicrota
1564 1460 1739 1511 suntque
1775 1453 1937 1508 navigia

166 1539 369 1589 praeterea
402 1533 609 1576 luculenta
643 1533 778 1583 Sestii,
813 1531 1032 1582 Buciliani,
1067 1537 1304 1572 ceterorum.
1339 1530 1445 1571 Nam
1481 1528 1609 1570 Cassii
1634 1528 1815 1587 classem,
1835 1541 1936 1582 quae

167 1607 283 1663 plane
332 1607 437 1649 bella
476 1614 550 1660 est,
595 1623 674 1650 non
709 1622 875 1648 numero
908 1606 1015 1647 ultra
1045 1604 1206 1646 fretum.
1258 1603 1366 1645 Illud
1401 1608 1462 1644 est
1494 1603 1594 1645 mihi
1627 1601 1934 1650 submolestum,

210 1775 227 1804 5
254 1773 403 1814 Oppidum
426 1774 443 1810 †
464 1772 598 1803 Boream
622 1790 662 1794 -—

167 1934 282 1975 fragiis
305 1935 406 1966 creati
429 1940 549 1971 essent,
572 1933 630 1964 sed
653 1941 669 1963 e
694 1931 844 1964 Caesaris
868 1932 958 1962 iussu
977 1940 1025 1962 re·
1053 1940 1126 1961 mae
1148 1929 1296 1961 Schutzii
1318 1928 1511 1970 suspicioni,
1533 1928 1669 1959 Boream
1691 1926 1724 1957 in
1746 1925 1914 1967 Biqerram

167 1989 323 2020 nuntiati.
348 1988 398 2020 Cf.
422 1988 510 2019 Phil.
534 1987 580 2018 11.
604 1986 654 2020 79.

206 2040 241 2072 Si
264 2041 341 2083 quid
361 2040 531 2071 videretur.
561 2040 722 2071 Ernestus
755 2039 919 2080 explicat:
958 2053 970 2063 υ
983 2043 1027 2075 ut,

166 2098 190 2128 si
209 2097 289 2138 quid
305 2097 469 2128 videretur
481 2096 688 2132 mutandum,
702 2095 919 2126 diceremus.“'
929 2094 1028 2133 Quod

166 2156 277 2181 tamen
301 2150 336 2180 in
360 2150 470 2180 verbis
494 2149 572 2190 ipsis
595 2158 662 2179 non
686 2149 782 2179 inest.
823 2148 861 2179 Si
883 2147 960 2188 quid
980 2147 1027 2177 vi-

165 2203 298 2233 deretur
320 2208 385 2234 est:
410 2203 437 2233 si
459 2202 539 2243 quid
561 2202 714 2242 placeret.

207 2252 305 2299 Παρὰ
334 2252 438 2295 λέξιν,
470 2262 598 2295 praeter
631 2253 788 2294 loquendi
821 2262 926 2289 usum,
964 2252 1026 2282 mi·

166 2321 229 2342 nus
253 2311 382 2352 proprie
405 2311 502 2342 dicta.

208 2367 226 2406 ξ
249 2366 277 2397 2.
302 2365 502 2406 Κανθιαρίηε
524 2374 567 2395 sc.
591 2365 696 2401 Nova,
728 2365 816 2394 unde
847 2373 914 2394 non
945 2363 1027 2393 adeo

166 2420 266 2460 longe
290 2419 463 2450 meridiem
485 2427 599 2448 versus
621 2417 764 2448 distabat
787 2416 946 2456 oppidum
964 2415 1026 2445 Ba-

166 2483 231 2509 rea,
260 2472 358 2502 hodie
402 2470 493 2508 Vera,
522 2470 609 2511 quod
650 2478 772 2501 nomen
806 2468 937 2508 reposui
969 2478 1047 2508 pro‘

166 2526 311 2556 Boream.
347 2525 496 2565 Utraque
519 2529 630 2554 aut-em
665 2523 754 2560 urbs,
791 2522 966 2562 Karthago
995 2527 1027 2553 et

167 2580 282 2617 Barea,
306 2580 367 2610 sita
389 2584 458 2610 erat
480 2578 514 2608 in
538 2577 702 2618 Hispania
720 2576 882 2613 citeriore,
902 2583 936 2606 ut
951 2586 1026 2606 cou-

166 2638 230 2664 stat
261 2642 279 2663 e
309 2632 433 2668 Plinio,
464 2631 523 2671 qui
550 2630 595 2661 H.
618 2630 661 2660 N.
684 2630 750 2660 111.
782 2630 809 2666 1,
834 2630 852 2659 8
887 2629 1025 2669 Mur-gin

166 2687 199 2718 fl.
223 2687 378 2718 Baeticae
400 2696 425 2717 s.
448 2686 614 2717 ulterioris
636 2685 738 2716 finem
769 2685 855 2722 facit,
887 2690 919 2715 et
942 2685 1027 2715 inter
1047 2691 1048 2698 ¹

167 2742 285 2784 oppida
319 2740 479 2773 citerioris
518 2740 702 2781 Hispaniae
735 2749 811 2771 orae
840 2739 1048 2770 maritimae*

167 2795 319 2836 proxima
342 2805 359 2826 a
382 2794 414 2825 fl.
436 2794 551 2834 Murgi
577 2803 769 2834 progressus
792 2793 938 2824 secundo
954 2792 1027 2823 loco

168 2848 318 2880 nominat
341 2847 488 2884 Baream,
513 2847 665 2887 quamvis
688 2846 747 2877 illo
770 2852 918 2886 tempore
941 2846 1024 2877 Bae-

168 2904 252 2934 ticae
274 2903 475 2944 adscriptum
498 2901 564 2932 III.
589 2903 617 2939 3,
642 2902 690 2932 19.
717 2901 815 2939 Quod
830 2902 939 2941 ipsum
955 2910 1026 2931 cor-
1048 2892 1049 2915 ³

169 2957 348 2988 rectionem
361 2965 471 2987 meam
482 2954 616 2995 egregie
635 2955 809 2985 confirmat
820 2967 827 2990 ;
852 2964 930 2984 nam
942 2953 1026 2984 Kar·
1048 2962 1049 2968 ¹

171 3010 307 3050 thagine
329 3000 456 3040 Sextus
478 3008 513 3039 in
535 3008 726 3038 ulteriorem
749 3007 947 3047 Hispaniam
979 3016 1027 3037 re·

171 3062 306 3094 vertisse
317 3062 444 3092 dicitur.
467 3060 558 3091 Hinc
575 3066 709 3101 apparet
721 3059 870 3091 Tui-nebi
885 3058 1026 3096 Eboram,
1047 3057 1049 3063 ’

171 3115 364 3146 Lusitaniae
394 3114 562 3155 oppidum,
597 3113 735 3144 omnino
767 3113 847 3144 hinc
880 3105 1049 3143 alienum¹

173 3180 252 3214 esse,
276 3179 336 3202 nec
360 3170 539 3210 quidquam
563 3169 774 3200 tribuendum
810 3176 879 3199 esse
903 3167 1027 3198 levissi-
1047 3155 1049 3162 λ

1074 1984 1243 2016 mutantis.

1116 2038 1155 2069 In
1178 2038 1330 2069 ulteriore
1359 2037 1645 2078 Hispa11ia,‘quod
1668 2042 1704 2067 ut
1726 2036 1760 2066 in
1785 2044 1818 2066 re
1854 2039 1935 2065 nota

1074 2093 1146 2124 sine
1169 2093 1379 2124 incommodo
1402 2092 1510 2123 omitti
1533 2096 1670 2132 poterat.

1116 2149 1133 2186 ξ
1158 2149 1187 2178 3.
1212 2147 1297 2188 Quid
1318 2147 1385 2178 eius
1406 2147 1449 2177 sit
1471 2157 1504 2177 o:
1529 2147 1609 2187 quid
1631 2146 1701 2177 eius
1724 2145 1772 2176 rei
1794 2144 1846 2183 sit,
1882 2153 1935 2176 ve-

1074 2211 1153 2232 rane
1167 2201 1210 2232 sit
1223 2211 1264 2231 an
1278 2200 1369 2231 falsa.
1394 2200 1582 2231 Praecisam
1598 2199 1801 2230 locutionem
1822 2208 1934 2230 exem-

1073 2255 1136 2295 plis
1159 2255 1370 2286 Terentianis
1394 2264 1435 2285 ex
1470 2254 1555 2284 Eun.
1592 2254 1619 2284 Ι.
1649 2253 1678 2290 2,
1711 2253 1780 2290 122,
1811 2252 1934 2284 Heaut.

1074 2308 1142 2338 III.
1166 2308 1194 2344 3,
1220 2307 1268 2337 10.
1293 2307 1336 2337 V.
1361 2307 1389 2344 2,
1413 2308 1440 2337 8.
1465 2306 1548 2337 Hec.
1572 2306 1636 2336 III.
1661 2306 1690 2342 2,
1714 2305 1732 2336 3
1755 2305 1936 2336 illustravit

1077 2361 1251 2393 Manutius
1275 2362 1315 2392 ad
1339 2360 1408 2392 Cic.
1432 2361 1527 2392 Verr.
1553 2360 1593 2390 V.
1618 2360 1656 2391 25
1683 2366 1778 2397 extr„
1812 2359 1870 2390 ubi
1892 2359 1936 2390 le·

1079 2416 1182 2455 gitur:
1206 2415 1282 2456 quid
1302 2415 1370 2446 eius
1392 2414 1444 2452 sit,
1465 2424 1520 2445 vos
1543 2415 1722 2444 coniectura
1744 2412 1870 2455 assequi
1882 2413 1936 2444 de-

1074 2469 1162 2500 betis.
1185 2468 1361 2500 Genitivus
1384 2469 1504 2509 pendet
1526 2478 1544 2498 a
1568 2468 1681 2505 verbo,
1714 2477 1781 2498 non
1815 2477 1834 2498 a
1862 2476 1934 2508 pro-

1074 2524 1221 2558 nomine,
1244 2530 1282 2554 ut
1304 2523 1338 2553 in
1363 2523 1416 2553 his
1438 2522 1529 2553 Livii
1550 2522 1616 2552 ΙΙΙ.
1640 2521 1688 2558 17,
1712 2522 1740 2552 2.
1773 2520 1858 2561 Quid
1878 2521 1936 2551 Ιιοσ

1073 2578 1119 2608 rei
1143 2578 1218 2608 esc?
1242 2577 1346 2608 Plane
1369 2577 1546 2618 respondet
1567 2581 1739 2607 nostrum:
1762 2577 1824 2606 wat
1837 2574 1935 2606 daur·

1074 2644 1135 2664 van
1159 2635 1194 2664 is.

1114 2690 1132 2729 ἓ
1154 2690 1185 2719 4.
1208 2688 1300 2719 Haec
1312 2687 1483 2729 naviqatz‘o,
1504 2702 1518 2713 u
1532 2687 1680 2718 Puteolis
1695 2687 1934 2718 instituenda.'’

1072 2740 1249 2773 Corradus.

1112 2795 1258 2825 Dic-rota.
1295 2794 1345 2826 Cf.
1368 2795 1410 2826 ad
1432 2794 1474 2825 V.
1494 2794 1542 2832 11,
1557 2795 1587 2824 4.
1602 2793 1738 2835 Proprie
1747 2798 1822 2825 sunt
1833 2792 1935 2834 dupli-

1047 2876 1049 2887 ,
1073 2848 1152 2879 citer
1167 2849 1346 2889 pulsantes,
1379 2858 1462 2889 quae
1499 2848 1716 2888 impelluntur
1738 2847 1863 2889 duplici
1884 2855 1933 2878 re-

1072 2911 1204 2933 morum
1227 2901 1354 2932 ordine.

1112 2954 1182 2985 Non
1204 2965 1330 2985 numero
1363 2954 1450 2985 ultra
1473 2953 1598 2995 fretwn
1625 2964 1660 2985 o:
1700 2952 1805 2985 Cassii
1827 2952 1932 2983 classe

1070 3008 1121 3038 uti
1143 3017 1210 3038 non
1234 3017 1370 3048 possum
1391 3007 1479 3038 ultra
1503 3006 1625 3037 fretum
1648 3005 1810 3043 Siculum,
1843 3005 1932 3046 quod

1071 3061 1130 3092 ille
1153 3060 1294 3102 Syriam,
1330 3071 1397 3092 non
1420 3067 1458 3092 ut
1479 3061 1602 3092 Brutus
1625 3066 1658 3091 et
1686 3059 1819 3099 reliqui,
1852 3068 1934 3099 quos

1071 3117 1170 3148 modo
1193 3117 1390 3154 nominavit,
1413 3115 1585 3147 Graeciam
1608 3119 1705 3156 petet.
1740 3114 1793 3146 Ex
1815 3114 1932 3145 Manu-

1072 3170 1130 3200 tio.
1157 3168 1205 3200 Cf.
1231 3169 1376 3209 Appian.
1399 3169 1439 3199 B.
1464 3167 1500 3199 C.
1524 3168 1589 3198 III.
1612 3167 1662 3198 24.

2044 1128 2062 1224 --··—·-.
2035 860 2062 1121 4...542.,2„Q5..

2054 2164 2062 2219 n-
2054 2124 2062 2158 ,ιι
2051 2099 2062 2117 ff
2043 1972 2062 2091 ,ΜΚ
