2062 3565
236 156 289 192 852
636 148 716 190 ΕῬ.
754 149 828 188 AD
861 147 906 186 T.
942 142 1288 186 POMPONHJM
1327 141 1588 182 A'ffl‘Icl'M.

814 331 960 374 XVII.
1027 331 1092 383 (A.
1134 330 1177 371 U.
1217 330 1257 369 C.
1298 329 1414 381 705.)

296 453 335 491 1.
370 450 601 491 Trebatium
635 463 694 490 v1.
729 447 838 497 Kal„
874 461 952 499 quo
985 445 1049 486 die
1085 444 1155 485 lias
1188 444 1322 485 literas
1356 442 1462 493 dedi,
1497 440 1791 497 exspectabam.
1825 443 1887 484 Ex
1905 436 2020 483 eius-¹

233 525 373 565 nuntio
418 524 615 578 >Matiique
656 521 782 562 literis
823 517 1060 567 meditabor,
1105 516 1304 572 quomodo
1350 530 1441 556 cum
1475 514 1544 556 illo
1577 515 1730 570 loquar.
1765 515 1802 556 O
1834 514 2018 569 tempus?
2051 546 2054 550 .

229 598 440 638 miserum!
492 597 578 637 Nec
614 593 756 635 dubito
790 593 889 647 quin
923 607 943 632 a
979 606 1040 632 me
1073 589 1304 639 contendat,
1339 588 1389 630 ad
1422 588 1562 629 urbem
1595 589 1767 629 veniam.
1802 586 2017 630 Senatum'

194 686 207 711 5
229 673 334 712 enim
369 671 461 711 Kal.
496 670 594 710 velle
628 683 667 709 se
702 668 950 721 frequentem
984 665 1120 706 adesse
1154 663 1273 704 etiam
1310 662 1479 703 Formiis
1502 660 1696 717 proscribi
1718 662 1851 702 iussit.
1886 663 1992 718 Ergo

228 746 263 785 ei
308 743 535 798 negandum
581 742 668 783 est?
715 739 791 782 Sed
838 738 934 794 quid
969 737 1199 794 praecipio?
1232 735 1375 777 Statim
1410 734 1459 776 ad
1493 739 1532 775 te
1566 732 1809 789 perscribam
1843 735 1992 776 omnia.

231 819 289 858 Ex
322 818 430 858 illius
464 830 643 857 sermone
677 818 850 856 statuam
885 812 1136 867 Arpinumne
1168 809 1269 850 mihi
1302 808 1480 850 eundum
1510 808 1563 849 sit
1585 823 1636 849 an
1661 822 1741 863 quo
1764 808 1856 849 alio.
1890 809 1993 850 Volo

228 891 409 930 Ciceroni
456 905 543 930 meo
587 895 721 943 togam
769 902 906 943 puram
943 886 1049 926 dare.
1084 884 1183 925 Istic
1215 888 1327 938 puto.
1366 886 1405 923 2.
1440 882 1500 923 Tu
1535 896 1682 936 quaeso
1714 882 1861 937 cogita,
1895 881 1991 938 quid

228 963 386 1004 deinde.
438 963 542 1003 Nam
587 977 648 1002 me
691 960 875 1002 hebetem
916 957 1119 999 molestiae
1160 955 1436 997 reddiderunt.
1488 957 1522 995 A
1567 953 1690 995 Curio
1732 954 1849 996 velim
1894 955 1992 997 scire

174 1048 207 1073 1ο
228 1035 370 1090 ecquid
405 1035 454 1076 ad
489 1040 527 1076 te
562 1035 754 1089 scriptum
789 1034 842 1074 sit
874 1032 922 1072 de
955 1031 1113 1071 Tirone.
1150 1028 1213 1069 Ad
1247 1042 1308 1068 me
1342 1027 1448 1067 enim
1482 1027 1567 1081 ipse
1600 1026 1693 1066 Tiro
1726 1027 1783 1068 ita
1817 1028 1990 1083 scripsit,
2024 1024 2033 1027 ‘⁷

231 1115 273 1150 ut
323 1124 456 1150 verear
504 1109 601 1164 quid
647 1113 753 1162 agat.
809 1107 890 1158 Qui
935 1110 1068 1147 autem
1113 1102 1282 1144 veniunt
1325 1100 1432 1151 inde,
1468 1092 1754 1152 κινδυνώδη
1785 1101 1990 1142 nuntiant.
2039 1103 2042 1106 ’

228 1184 329 1223 Sane
374 1183 415 1222 in
456 1182 611 1236 magnis
656 1181 762 1221 curis
806 1180 926 1220 etiam
971 1178 1067 1218 haec.
1110 1191 1170 1216 1116
1216 1174 1429 1220 sollicitat:
1475 1173 1515 1213 in
1564 1172 1636 1213 'nac
1682 1173 1786 1214 enim
1820 1174 1991 1230 ,fortuna

226 1256 409 1310 perutilis
442 1256 528 1296 eius
560 1261 599 1296 et
634 1269 751 1309 opera
785 1260 822 1294 et
856 1252 1026 1294 fidelitas
1060 1255 1175 1291 esset.

271 1421 290 1449 4
311 1419 356 1450 ad
377 1420 478 1450 urbem
502 1421 536 1450 ut
558 1419 679 1450 veniam
703 1437 735 1440 W

269 1567 286 1606 ξ
316 1567 342 1597 1.
367 1566 418 1597 Ad
440 1567 541 1598 arbem
564 1566 694 1596 veniam.
718 1564 819 1597 Orell.
844 1574 860 1596 e
887 1565 979 1595 codd.
1004 1564 1083 1595 Mal.
1133 1571 1202 1601 cap.
1225 1560 1274 1591 23.
1310 1561 1347 1590 ln
1379 1560 1492 1590 cadem
1521 1568 1555 1590 re
1589 1559 1693 1589 utitur
1722 1567 1854 1599 quoque
1882 1558 1994 1589 antici·

229 1620 357 1660 scripsit
380 1621 413 1650 ut
436 1620 568 1650 venium.
603 1619 676 1659 Ego
709 1619 742 1649 111
772 1618 861 1649 Med.
890 1617 1085 1658 particulam
1129 1615 1230 1655 pandi
1254 1615 1352 1646 verbo
1377 1614 1474 1645 VIII.
1498 1614 1547 1651 14,
1571 1615 1599 1644 2.

230 1678 317 1704 recte
338 1673 493 1703 omissam
515 1681 642 1702 censeo.
666 1671 706 1702 In
730 1671 819 1701 brevi
839 1670 1003 1702 sententia
1019 1681 1085 1700 11011
1177 1665 1194 1703 ἓ
1218 1666 1246 1695 2.
1270 1659 1466 1698 Κινδυνὼὃη
1501 1663 1659 1694 nuntiant.
1717 1663 1795 1694 Vox
1824 1661 1947 1694 Graeca
1977 1671 1994 1693 e

230 1735 310 1766 opus
333 1731 381 1757 est
403 1725 461 1756 tali
484 1725 715 1755 additamento.
1134 1723 1318 1763 corruptela
1347 1722 1442 1752 codd.
1465 1725 1557 1753 eruta
1586 1726 1642 1758 est,
1666 1730 1732 1761 qua
1753 1720 1917 1751 indicatur
1942 1728 1994 1761 pe-

275 1778 359 1819 Quid
381 1777 546 1820 praecipio
556 1778 574 1807 ἵ
617 1777 798 1808 Fluctuaut
831 1776 971 1808 editores
1002 1776 1087 1806 inter
1135 1776 1274 1806 riculosa
1307 1776 1348 1806 de
1370 1775 1475 1806 salute
1498 1773 1631 1805 Tironis
1654 1773 1812 1804 nuntiari.
1841 1772 1994 1804 Tunstal-

222 1831 384 1871 praecipz'o
408 1836 439 1862 et¹
464 1830 637 1872 praeripio,
675 1836 707 1861 et
741 1830 863 1870 exigua
902 1829 936 1859 in
966 1828 1087 1859 talibus
1135 1829 1186 1860 lus
1219 1829 1430 1870 comparavit,
1461 1837 1545 1869 quae
1568 1826 1683 1858 Cicero
1705 1827 1767 1858 sub
1796 1827 1884 1857 idem
1914 1830 1995 1857 tem-

226 1884 324 1915 rebus
342 1884 502 1914 librorum
516 1883 712 1924 scriptorum
731 1882 913 1913 auctoritas.
938 1881 998 1912 eff.
1012 1881 1085 1911 intr.
1135 1892 1204 1923 pus,
1228 1882 1435 1919 tlt-videtur,
1473 1881 1591 1912 Tironi
1622 1880 1751 1920 scripsit
1777 1879 1872 1910 Fam.
1895 1877 1994 1909 XVI.

226 1939 267 1969 ad
288 1938 363 1969 Liv.
389 1937 508 1969 XXII.
533 1938 571 1968 41
596 1942 679 1969 extr.
707 1937 798 1967 Illud
821 1942 930 1967 tamen
954 1936 985 1966 h.
1009 1936 1030 1966 1.
1055 1942 1087 1966 et
1135 1937 1164 1973 S,
1190 1936 1203 1965 1
1223 1935 1276 1977 qui
1295 1934 1431 1971 veniunt,
1448 1930 1616 1966 ἀκίνδυνα
1628 1929 1704 1978 μὲν,
1726 1931 1940 1978 χρονιώτερα
1955 1927 1994 1965 δὲ

228 1990 271 2021 X.
296 1991 322 2027 1,
355 1992 373 2022 2
403 1991 573 2031 aliquanto
602 1990 708 2029 magis
737 1990 852 2030 placet,
883 1999 981 2029 quam
1014 1988 1087 2019 hoc.
1136 1992 1293 2022 mmticml.
1315 2009 1354 2013 —
1380 1991 1428 2022 De
1452 1992 1510 2022 M‘.
1533 1990 1634 2021 s'urio
1657 1989 1722 2020 vid.
1745 1990 1785 2020 ad
1811 1989 1888 2020 VII.
1911 1988 1938 2026 2,
1964 1988 1992 2020 3.
2042 1986 2045 1989 ’

227 2046 267 2076 cs.
291 2056 374 2086 quae
397 2046 450 2076 fr.
474 2045 645 2076 Fabricius
679 2046 786 2075 adnot.
813 2045 853 2075 ad
877 2044 945 2075 Cic.
969 2042 1033 2076 Off.
1061 2044 1084 2073 Ι.
1108 2035 1111 2070 i
1542 2036 1548 2040 ”

799 2163 970 2204 XVIII.
1038 2164 1102 2215 (A.
1145 2162 1188 2202 U.
1229 2163 1269 2202 C.
1311 2162 1427 2215 705.)

296 2293 335 2331 1.
381 2291 607 2343 Utrumque
653 2305 701 2330 ex
743 2301 814 2329 tuo
855 2289 1035 2330 consilio.
1072 2289 1177 2329 Nam
1212 2294 1250 2329 et
1284 2288 1410 2329 oratio
1444 2287 1522 2329 fuit
1555 2303 1601 2329 ea
1634 2292 1784 2337 nostra,
1820 2292 1866 2327 ut
1898 2284 1998 2326 bene

233 2364 367 2419 potius
400 2362 466 2403 ille
502 2362 550 2402 (16
584 2362 700 2402 nobis
733 2362 992 2411 existimaret,
1028 2377 1145 2416 quam
1180 2361 1329 2416 gratias
1363 2366 1510 2414 ageret,
1545 2371 1586 2401 et
1618 2361 1661 2401 in
1693 2374 1740 2400 eo
1766 2359 1998 2408 mansimus,

233 2451 282 2476 116
316 2434 365 2476 ad
399 2433 553 2476 urbem.
588 2435 664 2476 Illa
697 2434 937 2485 fefellerunt,
971 2434 1127 2476 facilem
1162 2434 1269 2489 quod
1303 2439 1550 2489 putaramus.
1587 2432 1703 2473 Nihil
1738 2431 1820 2473 vidi
1849 2430 1999 2472 minus.

203 2526 217 2549 5
234 2507 427 2549 Damnari
461 2522 501 2548 se
535 2500 677 2548 nostro
702 2507 867 2558 iudici0,
901 2507 1095 2548 tardiores
1128 2508 1210 2548 fore
1244 2506 1432 2561 reliquos,
1471 2506 1504 2546 si
1537 2520 1610 2546 nos
1642 2519 1724 2546 non
1758 2503 1998 2552 venerimus,

235 2580 380 2621 dicere.
414 2580 515 2634 Ego,
550 2580 783 2621 dissimilem
817 2580 976 2621 illorum
1010 2595 1093 2621 esse
1126 2595 1301 2620 causam.
1336 2579 1472 2630 Quum
1506 2577 1653 2618 multa:
1697 2604 1716 2628 ,s
1731 2575 1837 2616 Veni
1858 2575 2002 2632 igitur,
2038 2572 2054 2622 ⁶.

235 2657 274 2693 et
307 2667 378 2707 age
412 2652 461 2693 de
495 2653 636 2706 pace.’'
670 2653 830 2703 Meone,
865 2654 1044 2707 inquam,
1079 2651 1302 2694 arbitratu?
1343 2654 1438 2699 „An
1472 2650 1562 2701 tibi,
1599 2649 1746 2705 iuquit,
1782 2663 1855 2704 ego
1889 2662 1999 2703 prae-

277 2831 297 2871 5
321 2830 349 2861 l.
372 2831 429 2862 Ad
450 2830 512 2862 hoe
535 2840 611 2861 cum
643 2833 783 2863 Caesare
813 2831 1019 2872 colloquium
1047 2841 1094 2863 re·
1114 2841 1118 2884 1
1141 2831 1239 2865 tarer,
1255 2826 1398 2868 petebat.
1425 2825 1481 2857 Oui
1503 2825 1625 2868 quidem
1647 2835 1712 2867 eyo,
1735 2834 1781 2856 me
1803 2834 1894 2866 quum
1911 2833 2002 2865 roya-

236 2885 332 2926 spicit
355 2884 470 2916 Cicero
492 2886 527 2916 in
551 2886 697 2925 epistola,
721 2896 821 2926 quam
844 2886 936 2917 brevi
956 2891 1029 2926 post
1042 2887 1094 2916 de·
1115 2899 1117 2918 ᾗ
1141 2885 1188 2913 ret
1212 2883 1244 2912 ut
1277 2881 1418 2911 adessem
1441 2882 1474 2911 z‘n
1496 2882 1620 2917 senatu,
1644 2878 1751 2910 eadem
1774 2878 1888 2916 omnia,
1922 2886 2002 2919 quae

236 2940 283 2970 dit
305 2940 346 2969 ad
377 2938 531 2970 Servium
560 2938 756 2980 Sulpicium,
787 2940 880 2971 Fam.
910 2940 972 2970 IV.
997 2941 1013 2970 1
1044 2941 1094 2970 his
1141 2947 1161 2967 a
1196 2938 1227 2966 te
1260 2935 1300 2965 de
1326 2944 1409 2974 pace
1442 2936 1472 2964 et
1513 2935 1552 2965 de
1582 2932 1750 2973 Hispaniis
1794 2932 1881 2963 dida
1916 2931 2000 2967 Sunt,

236 2992 360 3023 verbis:
395 2993 497 3034 Atque
518 2992 585 3032 ipse
607 2996 703 3024 antea
726 2993 770 3024 ad
790 2997 821 3024 te
844 2994 1035 3034 scripsissem
1065 2996 1096 3024 te
1140 2988 1263 3021 ostendi
1282 2999 1328 3019 me
1351 2998 1417 3019 esse
1438 2987 1601 3019 dicturum.
1883 3025 1892 3027 „

227 3045 356 3085 frustra
380 3045 413 3075 in
447 3047 590 3076 senatum
622 3046 686 3077 sz've
712 3048 822 3087 potius
851 3048 884 3078 in
914 3049 1096 3078 conventum
1182 3043 1295 3075 Meone
1317 3061 1358 3065 ——-
1380 3042 1566 3074 arbitratu?
1589 3052 1621 3073 a:
1663 3042 1709 3072 ita
1729 3046 1766 3072 ut
1787 3036 1879 3072 mihi‘
1903 3048 2000 3079 agen·
2056 3068 2062 3082 ‚-

235 3099 413 3128 senatorum
438 3107 507 3128 esse
528 3100 701 3136 venturum,
724 3099 757 3130 m'
780 3099 900 3131 veritus
921 3109 1027 3137 essem,
1058 3110 1097 3131 ne
1141 3098 1220 3129 dum
1241 3095 1397 3128 videtur?

195 3179 198 3181 μ
237 3149 304 3178 eim
327 3149 460 3180 animum
485 3151 681 3191 qffeozderssm
712 3152 762 3191 [μή
785 3164 802 3181 a
827 3162 881 3189 me,
916 3155 951 3181 vt
972 3154 1004 3182 fe
1032 3152 1095 3181 imi-
1116 3174 1117 3180 ,
1186 3150 1287 3181 Multa
1311 3149 1350 3180 de
1374 3149 1477 3180 Gnaeo
1499 3148 1666 3189 deplorabo
1688 3158 1723 3178 a:
1756 3147 1870 3178 multis
1892 3145 1999 3178 verbis
