2062 3565
815 162 918 204 [2113.
952 163 1052 204 xli.
1089 164 1173 204 ΕΡ.
1211 163 1916 203 ’1.161»

154 316 227 356 ego
260 304 456 355 quantum
490 299 682 354 adspicio,
717 313 798 339 non
832 296 947 338 facile
981 297 1195 338 inveneris.
1229 298 1332 338 (311111
1367 296 1557 347 Mustela,
1579 295 1918 350 quemadmodum

154 373 309 425 scribis,
343 387 468 428 quum
503 373 656 414 venerit
688 371 868 427 Crispus.
917 370 978 411 Ad
1015 370 1163 412 Avium
1196 370 1350 426 scripsi,
1386 374 1433 411 ut
1464 385 1524 420 ea,
1559 385 1661 425 quae
1695 368 1797 410 bene
1833 384 1921 410 nos-

154 463 236 490 sem
280 447 330 488 de
372 461 483 497 aur0,
528 445 667 488 Pisoni
711 445 1016 486 demonstraret.
1066 443 1158 486 Tibi
1202 444 1310 485 enim
1353 458 1447 485 sanc
1492 443 1702 494 assentior,
1736 447 1777 484 et
1809 442 1918 484 istud

153 520 324 563 nimium
356 518 429 560 diu
461 518 556 560 duci
589 522 630 559 et
661 517 796 559 omnia
828 532 937 558 1111110
981 516 1162 571 undique
1196 516 1483 558 contrahenda.
1534 517 1588 558 'l‘e
1623 516 1786 571 quidem
1820 516 1920 558 1111111

152 608 283 649 agere,
327 591 431 634 nihil
469 591 645 646 cogitare
689 589 814 640 aliud,
858 589 937 631 nisi
981 590 1087 644 quod
1133 589 1183 630 ad
1219 605 1279 630 me
1313 589 1526 644 pertineat,
1561 588 1677 630 facile
1711 589 1923 645 perspicio,
1964 602 1978 626 ⁵

153 667 331 722 meisque
364 664 537 720 negotiis
569 662 758 719 impediri
791 662 1058 718 cupiditatem
1091 667 1201 704 tuam
1239 662 1289 704 ad
1322 678 1386 703 me
1420 662 1621 703 veniendi.
1657 663 1733 704 Sed
1769 678 1923 704 1116011111

158 756 244 782 6666
279 744 319 781 te
352 742 466 795 puto,
500 752 583 778 11011
616 736 745 778 60111111
779 735 886 790 quod
920 751 1048 777 meam
1083 751 1164 777 rem
1199 736 1298 790 agis,
1334 750 1470 777 verum
1504 735 1622 776 etiam
1657 736 1765 790 quod
1794 736 1926 778 videro

153 813 303 863 videor,
337 826 416 867 quo
449 810 568 853 modo
601 824 709 864 agas.
745 810 888 864 Neque
922 809 1029 850 enim
1064 809 1145 850 ulla
1176 808 1275 850 hora
1307 809 1369 850 tui
1404 808 1504 850 mihi
1537 813 1599 849 est
1621 810 1751 864 operis
1772 810 1925 865 ignota.

157 888 197 926 ὃ.
245 884 450 926 Tubulum
490 888 713 938 praetorem
759 881 874 923 video
920 882 968 923 L.
1005 882 1184 933 Metello,
1220 883 1271 934 Q.
1307 882 1486 923 Maximo
1519 882 1769 924 consulibus.
1803 883 1926 925 Nunc

154 959 286 1009 velim,
322 958 370 1000 P.
403 956 593 999 Scaevola
622 955 805 1010 pontifex
839 955 1039 996 maximus
1073 955 1221 1010 quibus
1255 955 1490 997 consulibus
1524 957 1711 998 tribunus
1729 957 1784 1013 pl.
1804 958 1927 1012 Equi-

156 1031 246 1074 dem
280 1035 378 1086 puto
415 1028 644 1085 [proximis]
693 1027 895 1083 Caepione
928 1032 969 1069 et
1000 1028 1217 1083 Pompeio;
1252 1033 1410 1083 praetor
1443 1030 1551 1070 enirn
1584 1029 1632 1071 L.
1668 1030 1805 1080 Furio,
1835 1031 1927 1072 Sex.

154 1103 294 1145 Atilio.
329 1101 456 1144 Dabis
490 1101 618 1156 igitur
652 1099 922 1150 tribunatum,
957 1106 1010 1151 et,
1045 1100 1079 1141 si
1112 1101 1276 1155 poteris,
1310 1100 1495 1143 Tubulus
1529 1117 1608 1157 quo
1643 1103 1824 1144 crimine.
1875 1105 1929 1145 Et

155 1176 246 1219 vide
293 1190 440 1231 quaeso
480 1174 529 1216 L.
573 1172 691 1225 Libo,
737 1174 804 1216 1116
847 1174 916 1229 qui
950 1173 999 1215 de
1033 1174 1117 1215 Ser.
1152 1173 1297 1225 Galba,
1331 1175 1552 1217 Censorino
1586 1181 1626 1217 et
1658 1177 1842 1227 Manilio,
1878 1193 1927 1219 an

152 1250 199 1291 T.
233 1248 441 1301 Quinctio,
477 1247 552 1289 Μ’.
588 1247 719 1288 Acilio
753 1246 988 1288 consulibus
1023 1246 1214 1288 tribunus
1247 1247 1302 1303 pl.
1323 1247 1459 1289 fuerit.
1505 1248 1786 1291 Conturbabat
1808 1251 1927 1293 ctiam

155 1338 216 1364 me
265 1322 457 1378 [epitome
501 1320 618 1362 Bruti
659 1320 886 1375 Fanniana]
934 1320 977 1362 in
1012 1320 1128 1362 Bruti
1162 1320 1337 1377 epitoma
1371 1315 1669 1370 Fannianofiim
1704 1323 1810 1377 quod
1846 1332 1930 1365 erat
1951 1339 1982 1364 13

1949 973 1983 1000 10

200 1496 235 1527 ll
253 1496 334 1536 puto
363 1494 514 1536 proximis
534 1513 573 1517 -
601 1494 638 1525 13
663 1493 872 1526 Oensorinoae
894 1513 934 1517 —
958 1495 998 1525 14
1026 1493 1198 1526 Conturbat
1229 1495 1308 1525 euim
1339 1505 1385 1525 me
1414 1497 1543 1536 epitome
1579 1496 1675 1527 Bruti
1698 1496 1865 1528 Fauuimea
1889 1509 1929 1528 ιιη

166 1548 261 1580 Bruti
282 1566 324 1572 —
346 1548 384 1579 15
409 1547 662 1578 Fannianorum.-
685 1549 702 1586 †
723 1547 844 1589 scripsi,
867 1548 949 1589 quod
974 1549 1043 1579 erat

159 1719 185 1750 l.
213 1718 308 1757 Quae
338 1721 520 1759 sequuntur
548 1717 588 1748 de
616 1716 790 1749 Hortensio
813 1719 843 1749 et
875 1717 1022 1760 Verqinz'o

157 1781 222 1813 quo
244 1771 431 1812 pertineant
455 1771 620 1803 incertum
642 1778 701 1803 est.

202 1825 276 1855 Cum
299 1823 438 1854 Mustela
465 1824 526 1864 (sc.
552 1830 643 1864 ages)
668 1842 710 1846 —
734 1823 870 1864 Crispus.
896 1823 1023 1856 Rursus

157 1877 193 1909 hi
213 1878 280 1909 duo
301 1877 402 1909 simul
423 1876 639 1908 nominantur
653 1876 761 1908 XIII.
782 1877 810 1914 3,
832 1877 860 1907 1.
883 1876 1023 1908 Mustela

157 1930 247 1961 solus
270 1929 303 1960 h.
328 1929 350 1960 1.
373 1930 424 1967 44,
447 1928 467 1959 2
489 1934 522 1960 et
543 1928 593 1967 47,
617 1930 645 1960 1.
1044 1948 1047 1997 Ι

201 1981 253 2012 Act
274 1982 386 2013 Avium
407 1981 530 2022 «confisi,
553 1983 587 2012 ut
609 2000 647 2005 —
664 1980 772 2013 Pisoni
784 1982 1023 2013 demonstraret.
1044 2000 1047 2005 =

159 2035 251 2066 llaec
273 2034 483 2075 aliquatenus
505 2034 713 2065 illustrantur
742 2034 791 2072 iis,
815 2044 898 2076 quae
920 2034 1024 2066 XIII.

158 2089 187 2126 2,
212 2088 227 2119 1
252 2093 284 2119 et
305 2089 334 2125 4,
357 2089 378 2120 2
399 2088 440 2120 de
462 2088 529 2119 inis
551 2088 671 2129 scripta
694 2093 780 2119 sunt.
811 2089 866 2119 Ex
888 2098 927 2120 eo
950 2089 1024 2119 loco
1044 2065 1047 2106 Ῑ

162 2140 272 2171 Avium
296 2145 381 2173 recte
404 2151 462 2182 pro
486 2141 611 2178 Aulum,
638 2141 726 2182 quod
748 2141 837 2173 Med.
860 2142 893 2172 h.
916 2142 938 2173 l.
958 2142 1023 2180 dat,

159 2195 370 2236 scripserunt.
400 2194 452 2226 cff.
490 2194 659 2226 Victorius
693 2200 725 2226 et
764 2195 950 2237 Malaspina
983 2196 1025 2227 ad

161 2248 264 2280 XIII.
285 2250 315 2286 4,
339 2249 368 2279 2.
1044 2267 1047 2292 1

203 2300 298 2331 Istud
317 2319 358 2324 —
380 2299 598 2332 contrahenda
622 2310 657 2331 o:
682 2301 782 2332 nimis
803 2301 929 2334 differri
952 2311 1025 2333 eam

160 2354 436 2396 permutationem
466 2354 538 2385 auri
568 2359 600 2386 et
629 2358 777 2396 tempora
810 2364 849 2387 ea
879 2365 958 2394 esse,
989 2361 1026 2387 ut

160 2408 249 2449 quod.
275 2408 405 2440 salvum
437 2417 507 2440 esse
539 2407 691 2446 velimus,
727 2408 799 2440 sine
821 2419 914 2441 mora
935 2410 1027 2442 colli-

161 2462 307 2502 gendum
329 2461 381 2493 sit.

200 2514 220 2554 5
250 2514 279 2546 3.
312 2513 460 2545 Tubulum
488 2515 668 2554 praetorem
702 2513 792 2546 video
825 2520 886 2546 cet.
910 2514 1027 2546 Cicero

161 2569 202 2599 ‹le
233 2567 355 2609 quibus
388 2567 443 2598 hic
476 2567 616 2605 dubitat,
652 2577 695 2599 ex
725 2567 848 2606 Attico,
872 2568 1028 2600 historiae

162 2619 332 2651 Romanae
355 2619 565 2660 peritissimo,
589 2620 747 2660 cognovit
768 2620 874 2662 iisque
886 2630 964 2652 usus
979 2625 1027 2652 est

164 2674 197 2705 in
222 2673 311 2704 libro
333 2674 373 2704 de
396 2672 470 2704 Fin.
493 2674 540 2704 11.
564 2675 612 2705 54.
637 2674 795 2705 Nondum
817 2679 938 2712 tamen,
961 2685 1027 2716 quo

163 2733 310 2769 tempore
330 2727 393 2758 hoc
416 2727 555 2768 scripsit,
586 2727 671 2758 illud
701 2738 782 2769 opus
805 2729 1026 2770 praeparabat,

163 2780 221 2811 sed
253 2779 291 2810 P.
318 2779 498 2811 Scaevolae
530 2779 670 2812 fortasse
691 2781 896 2813 mentionem
919 2780 1024 2813 facere

163 2831 296 2863 volebat
317 2831 352 2862 in
375 2832 489 2869 Bruto,
514 2832 612 2873 idque
634 2833 736 2874 paulo
752 2833 915 2871 disertius,
929 2844 1028 2875 quam
1045 2850 1049 2901 ι

163 2885 241 2916 fecit
263 2885 334 2916 108.
378 2885 476 2917 Certe
499 2886 588 2926 quod
611 2887 740 2927 quaerit
761 2888 802 2918 de
832 2897 930 2925 anno,
961 2898 1027 2929 quo

163 2937 203 2968 L.
233 2935 427 2968 Scribonius
455 2937 543 2968 Libo
575 2938 730 2969 tribunus
758 2938 865 2977 fuerit,
888 2940 1030 2980 pertinet

165 2991 206 3022 ad
227 2992 378 3029 Brutum,
404 2991 461 3023 ubi
484 2992 550 3022 vid.
573 3001 600 3022 0.
624 2992 672 3023 23.

206 3043 242 3075 L.
264 3043 406 3081 Metello,
433 3044 468 3085 Q.
495 3044 635 3076 Maximo
657 3045 834 3077 consulibus
857 3056 885 3078 a.
908 3057 940 3078 u.
958 3047 1030 3078 612.

208 3094 375 3127 Proximis.
413 3097 624 3128 Vocabulum
657 3098 690 3128 in
726 3098 812 3129 libro
843 3099 931 3130 Med.
961 3109 1030 3130 non

167 3147 349 3186 inventum,
373 3153 406 3180 et
429 3159 543 3180 verum
569 3149 652 3181 illud
673 3150 816 3192 quidem,
833 3152 890 3183 6611
906 3152 1031 3184 nullius

1043 1753 1044 1758 ¹
1067 1718 1144 1749 libri
1166 1725 1256 1750 certa
1269 1720 1460 1752 auctoritate
1474 1721 1595 1752 fretum
1614 1722 1741 1753 seclusi.
1765 1722 1930 1763 Proscrip-

1043 1778 1044 1783 ’
1067 1771 1110 1802 sit
1132 1771 1337 1803 Buchelerus
1360 1772 1394 1803 in
1417 1773 1504 1804 Mus.
1527 1773 1634 1805 Rhen.
1657 1773 1721 1805 XI.
1743 1785 1773 1816 p.
1798 1776 1868 1806 524.

1111 1823 1146 1854 L.
1175 1823 1281 1861 Furio,
1304 1823 1375 1856 Sex.
1406 1824 1507 1855 Atilio
1530 1835 1558 1856 a.
1582 1835 1612 1857 u.
1637 1826 1708 1857 618.
1726 1826 1821 1858 Furii
1843 1837 1931 1869 prae—

1069 1885 1192 1907 nomen
1215 1876 1250 1907 in
1273 1877 1367 1908 libris
1390 1877 1471 1908 Mss.
1493 1878 1662 1916 omissum,
1686 1880 1720 1911 in
1734 1880 1830 1911 editis
1847 1881 1933 1912 male

1070 1930 1256 1972 suppletum
1278 1931 1317 1962 P.
1339 1940 1357 1963 e
1382 1931 1474 1964 fastis
1496 1934 1643 1965 correxit
1664 1934 1812 1966 Beierus.
1826 1936 1864 1966 L.
1880 1946 1932 1976 ap-

1069 1983 1212 2025 pellatur
1240 1993 1372 2026 quoque
1394 1984 1429 2016 in
1453 1985 1559 2017 Bruto
1579 1986 1650 2018 108.
1684 1987 1798 2019 Cicero
1822 1994 1931 2020 autem

1069 2047 1195 2068 annum
1209 2043 1380 2079 praeturae
1389 2038 1556 2076 indicavit,
1570 2044 1606 2071 ut
1616 2041 1827 2073 confirmaret
1839 2052 1932 2074 suam

1067 2090 1291 2131 suspicionem
1312 2091 1354 2123 de
1376 2101 1474 2129 ann0‚
1495 2102 1562 2133 quo
1585 2092 1623 2124 P.
1651 2092 1812 2126 Scaevola
1834 2096 1932 2126 tribu-

1068 2155 1130 2176 nus
1152 2145 1197 2186 pl.
1220 2145 1344 2177 fuisset.
1367 2145 1423 2177 Sic
1445 2147 1536 2178 enim
1559 2152 1687 2189 tempus
1710 2149 1932 2181 interutrum-

1068 2208 1133 2240 que
1168 2198 1399 2239 magistratum
1440 2209 1458 2230 a
1496 2199 1657 2232 Scaevola
1692 2207 1823 2242 gestum
1855 2203 1932 2234 satis

1068 2251 1210 2292 longum
1233 2251 1332 2283 fuisse
1354 2252 1539 2293 apparebat.
1555 2253 1595 2285 cf.
1610 2254 1789 2295 disputatio
1802 2254 1838 2287 C.
1854 2256 1932 2297 Nip-

1070 2306 1195 2347 perdeii
1222 2306 1262 2338 de
1292 2306 1423 2347 legibus
1453 2307 1562 2338 annal.
1586 2307 1682 2339 Rom.
1707 2309 1810 2351 <Lips.
1838 2309 1930 2348 1865)

1070 2370 1100 2400 p.
1127 2359 1167 2389 34
1188 2368 1255 2400 seq.

1115 2410 1181 2452 Quo
1210 2410 1350 2442 crimine.
1378 2410 1544 2444 Pecuniae
1566 2413 1610 2444 ob
1632 2423 1701 2445 rem
1724 2414 1933 2446 iudicandam

1069 2469 1230 2506 acceptae,
1253 2468 1289 2495 ut
1310 2465 1465 2496 novimus
1487 2475 1504 2496 e
1527 2465 1549 2496 1.
1571 2466 1594 2497 l.
1616 2466 1657 2498 de
1679 2466 1828 2499 Finibus.

1113 2515 1174 2558 Qui
1195 2516 1234 2548 de
1255 2515 1321 2547 Ser.
1346 2517 1446 2548 Galba
1474 2528 1528 2559 np.
1559 2519 1767 2559 rogationem
1788 2520 1874 2557 tulit,
1900 2527 1933 2551 ut

1071 2568 1221 2600 Lusitani
1244 2568 1302 2610 qui
1324 2576 1397 2610 post
1418 2570 1620 2602 deditionem
1642 2581 1661 2602 6
1683 2571 1789 2603 Galba
1810 2572 1844 2603 in
1859 2572 1932 2603 Gal-

1072 2622 1152 2653 liam
1180 2622 1267 2654 servi
1296 2623 1478 2662 venierant,
1508 2624 1542 2655 in
1576 2625 1762 2658 libertatem
1786 2627 1932 2657 restitue-

1071 2680 1194 2706 rentur.
1218 2675 1260 2706 cf.
1274 2675 1359 2716 Epit.
1375 2676 1450 2707 Liv.
1466 2677 1517 2707 49.
1533 2677 1688 2716 Meierus,
1710 2678 1827 2719 fragm.
1853 2684 1931 2710 orat.

1072 2728 1166 2760 Rom.
1190 2739 1211 2770 p
1246 2729 1303 2759 121
1329 2734 1360 2761 et
1384 2730 1443 2760 166
1467 2740 1514 2772 sq.
1537 2749 1578 2754 —
1603 2731 1791 2763 Censorinus
1813 2734 1842 2763 et
1864 2732 1932 2762 Ma-

1071 2780 1168 2812 nilius
1196 2782 1286 2813 Coss.
1321 2782 1455 2814 fuerunt
1477 2793 1505 2814 a.
1530 2783 1600 2815 605.
1627 2783 1660 2814 T.
1687 2784 1859 2825 Quinctius,
1886 2783 1932 2814 M·

1071 2833 1195 2864 Acilius
1217 2844 1244 2865 a.
1271 2834 1340 2866 604.

1118 2887 1328 2919 Conturbabat
1355 2888 1449 2919 etiam
1478 2899 1525 2920 me
1554 2890 1700 2930 [epitome
1732 2890 1828 2921 Bruti
1850 2891 1931 2921 Fau-

1071 2940 1186 2982 niana]
1209 2941 1243 2972 iu
1265 2941 1362 2972 Bruti
1383 2942 1518 2982 epitoma
1534 2942 1770 2974 Fannianorum
1785 2944 1930 2984 [scripsi]

1073 2994 1155 3035 quod
1175 2997 1246 3025 erat
1268 2995 1302 3026 in
1325 2997 1472 3026 extremo.
1505 2996 1617 3028 Verba
1645 2997 1738 3028 foede
1761 2997 1933 3038 inquinata

1073 3047 1333 3088 Wesenbergius
1349 3049 1482 3089 egregie
1498 3050 1644 3081 correxit
1659 3049 1797 3080 Emend.
1816 3060 1836 3090 p
1862 3050 1932 3080 118.

1075 3099 1167 3132 Haec
1190 3100 1280 3132 enim
1305 3111 1409 3142 quum
1431 3102 1524 3133 nulla
1547 3103 1673 3133 ratione
1696 3111 1772 3133 011111
1795 3102 1933 3134 Libonis

1075 3153 1244 3185 tribunatu
1283 3153 1490 3192 cohaereant,
1521 3155 1662 3195 primum
1692 3154 1770 3185 enim
1806 3161 1932 3188 mutan-
