2062 3565
148 139 237 179 344

548 132 631 174 EP.
666 130 742 171 AD
775 129 821 170 T.
856 123 1207 170 POMPONIUM
1239 120 1503 165 ATTICUM.

660 431 1130 486 LIBER
1236 431 1405 488 XVI.

793 670 830 710 I.

896 670 962 722 (Α.
1004 670 1050 711 U.
1088 671 1129 711 C.
1169 671 1286 724 710).

221 790 260 829 1.
305 787 435 828 Nonis
476 785 622 832 Quint.
667 785 757 826 veni
800 785 843 825 in
887 785 1170 827 Puteolanum.
1216 784 1415 826 Postridie
1466 787 1551 827 iens
1585 786 1635 827 ad
1669 787 1842 827 Brutum
1875 784 1918 825 in

156 861 348 905 Nesidem
382 861 480 902 haec
513 860 668 915 scripsi.
702 858 777 901 Sed
814 874 859 900 eo
893 859 971 910 die,
1006 874 1085 914 quo
1119 874 1317 910 veneram,
1354 861 1541 902 coenanti
1572 861 1674 902 Eros
1707 863 1797 901 tuas
1829 858 1919 900 lite-

156 952 218 978 I'aS
225 969 233 978 .

267 935 409 978 Itane?
442 933 590 975 NON1s
623 933 795 975 IVLIIS?
829 933 898 974 Dii
931 933 1091 974 hercule
1124 934 1236 975 istis!
1273 933 1351 975 Sed
1385 934 1626 976 stomachari
1658 938 1790 975 totum
1813 932 1920 974 diem

120 1022 135 1047 5
156 1009 264 1051 licet.
307 1008 591 1062 Quidquamne
630 1006 789 1062 turpius
830 1021 950 1062 quam
989 1007 1116 1048 Bruto
1159 1007 1331 1049 Ivnns?
1376 1008 1510 1049 Redeo
1545 1008 1595 1050 ad
1628 1022 1763 1050 meum
1794 1006 1921 1062 igitur

159 1077 226 1125 ἔτ’
263 1078 444 1139 ἐῶμενς
479 1079 596 1122 Nihil
628 1079 726 1121 vidi.
771 1083 811 1122 2.
847 1080 924 1122 Sed
958 1081 1055 1136 quid
1089 1087 1149 1123 est
1183 1097 1342 1137 quaeso,
1378 1082 1486 1138 quod
1509 1083 1708 1139 agripetas
1730 1080 1922 1122 Buthroti

161 1155 340 1198 concisos
388 1153 536 1196 audio?
578 1153 675 1209 quid
717 1159 848 1195 autem
896 1154 1070 1196 Plancus
1113 1160 1196 1197 tam
1241 1156 1387 1197 cursim
1424 1182 1480 1186 —
1514 1156 1572 1198 ita
1604 1156 1711 1198 enim
1743 1154 1925 1197 inaudie-

162 1228 254 1270 bam
289 1253 345 1258 -—
380 1227 485 1269 diem
522 1232 562 1269 et
594 1228 779 1269 noctem?
815 1228 916 1269 Sane
950 1227 1069 1283 cupio
1103 1229 1202 1270 scire
1237 1228 1334 1284 quid
1369 1230 1434 1270 sit.
1471 1231 1512 1270 3.
1546 1229 1682 1270 Meam
1714 1227 1924 1284 profectio-

160 1317 253 1344 nem
285 1301 441 1343 laudari
475 1300 644 1357 gaudeo.
678 1301 876 1356 Dymaeos
910 1315 1004 1356 agro
1030 1302 1166 1357 pulsos
1188 1317 1295 1343 mare
1318 1302 1511 1344 infestum
1534 1301 1694 1344 habere.
1719 1301 1925 1342 Nimirum

104 1391 137 1416 10
160 1375 378 1417 videndum
424 1378 485 1415 est
527 1378 574 1416 ut
603 1374 756 1416 mansio
789 1374 990 1416 laudetur.

161 1447 350 1505 praesidii
394 1462 493 1489 esse.

1028 1372 1115 1419 Ἐν
1150 1371 1397 1437 ὁμοπλοίᾳ
1430 1377 1549 1418 Bruti
1582 1375 1740 1417 videtur
1773 1374 1926 1430 ahquid

545 1447 637 1498 Sed,
682 1448 836 1503 opinor,
882 1448 1039 1489 minuta
1082 1449 1256 1504 navigia.

162 1537 261 1564 cras.
309 1524 349 1562 4.
393 1522 453 1563 De
499 1521 691 1563 Ventidio
735 1518 955 1566 πανικὸν
999 1527 1111 1578 puto.

1309 1449 1385 1491 Sed
1430 1450 1510 1491 iam
1555 1449 1677 1491 sciam
1721 1452 1764 1489 et
1804 1447 1855 1490 ad
1887 1452 1927 1489 te

1163 1523 1223 1564 De
1274 1524 1408 1574 Sexto,
1443 1539 1514 1579 pro
1548 1528 1655 1565 certo
1688 1521 1927 1573 habebatur,

163 1596 189 1639 †
212 1595 262 1637 ad
296 1610 418 1636 arma.
452 1595 572 1647 Quod
606 1597 640 1638 si
674 1611 811 1637 verum
845 1600 918 1646 est,
953 1595 1039 1637 sine
1072 1595 1178 1638 bello
1211 1597 1321 1638 civili
1354 1596 1470 1639 video
1505 1596 1772 1640 serviendum.
1817 1594 1926 1648 Quid

206 1763 245 1794 13
267 1761 356 1793 haud
376 1772 465 1793 arma
491 1780 532 1786 ·-

207 1919 225 1958 ἓ
251 1918 278 1948 1.
306 1916 346 1947 In
361 1916 516 1948 Nesidem.
534 1917 575 1948 In
590 1927 691 1958 parva
707 1918 763 1949 illa
778 1918 895 1958 insula,
910 1930 947 1955 νη
954 1918 1020 1960 σι’ς,

162 1975 263 2006 hodie
285 1974 402 2012 Nisita,
427 1974 588 2006 Lucullus
610 1975 726 2006 villani
742 1975 893 2014 habebat,
906 1977 941 2008 in
961 1988 1025 2019 qua

163 2029 232 2060 illis
265 2028 420 2059 ludorum
453 2028 570 2060 diebus
604 2029 726 2059 Brutus
749 2031 1024 2062 commorabatur.

167 2082 217 2114 Cf.
241 2092 291 2123 ep.
313 2083 343 2119 4,
368 2083 396 2112 1.
419 2082 448 2119 2,
472 2081 500 2113 3.
524 2082 552 2120 3,
576 2082 594 2112 6
617 2082 649 2113 11.
673 2083 694 2113 l.
720 2083 807 2114 Phil.
829 2083 874 2115 X.
899 2085 928 2116 8.

208 2135 307 2167 Nonis
340 2135 445 2166 Iuliis.
480 2135 529 2167 Cf.
560 2146 609 2177 ep.
643 2138 672 2173 4,
703 2137 731 2167 1.
754 2136 891 2169 Summo
914 2139 1026 2170 dolore

168 2188 224 2219 isti
262 2199 293 2219 o:
330 2188 518 2219 Antoniani
551 2189 695 2220 Brutum
719 2190 902 2229 affecerant,
926 2202 1027 2233 quum

169 2241 238 2273 eius
266 2241 360 2272 ludos
389 2241 653 2282 proscripsissent
682 2242 788 2274 Nonis
816 2243 914 2281 Iuliis,
939 2245 1028 2285 quod

170 2304 292 2326 nomen
316 2294 464 2326 Caesaris
487 2295 623 2326 honoris
646 2306 743 2326 causa
766 2298 872 2328 mensi
886 2297 1028 2336 Quintili

170 2348 284 2379 datum
306 2353 383 2378 erat..
408 2347 486 2378 Vid.
514 2346 604 2379 Suet.
630 2347 722 2379 Caes.
747 2348 796 2380 76.
821 2348 956 2380 Censor.
979 2350 1028 2381 22.

170 2403 272 2434 Macr.
297 2402 356 2434 Sat
392 2403 416 2433 Ι.
442 2403 489 2433 12.

212 2457 267 2488 Dii
290 2457 320 2488 Ιι.
345 2457 427 2488 islis.
449 2456 499 2488 Cf.
522 2457 603 2488 XV.
627 2458 676 2495 20,
700 2458 719 2488 2
753 2458 804 2488 Dii
825 2458 876 2489 illi
892 2462 1030 2491 mortuo!

221 2512 320 2547 Quam
348 2510 450 2541 Bruto
479 2509 585 2542 Iuliis.
615 2501 699 2542 Cum
727 2512 893 2544 Lambino
915 2515 1030 2545 malim

173 2564 276 2595 Bruto
297 2574 386 2605 quam
409 2563 513 2595 Iuliis.

215 2616 318 2648 Redeo
339 2617 384 2648 ad
404 2627 498 2647 meum
520 2617 617 2658 iqitur
639 2609 685 2650 ἔτ’
704 2615 807 2663 ἐῶμεν
825 2627 833 2657 ;
852 2619 943 2651 Nihil
957 2621 1030 2652 vidi.

175 2672 283 2703 Multa
305 2671 339 2702 iu
362 2672 413 2702 his
435 2672 619 2713 displicent.
642 2672 793 2705 Piimum
806 2675 906 2716 iqztur
918 2682 1033 2717 quarto

175 2726 248 2756 loco
279 2731 402 2756 temere
431 2725 589 2766 positun13
623 2732 693 2758 tum
716 2737 920 2788 quocunque
935 2731 1033 2761 modo

175 2776 299 2808 Graeca
327 2777 485 2817 legamus,
516 2779 689 2819 (optimum
717 2785 796 2820 puto
821 2793 869 2814 ειτ
908 2780 1033 2827 ἐῶμεν;

176 2835 205 2864 et
239 2833 412 2870 si71i1c2c3?)
447 2833 481 2864 in
514 2837 782 2875 praecedentibus
813 2839 958 2879 epistolis
988 2840 1036 2871 nil

177 2886 287 2917 simile
316 2886 465 2924 occurrit,
497 2896 603 2928 neque
632 2889 733 2930 igitur
763 2898 851 2923 recte
872 2902 969 2923 meum
991 2893 1038 2924 di-

177 2941 278 2977 citur3
302 2946 466 2980 postremo
487 2941 547 2972 illa
572 2942 664 2974 Nihil
688 2945 753 2976 vidz'
779 2948 945 2987 quomodo
961 2957 1038 2979 cum

179 2994 245 3024 illis
267 2994 462 3025 cohaereant
473 3005 540 3026 non
557 2996 653 3028 facile
669 2999 787 3040 aliquis
803 3001 1037 3033 dixe1it.F01

178 3054 262 3079 tasse
295 3048 520 3080 scribendum.
550 3049 653 3082 Redeo
681 3054 725 3083 ad
753 3064 808 3085 me.
837 3054 919 3084 Num
940 3056 1037 3096 z'qitur

180 3095 284 3144 α’πιμε
272 3111 321 3132 ιν.
314 3094 329 3118 ²
353 3107 386 3132 et
407 3101 507 3131 verba
528 3101 621 3132 Nihil
642 3104 718 3142 υῑιίί,
741 3106 945 3137 subiicienda
968 3117 1035 3138 vei-

182 3158 244 3188 bis:

285 3156 498 3198 Quidquaenne
531 3160 652 3199 lnarlz‘us
676 3161 723 3192 Br
726 3165 777 3193 ato
800 3174 888 3204 qaam
911 3163 1036 3194 Iuliis!
1060 3157 1063 3196 1

1072 1926 1124 1958 Ex
1155 1927 1205 1964 iis,
1234 1937 1317 1968 quae
1348 1927 1499 1958 Moserus
1533 1926 1649 1968 Symb.
1673 1926 1753 1958 Crit.
1777 1925 1878 1957 VIII.
1901 1935 1931 1966 p.

1074 1980 1112 2011 18
1135 1990 1201 2021 seq.
1226 1980 1266 2012 de
1287 1980 1319 2010 h.
1344 1980 1364 2011 1.
1387 1979 1573 2021 disputavit,
1598 1979 1682 2010 nihil
1705 1980 1747 2010 ad
1761 1979 1863 2011 verba
1875 1988 1932 2010 ex-

1072 2035 1223 2076 plicanda
1246 2034 1445 2075 proficimus.

1117 2088 1135 2127 §
1165 2088 1194 2118 2.
1225 2086 1440 2118 Inaudiebam.
1471 2086 1522 2118 Cf.
1550 2087 1591 2118 ad
1614 2087 1676 2117 VI.
1701 2087 1728 2124 1,
1752 2085 1803 2116 20.
1827 2085 1876 2118 De
1899 2095 1933 2117 re

1075 2139 1155 2171 XV.
1177 2141 1227 2177 29,
1251 2141 1280 2171 3.

1118 2193 1136 2231 ἓ
1166 2194 1195 2224 3.
1227 2192 1376 2234 Dymaeos
1410 2210 1448 2216 —-
1469 2191 1592 2224 habere.
1615 2192 1705 2222 Dura
1729 2196 1778 2223 est
1799 2191 1934 2223 omissio

1075 2249 1177 2286 verbi,
1207 2250 1294 2280 unde
1328 2249 1468 2290 pendeat
1499 2249 1553 2279 hic
1592 2248 1787 2280 infinitivus.
1821 2248 1935 2280 Facile

1075 2309 1148 2343 post
1180 2313 1210 2332 v.
1237 2302 1360 2342 qaudeo
1388 2302 1527 2333 excidit:
1559 2300 1622 2332 Sed
1642 2301 1747 2332 audio.
1781 2301 1868 2332 Nam
1892 2310 1935 2333 ne

1076 2358 1280 2389 adversativa
1312 2359 1444 2399 quidem
1474 2357 1634 2398 particula
1669 2357 1782 2388 abesse
1819 2360 1935 2398 potest.

1076 2412 1217 2453 Dymaei
1257 2418 1349 2443 erant
1388 2412 1523 2452 piratae,
1567 2421 1649 2452 quos
1686 2411 1863 2452 Pompeius
1900 2410 1935 2441 in

1078 2466 1206 2497 Achaia
1245 2466 1430 2503 collocarat,
1472 2466 1530 2506 qui
1564 2475 1653 2496 nunc
1685 2466 1726 2496 ad
1758 2464 1935 2505 pristinum

1078 2519 1164 2550 vitae
1186 2529 1291 2559 genus
1312 2519 1487 2550 redierant.

1121 2572 1273 2603 Nimirum
1306 2591 1346 2596 —
1377 2571 1526 2602 laudetur
1559 2582 1592 2602 o:
1623 2571 1707 2602 nihil
1736 2571 1838 2611 igitur
1859 2570 1937 2602 reli-

1079 2636 1182 2667 quum
1212 2631 1270 2663 est,
1303 2626 1367 2656 nisi
1384 2631 1421 2656 ut
1443 2634 1635 2656 maneamus
1658 2624 1808 2664 illudque
1830 2623 1936 2654 consi-

1082 2679 1164 2710 lium
1187 2678 1260 2709 aliis
1281 2679 1466 2719 probemus.

1125 2730 1252 2762 Minuta
1281 2731 1419 2771 παι-ἱρέα,
1448 2735 1486 2760 ut
1517 2728 1639 2760 Graece
1675 2724 1782 2760 λεπτὰ
1818 2722 1935 2762 πλοῖα.

1084 2787 1161 2818 Vid.
1185 2786 1271 2817 Plut.
1295 2786 1328 2817 in
1352 2786 1463 2817 Alcib.
1486 2784 1536 2814 28.

1127 2840 1145 2879 ξ
1173 2841 1202 2870 4.
1232 2838 1280 2869 De
1316 2837 1459 2869 Ventidio
1488 2832 1627 2870 πανικὸν
1649 2839 1729 2876 puto
1761 2846 1796 2868 a:
1818 2837 1859 2868 de
1881 2836 1936 2867 ad-

1085 2900 1187 2926 ventu
1200 2894 1350 2925 Ventidii
1361 2893 1456 2925 Bassi
1468 2893 1740 2933 cumlegionibus
1752 2902 1793 2924 ex
1803 2891 1940 2924 Oriente

1085 2950 1220 2989 eiusque
1241 2959 1316 2979 cum
1338 2946 1489 2979 Antonio
1503 2947 1734 2978 coniunctione
1745 2946 1865 2978 falsum
1878 2952 1939 2978 ter-

1085 3013 1192 3034 rorem
1218 3008 1306 3043 puto.
1341 3002 1432 3033 Illud
1460 3001 1582 3032 factum
1611 3006 1659 3032 est
1681 3011 1768 3031 anno
1791 3001 1940 3042 sequenti

1084 3062 1158 3097 post
1178 3056 1339 3097 proelium
1359 3056 1559 3086 Mutinense.
1583 3054 1659 3085 Vid.
1682 3053 1832 3085 Polionis
1845 3054 1938 3095 epist.

1083 3109 1175 3140 Fam.
1198 3108 1242 3139 X.
1265 3108 1314 3145 33,
1337 3110 1358 3139 4
1379 3113 1411 3139 et
1431 3107 1550 3148 Lepidi
1572 3106 1617 3138 X.
1639 3108 1688 3144 34,
1713 3107 1739 3136 1.

1127 3163 1174 3193 De
1204 3164 1297 3193 Sexto
1327 3179 1366 3184 -—
1388 3161 1433 3192 ad
1460 3171 1558 3191 arma.
1583 3160 1632 3192 De
1653 3160 1758 3192 Sexto
1779 3161 1939 3202 Pompeio
