2062 3565
168 151 253 189 158
570 150 652 190 ΕΡ.
688 150 764 190 ΑΙ)
796 151 842 190 Τ.
878 150 1229 192 POMPONIUM
1263 151 1526 193 ATTICUM.

165 285 315 326 Itinera
364 287 472 327 enim
519 286 577 325 ita
626 285 735 334 facit,
780 291 825 325 ut
872 284 1020 325 multos
1064 284 1149 326 dies
1193 286 1237 326 in
1283 286 1476 342 oppidum
1509 294 1646 343 ponat.
1703 288 1929 331 Pharnaces

164 365 310 408 autem,
345 373 504 412 quoquo
538 357 656 398 modo
689 362 794 411 aget,
829 358 966 398 afferet
998 372 1163 398 moram.
1214 358 1324 410 Quid
1357 359 1458 401 mihi
1490 360 1615 415 igitur
1648 363 1811 404 censes?
1843 363 1931 404 Iam

164 431 269 471 enim
317 445 478 486 corpore
522 431 587 471 vix
627 430 805 471 sustineo
848 430 1086 484 gravitatem
1130 431 1252 472 huius
1297 432 1410 484 caeli,
1463 449 1564 489 quae
1605 436 1705 476 mihi
1753 435 1930 478 laborem

165 504 278 544 affert
320 503 362 544 in
402 502 551 544 dolore.
602 506 666 544 An
707 503 770 543 his
813 503 910 544 illuc
956 503 1146 545 euntibus
1194 505 1394 557 mandem,
1432 512 1476 548 ut
1509 523 1572 549 me
1605 513 1812 559 excusent,
1847 509 1932 564 ipse

165 575 349 617 accedam
382 576 576 630 propius?
629 576 788 627 Quaeso
822 576 984 617 attende
1018 582 1058 618 et
1091 592 1168 629 me,
1204 579 1311 632 quod
1345 579 1477 621 adhuc
1512 596 1628 637 saepe
1662 586 1826 636 rogatus
1850 597 1932 624 non

166 650 307 699 fecisti,
353 648 520 690 consilio
568 649 662 690 iuva
671 668 682 700 3
734 650 816 690 scio
866 665 949 691 rem
983 650 1186 692 difficilem
1221 666 1320 703 esse,
1355 653 1424 694 sed
1461 658 1505 694 ut
1537 654 1580 695 in
1613 654 1742 696 malis.
1798 655 1931 696 Etiam

165 723 263 764 illud
297 738 383 764 mea
416 722 552 776 magni
581 722 762 772 interest,
798 728 837 763 te
873 727 917 763 ut
950 722 1119 764 videam.
1166 724 1350 766 Profecto
1385 725 1537 781 aliquid
1572 727 1789 782 profecero,
1824 728 1858 768 si
1891 728 1932 768 id

169 795 374 836 acciderit.
410 796 469 836 De
502 800 757 845 testamento,
794 802 839 836 ut
872 795 1027 846 scribis,
1063 797 1371 841 animadverteS.

209 959 245 989 Ut
272 958 383 989 ..mltos
405 959 472 989 dies
494 960 527 988 in
550 958 691 1000 oppidmn
710 961 820 999 ponat.
855 960 1020 990 Accusati-

168 1021 226 1041 vus
250 1011 482 1052 praepositioni
507 1012 635 1042 additus
669 1012 936 1043 distributionem
970 1014 1022 1044 de·
1044 1030 1046 1057 '.

163 1066 281 1105 signat.
312 1064 416 1106 Saepe
440 1065 569 1096 additur
591 1066 654 1096 adi.
677 1065 794 1105 siuquli
827 1066 878 1096 vel
909 1076 1023 1096 omnes.
1044 1070 1047 1078 ⁴

163 1118 203 1149 cf.
239 1118 394 1149 Plancius
423 1119 464 1149 ad
494 1117 563 1149 Cic.
595 1118 687 1149 Fam.
713 1117 756 1148 X.
788 1118 837 1155 ⁵24,
864 1118 877 1147 l
904 1118 1047 1158 jacere¹

164 1183 223 1202 non
244 1181 374 1211 possum,
398 1172 473 1214 quin
496 1172 528 1202 z'n
550 1172 694 1213 sinyulas
716 1183 766 1202 res
799 1191 838 1195 —
867 1172 924 1203 tibi
952 1184 1024 1213 qra-

164 1225 227 1255 tias
260 1235 361 1266 aqam.
406 1225 544 1255 Diversa
577 1225 660 1255 ratio
697 1231 745 1255 est
776 1225 951 1256 verborum
981 1219 1049 1256 ex}

165 1279 256 1319 epist.
293 1278 342 1315 37,
372 1278 444 1309 XII
474 1279 515 1309 ad
550 1278 632 1315 Att„
667 1288 752 1319 quae
787 1279 958 1309 Manutius
991 1279 1049 1309 in‘

165 1335 274 1365 adnot.
298 1335 338 1364 ad
360 1334 392 1364 h.
416 1334 438 1364 l.
467 1334 680 1374 comparavit.
727 1336 857 1370 Caesar,
889 1334 946 1375 qui
978 1334 1024 1364 iu-
1048 1330 1049 1333 ¹

165 1387 314 1418 credibili
337 1387 504 1418 celeritate
527 1387 645 1418 itinera
662 1387 809 1424 faciebat,
827 1386 916 1418 Suet.
932 1386 1026 1418 Caes.

166 1440 215 1478 57,
238 1446 308 1470 tum
330 1439 466 1470 fortasse
490 1439 613 1470 tardius
636 1440 908 1480 progrediebatur
921 1440 954 1470 in
972 1450 1025 1480 op-

166 1495 249 1535 pidis
271 1500 454 1525 conventus
477 1502 579 1534 agens
599 1499 632 1524 et
662 1494 846 1534 legationes
876 1494 1023 1524 audiens.

166 1547 416 1587 Peerlkampius
434 1546 467 1576 in
482 1556 542 1576 mio
561 1546 672 1586 oppda
688 1547 909 1578 necessarium
923 1551 1025 1588 putat.
1048 1540 1049 1562 l

206 1601 363 1632 Laborem.
388 1600 530 1631 Ursinus
554 1609 571 1631 e
596 1607 659 1632 vet.
683 1601 779 1638 libro,
803 1608 839 1632 ut
860 1601 915 1637 ait,
931 1601 1027 1631 affert

165 1655 355 1695 lanqzcwem.
379 1655 488 1694 Magis
511 1653 707 1684 Tullianum
731 1660 810 1694 puto
832 1652 968 1684 dolorem
992 1653 1025 1682 in

165 1708 282 1740 dolore.
304 1709 459 1740 Habebat
481 1709 618 1739 dolorem
642 1707 749 1745 animi,
773 1709 949 1739 accedebat
971 1707 1024 1738 do-

1044 995 1045 1001 *
1073 972 1152 1002 quae
1179 963 1337 1005 (lamb),
1356 974 1397 993 an
1410 964 1493 1004 quod
1505 965 1636 1004 (Coria),
1654 974 1696 996 an
1711 965 1782 1005 quia
1802 965 1932 1005 (Klotz)

1075 1016 1245 1047 Ciceronis
1268 1017 1320 1047 sit.

1117 1068 1188 1106 His,
1212 1068 1327 1100 Sullae
1351 1076 1383 1100 et
1407 1070 1579 1101 Messalae.

1118 1122 1222 1163 Saepe
1262 1125 1392 1164 royalus
1431 1134 1491 1154 non
1512 1123 1637 1164 fec-isli.
1677 1125 1861 1163 Schutzius,
1892 1135 1934 1157 ne

1046 1197 1049 1218 ¹,
1075 1174 1191 1206 Cicero
1213 1176 1319 1206 amico
1342 1176 1496 1207 iniuriam
1520 1176 1650 1214 faceret,
1667 1177 1723 1218 qui
1740 1177 1836 1209 toties
1857 1187 1932 1210 eum

1073 1228 1221 1259 consiliis
1246 1228 1382 1265 iuvarat,
1399 1229 1610 1269 negationem
1627 1230 1827 1272 transposuit
1841 1240 1934 1271 saepe

1073 1292 1134 1312 mm
1158 1284 1287 1323 royalus
1302 1282 1337 1322 f.
1373 1282 1448 1319 Sed,
1485 1283 1574 1323 quod
1604 1290 1690 1314 recte
1719 1284 1749 1315 ei
1782 1284 1934 1326 opposuit

1073 1334 1333 1375 Wesenbergius
1355 1335 1495 1366 Eniend.
1519 1345 1549 1376 p.
1577 1336 1614 1365 16
1627 1336 1792 1367 consilium
1806 1342 1855 1368 est
1866 1337 1899 1367 h.
1914 1338 1933 1367 l.

1073 1388 1144 1417 sola
1167 1387 1367 1423 deliberatio,
1392 1393 1504 1418 utrum
1529 1388 1705 1428 Brundisii
1724 1394 1873 1420 maneret
1892 1399 1933 1420 an

1074 1439 1206 1480 propius
1230 1440 1371 1470 Romam
1393 1441 1570 1477 accederet,
1602 1441 1761 1481 iussitque
1790 1441 1934 1473 conferri

1075 1502 1124 1532 ep.
1150 1493 1197 1530 15,
1224 1493 1249 1523 l.
1274 1493 1323 1529 20,
1348 1494 1377 1524 2.

1116 1544 1177 1575 Sed
1198 1548 1232 1575 ul
1256 1545 1289 1576 iu
1312 1546 1405 1576 malis
1437 1556 1474 1576 o:
1513 1547 1570 1577 sed
1598 1552 1761 1587 quantum
1790 1545 1869 1577 licet
1899 1545 1933 1576 in

1073 1600 1179 1630 malis.
1203 1600 1376 1631 Manutius
1399 1601 1479 1631 haec
1502 1606 1589 1632 recte
1611 1599 1792 1641 explicavit
1806 1609 1934 1640 compar

1072 1664 1147 1685 rans
1182 1664 1314 1695 quoque
1350 1665 1392 1686 ex
1425 1656 1474 1692 25,
1505 1656 1523 1685 3
1558 1657 1592 1684 at
1622 1656 1655 1684 iu.
1681 1653 1822 1694 perditis
1843 1654 1935 1685 rebus

1073 1715 1103 1739 et
1125 1710 1160 1738 nl
1182 1709 1217 1738 in
1233 1708 1380 1747 pessimi-3
1404 1708 1494 1739 rebus
1516 1718 1558 1739 ex
1582 1718 1630 1748 ep.
1656 1708 1705 1746 19,
1729 1708 1756 1738 2.

166 1764 214 1793 lor
236 1764 382 1803 corporis.
417 1763 521 1794 Paulo
543 1768 619 1794 ante
641 1763 734 1793 codd.
757 1762 820 1802 qui.
843 1762 1024 1798 Incertum,

736 1869 902 1910 XXIII.
969 1871 1033 1921 (A.
1076 1869 1120 1909 U.
1161 1870 1200 1908 C.
1241 1869 1357 1921 707.)

231 1988 268 2027 1.
314 1985 434 2038 Quod
481 1985 531 2027 ad
579 1993 618 2027 te
657 1985 906 2041 scripseram,
952 1990 998 2025 ut
1047 1998 1139 2024 cum
1189 1982 1358 2024 Camillo
1414 1983 1744 2034 communicares,
1795 1983 1844 2024 de
1888 1998 1934 2024 eo

166 2059 358 2101 Camillus
401 2060 501 2100 mihi
541 2059 700 2114 scripsit
732 2063 771 2099 te
805 2072 940 2099 secum
972 2057 1166 2097 locutum.
1216 2057 1322 2097 Tuas
1355 2057 1491 2097 literas
1525 2049 1819 2112 exspectabam,
1854 2057 1934 2098 nisi

165 2132 266 2174 illud
300 2132 462 2188 quidem
494 2131 656 2182 mutari,
691 2130 873 2175 sialiter
907 2134 967 2170 est
999 2134 1040 2170 et
1072 2134 1242 2184 oportet,
1277 2144 1358 2170 non
1391 2128 1508 2170 video
1542 2144 1671 2184 posse.
1707 2129 1785 2171 Sed
1809 2144 1933 2185 quum

133 2231 145 2253 ,-
167 2205 217 2248 ab
254 2205 324 2246 illo
366 2205 605 2260 accepissem
647 2204 795 2252 literas,
843 2201 1067 2243 desideravi
1110 2206 1215 2243 tuas.
1267 2202 1357 2243 Etsi
1406 2201 1598 2257 putabam
1639 2206 1678 2244 te
1723 2203 1930 2244 certiorem

166 2278 317 2320 factum
360 2294 441 2319 non
485 2293 582 2319 esse.
639 2277 763 2319 Modo
804 2276 968 2317 valeres.
1013 2275 1234 2331 Scripseras
1268 2275 1376 2316 enim
1408 2279 1448 2316 te
1482 2275 1656 2330 quodam
1688 2275 1932 2318 valetudinis

167 2366 309 2407 genere
360 2351 561 2406 temptari.
610 2354 650 2392 2.
698 2349 871 2390 Acusius
919 2347 1083 2403 quidam
1124 2347 1268 2389 Rhodo
1302 2352 1465 2389 venerat
1498 2361 1580 2389 nx.
1615 2347 1678 2390 Id.
1714 2349 1857 2401 Quint.
1891 2349 1933 2391 Is

167 2423 382 2466 nuntiabat
428 2424 628 2475 Quintum
675 2422 803 2463 filium
847 2421 897 2462 ad
931 2420 1140 2462 Caesarem
1172 2421 1396 2476 profectum
1430 2434 1491 2462 Π.
1526 2420 1619 2462 Kal.
1653 2421 1762 2472 Iun.‚
1796 2421 1943 2463 Philo·-

166 2499 312 2540 timum
357 2498 545 2539 Rhodum
589 2496 715 2552 pridie
758 2510 849 2536 eum
892 2495 997 2535 diem
1044 2494 1213 2543 venisse,
1251 2493 1395 2535 habere
1430 2493 1479 2534 ad
1514 2509 1575 2534 me
1608 2494 1758 2536 literas.
1792 2494 1933 2549 Ipsum

210 2658 230 2686 4
250 2655 280 2686 si
301 2655 399 2686 aliter
421 2657 452 2685 et
475 2656 595 2694 oportet
621 2672 655 2676 —

211 2802 228 2840 ᾗ
253 2800 281 2831 1.
307 2799 513 2839 Scripseram.
534 2800 567 2830 h.
590 2800 613 2830 1.
641 2799 687 2836 16,
712 2801 742 2830 5.
1075 2796 1100 2827 1.
1124 2795 1162 2826 F.
1185 2794 1371 2827 Gronovius
1393 2794 1485 2825 coni:
1511 2792 1647 2824 Camilli.
1687 2792 1771 2823 Mox
1792 2801 1851 2833 pro
1873 2790 1935 2822 etsi

210 2853 283 2885 Nisi
303 2852 388 2883 illud
405 2871 445 2876 —
467 2862 528 2883 non
550 2852 639 2883 video
666 2861 761 2894 posse
784 2861 816 2883 0:
853 2852 909 2882 secl
932 2851 1028 2883 video
1076 2848 1175 2879 scribi
1196 2849 1227 2878 et
1249 2847 1295 2877 εἰσ
1315 2847 1424 2878 eidem
1445 2845 1606 2887 placebat.
1635 2843 1701 2876 Sed
1725 2843 1841 2875 Cicero
1865 2853 1933 2876 non

171 2913 405 2939 testamentum
437 2907 614 2938 Terentiae
637 2906 758 2937 mutari
780 2915 848 2937 non
871 2915 977 2946 posse,
1000 2906 1029 2936 si
1076 2901 1218 2942 scripsit:
1242 2900 1419 2932 desideravi
1441 2902 1472 2931 et
1487 2899 1649 2940 putabam.

170 2960 266 2992 aliter
287 2965 337 2992 est
371 2965 468 3000 atque
497 2969 568 2990 esse
599 2963 736 3000 oportet.
779 2958 883 2989 Nulla
911 2958 946 2989 in
977 2958 1029 2989 his
1120 2954 1287 2986 Certiorem
1311 2965 1366 2995 np.
1389 2964 1408 2985 a
1431 2952 1587 2990 Camillo,
1622 2952 1710 2992 quod
1731 2951 1789 2983 ille
1822 2951 1934 2982 literas

172 3014 279 3046 verbis
303 3019 352 3046 est
373 3013 562 3050 obscuritas,
585 3023 685 3054 quam
706 3012 858 3044 Handius
882 3012 979 3043 Turs.
1001 3012 1028 3043 I.
1077 3009 1118 3040 ad
1139 3017 1193 3040 me
1214 3008 1349 3039 daturus
1372 3011 1450 3045 erat,
1472 3007 1593 3048 quibus
1615 3010 1651 3037 tu
1669 3011 1742 3036 tuas
1754 3004 1934 3046 adiungere

171 3076 202 3107 p.
225 3066 286 3097 259
308 3066 348 3098 iis
370 3066 486 3099 intulit
506 3065 593 3097 male
615 3064 858 3105 distinguendo.
892 3063 943 3096 De
966 3064 1028 3095 ali·
1076 3062 1247 3103 potuisses.

173 3122 220 3150 ter
239 3137 281 3142 —
302 3122 332 3150 et
354 3119 471 3152 monui
492 3119 534 3151 ad
555 3117 600 3150 X.
624 3119 672 3156 11,
697 3118 726 3149 1.
1120 3115 1139 3155 ξ
1161 3114 1190 3146 2.
1213 3112 1324 3144 Pridie
1346 3123 1413 3144 eam
1441 3111 1532 3144 diem.
1577 3110 1775 3151 Conspiraut
1807 3109 1843 3140 in
1873 3109 1934 3140 hac

169 3168 171 3170 ’
217 3172 262 3202 Ab
284 3172 354 3204 alo.
378 3173 431 3205 Ita
451 3171 568 3204 Seidae
579 3171 819 3203 Wirz.Med.a
837 3170 926 3207 nillo,
945 3171 1033 3201 unde
1079 3167 1220 3199 lectione
1255 3176 1370 3198 omnes
1398 3166 1491 3197 codd.
1524 3164 1606 3202 noti,
1637 3163 1785 3203 soletque
1819 3161 1935 3193 Cicero
