2062 3565
151 170 175 207 8

551 159 636 202 EP.
671 157 747 199 AD
779 156 826 197 Τ.
860 150 1210 196 POMPONIUM
1243 147 1507 190 ATTICUM.

149 313 238 340 rum
270 304 311 339 et
343 295 651 339 clarissimorum
691 291 841 333 civium
888 288 1040 336 desero,
1075 285 1301 327 cadendum
1333 288 1394 325 est
1425 283 1471 324 in
1501 283 1625 325 unius
1656 287 1913 339 potestatem,

149 370 233 426 qui,
267 369 343 411 etsi
372 367 512 410 multis
544 364 663 407 rebus
696 362 896 418 significat
928 375 970 401 se
1001 358 1119 401 nobis
1152 373 1237 399 esse
1271 356 1460 407 amicum,
1495 360 1536 397 et
1568 360 1616 397 ut
1648 361 1753 398 esset
1785 372 1808 398 a
1849 371 1912 398 me

150 448 211 486 est
254 466 312 472 —
354 445 442 483 tute
487 438 564 480 scis
609 461 666 468 —
710 438 871 491 propter
904 432 1174 488 suspicionem
1206 430 1329 472 huius
1362 428 1634 485 impendentis
1665 429 1916 485 tempestatis

150 516 278 558 multo
310 518 403 556 ante
434 511 653 568 provisum,
686 514 822 550 tamen
854 511 1071 561 utrumque
1105 503 1443 547 considerandum
1475 506 1549 553 est,
1582 506 1624 543 et
1646 507 1797 557 quanta
1818 502 1917 543 fides

151 589 188 631 ei
221 588 274 630 sit
304 585 490 628 habenda
521 589 575 634 et,
610 583 644 624 si
676 581 847 623 maxime
881 579 1131 635 exploratum
1165 578 1218 619 sit
1250 592 1342 619 eum
1365 575 1483 618 nobis
1506 574 1680 616 amicum
1697 575 1794 625 fore,
1813 575 1918 617 sitne

151 661 228 703 viri
259 659 373 701 fortis
405 662 446 699 et
477 656 574 698 boni
607 655 706 696 civis
738 668 823 695 esse
855 654 900 694 in
933 667 979 694 ea
1004 651 1120 703 urbe,
1153 652 1198 692 in
1231 665 1324 705 qua,
1359 663 1485 704 quum
1508 647 1675 689 summis
1698 645 1920 689 honoribus
1961 686 1965 689 .

153 732 411 789 imperiisque
443 744 541 771 usus
575 728 641 779 sit,
675 742 737 768 res
770 726 963 768 maximas
996 724 1178 780 gesserit,
1213 721 1436 765 sacerdotio
1465 724 1518 765 sit
1542 721 1787 777 amplissimo
1809 735 1922 776 prae-

154 807 277 856 ditus,
321 819 404 846 non
446 802 607 843 futurus
625 833 633 841 .
651 833 658 841 .
678 831 711 841 ..

755 798 1091 852 subeundumque
1134 795 1360 853 periculum
1404 796 1457 837 sit
1497 811 1590 838 cum
1622 794 1757 850 aliquo
1790 795 1816 837 †
1839 793 1922 835 fore

154 879 359 928 dedecore,
393 875 428 917 si
460 873 620 930 quando
653 872 870 928 Pompeius
903 886 986 913 rem
1018 869 1223 927 publicam
1257 869 1517 924 recuperarit.
1554 871 1596 910 3.
1627 868 1680 910 In
1711 866 1787 908 hac
1810 871 1921 922 parte

153 952 251 994 haec
294 954 402 992 sunt.
456 946 562 988 Vide
604 960 728 997 nunc,
762 960 864 1000 quae
899 945 981 986 sint
1012 945 1056 986 in
1089 944 1227 985 altera.
1261 942 1380 985 Nihil
1414 948 1549 984 actum
1582 946 1643 984 est
1676 955 1699 982 a
1731 939 1923 995 Pompeio

153 1030 290 1068 nostro
333 1021 546 1078 sapienter,
590 1019 694 1061 nihil
743 1018 919 1068 fortiter3
968 1016 1072 1058 addo
1118 1016 1255 1067 etiam,
1289 1014 1394 1057 nihil
1425 1015 1506 1056 nisi
1539 1019 1678 1057 contra
1711 1013 1924 1056 consilium

155 1097 514 1151 auctoritatemque
561 1108 704 1135 meam.
756 1091 911 1134 Omitto
943 1091 1013 1132 illa

1046 1094 1194 1140 vetera,
1229 1088 1338 1144 quod
1371 1088 1496 1130 istum
1527 1089 1573 1130 in
1604 1103 1689 1130 rem
1720 1086 1925 1144 publicam

154 1172 222 1214 ille
255 1170 369 1221 aluit,
404 1167 531 1218 auxit,
566 1165 750 1216 armavit,
784 1164 851 1206 ille
886 1162 1044 1219 legibus
1078 1178 1147 1219 per
1182 1162 1264 1204 vim
1298 1166 1339 1203 et
1372 1166 1512 1203 contra
1541 1161 1721 1218 auspicia
1753 1159 1946 1217 ferendis·

156 1249 308 1294 auctor,
348 1241 417 1284 ille
461 1239 615 1282 Galliae
657 1237 858 1279 ulterioris
903 1235 1129 1285 adiunctor‚
1164 1234 1231 1276 ille
1265 1248 1400 1289 gener,
1435 1233 1501 1275 ille
1535 1234 1579 1276 in
1613 1232 1845 1289 adoptando
1877 1233 1926 1274 P.

120 1336 133 1360 5
157 1315 299 1360 Clodio
332 1327 474 1368 augur,
507 1311 575 1352 ille
613 1308 853 1351 restituendi
897 1308 975 1349 mei
1009 1322 1128 1362 quam
1164 1305 1367 1348 retinendi
1402 1306 1634 1357 studiosior,
1669 1307 1736 1349 ille
1769 1306 1929 1363 provin-

158 1389 243 1432 ciae
282 1388 529 1443 prorogator,
573 1382 640 1424 ille
673 1380 850 1423 absentis
883 1381 927 1423 in
962 1380 1149 1422 omnibus
1183 1379 1356 1431 adiutor,
1391 1379 1499 1421 idem
1528 1381 1650 1422 etiam
1682 1380 1803 1422 tertio
1837 1394 1930 1421 0011-

160 1461 308 1509 sulatu,
351 1462 564 1515 postquam
610 1469 694 1497 esse
742 1454 925 1496 defensor
969 1455 1024 1495 rei

1058 1453 1245 1509 publicae
1278 1454 1423 1509 coepit,
1458 1454 1681 1504 contendit,
1716 1461 1761 1495 ut
1793 1453 1930 1495 decem

160 1532 315 1576 tribuni
355 1531 410 1588 pl.
456 1529 618 1580 ferrent,
663 1534 711 1570 ut
754 1527 930 1569 absentis
971 1528 1072 1570 ratio
1119 1527 1349 1577 haberetur,
1388 1527 1496 1583 quod
1541 1528 1647 1570 idem
1680 1527 1766 1583 ipse
1799 1525 1933 1567 sanxit

209 1706 227 1737 8
251 1715 359 1737 nomeu
374 1704 511 1746 futurus
534 1722 573 1727 —
596 1703 702 1747 aliquo
714 1704 791 1745 sbre
814 1722 853 1727 -
878 1703 915 1735 16
931 1706 1126 1745 propa-qamt·
1149 1720 1188 1726 -—-

207 1862 277 1895 Non
293 1862 431 1904 futurus
452 1879 492 1884 —-
514 1862 762 1904 subeundumque
781 1862 956 1903 periculum
973 1862 1025 1893 sit.

166 1918 292 1950 Rmsus
314 1915 488 1948 Klotzium
511 1925 630 1957 sequor
651 1915 737 1947 nihil
762 1916 796 1947 in
820 1916 929 1947 verbis
958 1926 1025 1946 mu-

169 1977 303 2009 tantem,
317 1970 374 2002 sed
385 1970 523 2002 lacunae
532 1970 665 2011 signum
674 1975 903 2011 apponentem,
915 1979 1025 2011 quam-

168 2034 268 2067 quam
290 2033 357 2055 non
381 2023 523 2054 concedo
557 2022 663 2054 eidem
692 2022 784 2063 plura
820 2022 919 2053 verba
954 2026 1026 2063 post

159 2080 297 2120 ficturus
320 2076 493 2109 excidisse.
517 2075 631 2107 Cicero
654 2076 845 2113 considerat,
876 2076 957 2117 quid
978 2075 1026 2106 fu-

170 2137 282 2163 turum
304 2130 355 2167 sit,
379 2129 407 2160 si
430 2128 463 2160 in
486 2128 583 2159 unius
607 2127 754 2160 Caesaris
771 2132 966 2169 potestatem
979 2128 1026 2158 in-

169 2186 264 2222 cidat,
288 2184 377 2225 quid,
401 2183 428 2214 si
451 2183 629 2223 Pompeius
658 2193 727 2215 rem
756 2194 785 2224 p.
818 2182 1026 2224 recuperarit.

1074 1862 1238 1903 agrariam
1262 1862 1393 1893 Iuliam.
1417 1861 1466 1893 cf.
1494 1862 1562 1893 Att.
1586 1861 1631 1893 II.
1656 1860 1703 1898 16,
1730 1861 1759 1891 2.
1784 1860 1870 1892 Vell.
1886 1860 1931 1892 ΙΙ.

1073 1916 1124 1946 44.

1117 1967 1243 1998 Galliae
1265 1968 1322 1999 ult.
1347 1967 1524 1998 atliunctor.
1550 1966 1710 2007 Pompeio
1732 1963 1935 2005 suffragante

1048 1997 1052 2056 1
1073 2028 1204 2053 senatus
1225 2020 1354 2053 Galliae
1377 2020 1575 2061 Cisalpinae,
1591 2029 1692 2061 quam
1712 2018 1833 2051 Caesar
1859 2018 1934 2058 lege

1074 2074 1210 2104 Vatinia
1226 2078 1407 2114 acceperat,
1431 2073 1551 2104 adiecit
1565 2071 1746 2109 Comatam,
1762 2070 1934 2102 materiam

1073 2127 1241 2168 triumphi.
1266 2127 1346 2157 Vid.
1371 2126 1461 2157 Suet.
1485 2126 1578 2158 Caes.
1601 2125 1650 2156 22.

1115 2178 1181 2210 Ille
1197 2189 1306 2220 ρεπεν.
1331 2179 1460 2210 Iudicat
1483 2178 1545 2209 hoc
1567 2186 1697 2219 quoque
1712 2177 1937 2218 imprudenter

170 2237 363 2271 Sententiae
397 2236 553 2268 satisfacit
584 2237 794 2278 interpolatio
827 2236 1027 2268 Iansoniana
1074 2242 1093 2263 a
1115 2232 1276 2273 Pompeio
1299 2231 1423 2263 factum
1446 2240 1526 2269 esse,
1548 2231 1637 2272 quod
1650 2229 1774 2262 Iuliam
1787 2229 1936 2262 Caesaris

171 2301 233 2322 nou
246 2290 385 2331 futurus
406 2288 448 2320 sit
469 2287 519 2318 sm·
541 2287 629 2325 z'urz'S,
653 2289 709 2320 sed
720 2293 844 2329 pugnat
864 2299 938 2319 cum
953 2298 1028 2320 0011-
1074 2297 1214 2319 uxorem
1235 2287 1343 2318 duxit.

172 2342 345 2376 suetudine
368 2341 536 2372 Tulliana.
571 2341 637 2372 Iac.
661 2339 821 2373 Gronovii
843 2340 1029 2372 emendatio

174 2405 282 2426 nomen
296 2395 434 2434 futurus
457 2393 567 2424 durior
579 2393 661 2423 mihi
683 2393 821 2431 videtur,
839 2402 945 2435 neque
959 2393 1029 2423 Ko—

175 2447 249 2479 chio
272 2447 416 2478 concedo
438 2456 498 2486 pro
521 2455 581 2475 nou
596 2447 731 2487 sulm-us
746 2446 843 2477 scribi
856 2455 949 2487 posse
964 2445 1033 2476 sine

176 2501 291 2532 honore
304 2499 452 2541 futurus.
475 2498 686 2529 Hofmanuus
710 2498 826 2529 edidit:
858 2509 919 2529 nou
938 2497 1036 2538 fulu-

176 2564 229 2585 ]-ῑιε
250 2554 293 2585 sit
315 2553 396 2584 idem
416 2551 556 2593 idemque
570 2551 745 2592 periculum
768 2551 811 2581 sit
834 2562 897 2582 eum
918 2551 1035 2582 maiore

175 2609 337 2648 dedecore,
359 2607 447 2649 quod
469 2607 601 2647 longius
615 2617 634 2637 0
650 2607 761 2638 codice
773 2607 903 2639 recedit.
927 2607 1035 2639 Peerl-

176 2663 327 2704 kampius
348 2661 480 2693 volebat
502 2669 564 2690 nou
583 2659 663 2690 idem
680 2660 830 2699 secturus,
861 2660 896 2690 in
919 2660 1035 2692 ceteris

185 2717 270 2748 nihil
302 2719 419 2746 mutat.
458 2712 650 2744 Infinitivus
671 2713 749 2753 sbre
778 2723 810 2743 a:
852 2722 928 2744 eum
955 2713 1034 2750 fore,

179 2782 245 2804 non
269 2774 355 2802 recte
376 2768 495 2810 pendet
519 2777 537 2798 a
559 2777 592 2798 v.
611 2766 798 2807 periculum.
821 2767 923 2808 sequi
940 2768 1036 2799 debe-

179 2827 235 2857 bat
251 2835 298 2856 ne.
325 2823 387 2856 Cff.
409 2821 563 2862 exempla
580 2820 614 2851 in
628 2821 820 2852 Meuckenii
842 2820 937 2853 Obss.
952 2821 1034 2861 ling.

179 2879 252 2911 Lat.
273 2889 305 2920 p.
327 2876 387 2910 735
412 2885 460 2916 sq.
482 2874 701 2906 Scribendum
733 2873 876 2905 videtur:
903 2884 965 2903 non
980 2873 1036 2914 fu-

180 2937 272 2964 turus
294 2933 380 2962 tutus
401 2927 648 2969 subeundumque
672 2927 701 2958 εἰ
716 2927 892 2967 periculum
914 2928 956 2957 sit
971 2938 1035 2958 cum

181 2989 288 3030 aliquo
308 2997 363 3018 suo
385 2984 544 3017 dedecore.
567 2982 644 3013 Non
668 2982 792 3023 accipio
806 2981 901 3022 forte
925 2991 968 3013 ex
984 2992 1038 3012 an-

184 3042 283 3083 tiquis
321 3038 531 3075 editionibuS‚
564 3035 719 3078 quoniam
749 3035 946 3067 dubitationi
971 3046 1037 3067 non

185 3100 233 3126 est
254 3094 358 3125 loeus.

228 3147 297 3187 53.
322 3145 385 3176 Ille
414 3163 453 3169 —
483 3144 601 3174 auctor.
640 3140 771 3182 Spectat
807 3140 966 3182 imprimis
1000 3141 1040 3173 ad

1119 2341 1182 2372 Ille
1204 2340 1388 2382 provinciae
1414 2342 1614 2381 proroyator.
1653 2338 1703 2370 Cf,
1738 2339 1818 2370 V11.
1845 2340 1873 2376 3,
1907 2341 1936 2369 4.

1078 2394 1151 2426 Hoc
1173 2394 1302 2431 dicitur,
1326 2393 1486 2435 quoniam
1507 2403 1535 2424 a.
1559 2392 1619 2425 799
1644 2397 1814 2423 annuente
1841 2391 1937 2422 Pom-

1080 2449 1153 2490 peio
1175 2449 1231 2480 lex
1253 2448 1319 2479 lata
1342 2452 1399 2485 est,
1423 2456 1507 2488 quae
1530 2445 1716 2487 provincias
1739 2444 1872 2476 Caesari
1904 2444 1937 2475 in

1081 2502 1346 2543 quinquennium
1368 2500 1567 2542 prorogavit.
1594 2499 1696 2531 Fines
1718 2498 1847 2540 imperii
1869 2509 1940 2539 pro-

1082 2560 1252 2596 pagantur,
1276 2554 1453 2595 imperium
1482 2558 1514 2584 et
1544 2551 1715 2594 provincia
1737 2556 1940 2592 prorogatiu:

1083 2607 1133 2640 Cf.
1167 2607 1236 2639 Cic.
1262 2607 1334 2638 Att.
1360 2607 1403 2636 V.
1428 2605 1476 2643 17,
1501 2607 1529 2636 5.
1564 2605 1646 2635 VII.
1669 2606 1698 2641 3,
1729 2605 1758 2634 4.
1792 2603 1866 2635 intt.
1899 2603 1939 2634 011

1082 2660 1175 2692 Suet.
1198 2660 1289 2692 Caes.
1314 2660 1365 2691 24.
1388 2660 1467 2690 Ideo
1491 2659 1524 2689 in
1539 2658 1700 2690 deteriore
1722 2657 1835 2689 codice
1857 2657 1940 2688 Maf-

1083 2715 1192 2746 feiano
1214 2720 1301 2746 recte
1331 2714 1489 2755 scriptum
1523 2718 1602 2754 puto
1624 2713 1824 2753 proroqator,
1855 2711 1941 2742 male

1083 2767 1117 2798 in
1141 2766 1256 2798 ceteris
1270 2767 1477 2807 propayator.
1498 2765 1549 2797 De
1559 2764 1748 2806 propagatis
1766 2763 1853 2795 enim
1871 2772 1941 2804 pro-

1083 2819 1211 2850 vinciae
1232 2819 1354 2850 finibus
1377 2818 1443 2849 iam
1464 2822 1540 2848 ante
1563 2817 1689 2857 aliquid
1721 2815 1846 2847 dictum
1881 2820 1939 2846 est.

1126 2872 1296 2913 Postquam
1320 2881 1386 2902 esse
1416 2870 1564 2912 defensor
1586 2870 1634 2901 rei
1646 2880 1681 2909 p.
1704 2868 1804 2909 coepit
1837 2878 1871 2899 οι
1906 2875 1943 2899 ut

1084 2925 1196 2956 scribit
1217 2925 1306 2956 Veli.
1337 2925 1373 2956 II
1415 2924 1464 2961 47,
1487 2928 1661 2964 postquam
1697 2936 1710 2948 υ
1722 2920 1941 2953 reconciliatis

1085 2978 1148 3009 sibi
1170 2977 1380 3018 optimatibus
1402 2977 1548 3008 maxime
1570 2986 1587 3005 a
1611 2974 1750 3007 Caesare
1781 2974 1942 3005 alienatus

1086 3033 1168 3063 est.''

1130 3084 1218 3116 Idem
1239 3085 1305 3124 ipse
1326 3083 1436 3114 sam-it
1457 3083 1525 3124 leffe
1546 3082 1762 3125 quadamsua.
1788 3080 1839 3113 Cf.
1854 3079 1944 3112 Suet.

1088 3141 1150 3173 lul.
1175 3142 1224 3172 28.
1240 3140 1303 3172 Dio
1319 3139 1394 3172 XL.
1411 3140 1460 3170 56.
1474 3156 1514 3162 —-
1536 3138 1580 3169 JI.
1597 3135 1752 3169 Μῖινσείἰυ
1776 3155 1803 3161 -—
1818 3136 1945 3168 restitit.
