2062 3565
154 136 237 176 376
554 134 637 174 ΕΡ.
675 133 748 173 AD
782 132 828 173 Τ.
863 129 1217 172 POMPONIUM
1250 129 1518 171 ATTICUM.

154 272 252 313 mihi
298 273 342 313 111
392 274 581 319 mentem,
627 268 695 309 sed
747 267 844 308 certi
890 266 1133 307 constituere
1178 265 1281 306 nihil
1314 279 1491 320 possum,
1526 264 1759 320 priusquam
1790 267 1830 304 te
1864 261 1920 303 vi-

153 346 261 387 dero.
313 345 395 397 Qui
439 344 573 385 minus
618 347 752 384 autem
795 356 870 396 ego
913 340 1006 382 istic
1049 344 1156 381 recte
1190 355 1275 381 esse
1308 339 1472 395 possim,
1507 354 1627 393 quam
1659 343 1719 380 cst
1751 336 1920 378 Marcel-

153 419 240 460 lus‘?
290 417 367 460 Sed
411 431 493 458 non
539 415 582 456 id
625 415 772 470 agitur,
823 428 954 469 neque
1004 412 1046 454 id
1094 412 1268 454 maxime
1311 427 1422 453 curo.
1472 411 1585 458 Quid
1627 425 1762 452 curem
1794 408 1921 450 vides.

154 491 311 533 Adsum
344 490 484 545 igitur.

198 655 210 685 ]
240 655 325 686 certe
347 653 539 685 constituere
563 670 600 676 —-

155 821 231 842 cum
261 810 365 841 altero
397 813 547 846 tractare,
581 818 680 840 nemo
715 808 856 847 ignorat.
894 806 1019 839 Moseri
1040 809 1043 833 ῑ
1069 810 1164 846 certe,
1187 809 1276 840 unde
1298 808 1394 840 facile
1412 807 1491 838 certi
1515 807 1646 838 efficias.

156 864 359 895 coniecturas
383 862 531 894 infelices
553 861 683 893 omitto.
1109 860 1189 891 Istic
1211 871 1245 892 o:
1270 861 1305 892 in
1328 861 1420 892 urbe.
1444 860 1565 891 Adsum
1587 869 1623 891 o:
1647 869 1726 901 paro
1743 858 1850 890 mend
1866 857 1927 890 iter

198 915 265 948 Sed
285 915 364 946 certi
375 915 567 947 constituere
581 913 664 945 nihil
672 923 810 955 possum.
825 913 927 945 Codd.
940 914 1020 944 dant
1065 920 1096 946 et
1119 924 1199 945 mox
1222 915 1330 946 adero.

752 1031 876 1073 XVI.
943 1034 1008 1086 (A.
1051 1032 1096 1073 U.
1135 1034 1177 1074 c.
1216 1033 1334 1087 710.)

224 1153 262 1192 1.
307 1148 628 1192 Iucundissimas
672 1152 763 1188 tuas
805 1146 885 1202 legi
918 1146 1068 1189 literas.
1114 1148 1180 1190 Ad
1213 1147 1407 1190 Plancum
1444 1147 1600 1202 scripsi,
1635 1145 1742 1187 misi.
1791 1144 1930 1186 Habes

158 1223 400 1279 cxemplum.
450 1222 552 1263 Cum
598 1220 744 1262 Tirone
791 1219 889 1274 quid
933 1220 986 1261 sit
1029 1220 1203 1272 locutus,
1250 1235 1488 1276 cognoscam
1531 1235 1580 1261 ex
1612 1219 1714 1274 ipso.
1752 1221 1793 1260 2.
1827 1218 1929 1260 Cum

159 1312 290 1339 sorore
324 1310 417 1350 ages
450 1294 659 1343 attentius,
695 1293 727 1334 si
761 1298 802 1334 te
835 1293 1100 1349 occupatione
1132 1293 1211 1335 ista
1243 1294 1446 1336 relaxatis.

201 1476 219 1514 ξ
246 1475 273 1504 l.
299 1473 352 1503 Ad
371 1472 526 1502 Plancum
548 1470 670 1511 scripsi,
695 1470 774 1501 misi.
797 1471 837 1502 In
850 1470 940 1502 Med.
953 1470 1023 1500 misi
1073 1471 1154 1502 haee
1171 1470 1310 1512 epistola
1333 1475 1406 1511 post
1429 1480 1478 1511 ep.
1502 1470 1575 1501 131.
1589 1469 1687 1507 XIV,
1699 1470 1788 1501 unde
1801 1473 1932 1511 apparet

160 1527 306 1558 deletum
322 1532 381 1557 est.
404 1524 471 1556 Sed
484 1534 587 1564 quum
598 1523 633 1554 in
645 1523 734 1555 Crat.
757 1524 807 1555 cd.
823 1523 1021 1560 inveniatur,
1071 1524 1237 1562 Quintum
1259 1534 1334 1555 cum
1370 1533 1477 1555 uxore
1510 1534 1570 1555 sua
1602 1523 1789 1564 Pomponia
1821 1523 1931 1554 divor-

160 1581 291 1612 retinui.
1069 1577 1153 1608 tium
1175 1577 1290 1608 fecisse
1328 1577 1346 1616 ξ
1371 1578 1400 1608 5.
1439 1577 1556 1618 Itaque
1585 1576 1744 1617 suspicari
1771 1576 1850 1609 licet
1877 1575 1932 1607 hic

206 1634 290 1675 Quid
312 1633 354 1663 sit
377 1633 502 1663 locutus
525 1642 581 1673 np.
605 1632 759 1668 Plancus,
785 1631 850 1662 nisi
876 1631 1022 1662 scriben-
1070 1631 1124 1671 agi
1147 1631 1187 1662 de
1212 1631 1420 1662 restitutione
1443 1631 1538 1662 dotis.

160 1689 241 1719 dum
262 1687 316 1725 sis,
341 1693 377 1718 ut
400 1686 563 1718 Corradus
586 1685 728 1718 volebat.
1116 1682 1328 1724 Occupatione
1349 1683 1413 1714 ista
1437 1694 1470 1715 o:
1509 1693 1544 1715 re
1575 1683 1761 1721 Buthrotia,
1792 1683 1832 1715 de
1869 1692 1934 1724 qua

205 1742 222 1781 ξ
245 1742 274 1772 2.
307 1740 377 1771 Cum
401 1749 508 1771 sorore
531 1749 605 1781 oyes
626 1738 792 1770 attentius.
823 1738 953 1781 Scripta
976 1744 1024 1771 est
1071 1737 1105 1769 in
1129 1738 1277 1779 epistolis
1299 1738 1378 1769 huic
1401 1738 1519 1770 additis
1542 1738 1660 1779 agitur.

1026 1836 1075 1875 A.

537 1923 589 1960 M.
621 1922 806 1961 CICERO
840 1921 919 1973 [L.]
947 1920 1150 1959 PLANCO
1181 1921 1360 1959 PRAET.
1391 1921 1499 1959 DEs.
1531 1922 1568 1958 S.

229 2025 269 2062 ὅ.
320 2021 448 2062 Attici
491 2020 619 2062 nostri
660 2024 700 2061 te
745 2018 859 2060 valde
904 2018 1130 2060 studiosum
1174 2033 1259 2060 esse
1304 2019 1488 2074 cognovi,
1538 2020 1617 2060 inei
1651 2035 1742 2061 vero
1775 2020 1834 2062 ita
1867 2036 1934 2062 cu-

166 2096 320 2152 pidum,
368 2100 411 2135 ut
453 2094 681 2136 mehercule
728 2107 876 2149 paucos
921 2107 1044 2148 aeque
1091 2091 1348 2134 observantes
1391 2097 1512 2147 atque
1558 2097 1736 2135 amantes
1770 2109 1833 2136 me
1865 2095 1934 2136 ha-

134 2179 148 2203 5
166 2169 259 2211 bere
303 2168 542 2210 existimem.
593 2167 658 2209 Ad
698 2172 886 2223 paternas
929 2166 1036 2207 enim
1070 2180 1236 2220 magnas
1271 2172 1311 2207 et
1344 2170 1496 2207 veteres
1530 2171 1571 2207 et
1602 2167 1730 2208 iustas
1763 2168 1935 2209 necessi-

166 2241 330 2284 tudines
378 2256 565 2296 magnam
610 2241 749 2282 attulit
793 2240 1062 2281 accessionem
1094 2243 1166 2280 tua
1198 2239 1385 2280 voluntas
1418 2254 1511 2293 erga
1544 2255 1606 2281 me
1642 2255 1810 2295 meaque
1842 2255 1936 2297 erga

168 2322 208 2356 te
251 2329 322 2371 par
363 2319 482 2370 atque
527 2318 682 2355 mutua.
730 2315 770 2353 4.
812 2312 1029 2359 Buthrotia
1068 2311 1146 2352 tibi
1179 2327 1297 2353 causa
1329 2312 1468 2367 ignota
1501 2327 1583 2354 non
1617 2318 1695 2355 est.
1731 2314 1795 2369 egi
1828 2315 1935 2356 enim

171 2403 286 2444 saepe
329 2387 396 2442 [de
440 2403 485 2429 ea
527 2388 680 2442 tecum]
726 2385 883 2439 tibique
916 2389 1044 2426 totam
1076 2400 1158 2427 rem
1194 2385 1479 2438 demonstravi,
1514 2401 1614 2441 quae
1647 2391 1708 2428 est
1740 2391 1829 2429 acta
1860 2387 1936 2430 hoc

171 2461 304 2502 modo.
354 2461 412 2501 Ut
459 2460 633 2516 primum
681 2458 947 2502 Buthrotium
998 2473 1138 2513 agrum
1188 2459 1455 2514 proscriptum
1490 2459 1678 2511 vidimus,
1713 2466 1936 2504 commotus

117 2548 151 2574 10
171 2535 334 2576 Atticus
376 2533 558 2574 libellum
606 2532 845 2588 composuit.
900 2532 1006 2573 Eum
1052 2531 1152 2573 mihi
1197 2532 1322 2583 dedit,
1358 2537 1404 2574 ut
1437 2533 1569 2574 darem
1606 2533 1780 2576 Caesari.
1815 2535 1936 2576 Eram

172 2608 279 2649 enim
325 2611 566 2648 coenaturus
599 2605 706 2661 apud
740 2620 831 2646 eum
863 2604 932 2645 fflo
967 2604 1046 2646 die.
1097 2606 1202 2647 Eum
1235 2604 1416 2646 libellum
1451 2606 1611 2647 Caesari
1645 2606 1758 2648 dedi:
1794 2607 1937 2663 proba-

172 2681 230 2721 vit
274 2695 448 2731 causam,
492 2679 697 2734 rescripsit
741 2678 879 2720 Attico
930 2693 1056 2732 aequa
1089 2693 1180 2719 eum
1213 2678 1428 2734 postulare,
1465 2678 1675 2720 admonuit
1707 2684 1856 2732 tamen,
1890 2685 1938 2722 ut

173 2754 384 2809 pecuniam
427 2753 621 2808 reliquam
665 2751 872 2793 Buthrotii
915 2751 965 2792 ad
1009 2751 1116 2793 diem
1159 2752 1372 2793 solverent.
1410 2754 1450 2793 5.
1485 2753 1661 2804 Atticus,
1696 2754 1765 2808 qui
1798 2754 1936 2796 civita-

173 2990 247 3010 eum
272 2980 318 3011 Μ.
342 2980 490 3011 Aemilio
511 2979 640 3020 Lepido
662 2979 777 3010 consul
805 2978 878 3010 fuit
922 2979 1032 3019 Igitur
1054 3003 1056 3022 3,
1078 2990 1148 3012 rem
1171 2981 1313 3011 indicav'
1305 2987 1339 3011 lt.

175 3046 204 3064 n
210 3045 241 3064 m
264 3039 392 3074 poterat
415 3043 502 3064 nunc
535 3032 643 3063 vocali
668 3035 804 3072 praetor
835 3032 1031 3072 desiqnatus,
1054 3032 1057 3051 ’-
1122 3034 1140 3074 ξ
1163 3034 1192 3064 4.
1217 3033 1282 3074 [De
1304 3043 1342 3064 ea
1366 3033 1637 3074 tecum].Ve1-ba
1659 3034 1798 3064 minime
1821 3034 1935 3071 otiosa,

175 3088 259 3118 sccd
254 3097 355 3127 quum
379 3086 496 3118 Cicero
517 3095 717 3127 praenomen
741 3086 903 3117 omisisset
933 3087 1034 3117 hono
1054 3084 1058 3144 ἶ
1081 3096 1141 3118 nec
1163 3092 1272 3118 tamen
1295 3087 1488 3125 necessaria,
1511 3097 1612 3128 quum
1633 3087 1668 3118 in
1691 3087 1781 3119 Med.
1804 3098 1871 3119 non
1893 3088 1937 3123 le-

176 3142 220 3174 lis
243 3143 280 3173 si‹
273 3143 483 3183 gnificatime
514 3146 689 3173 contentus
721 3142 847 3174 librarii
879 3143 916 3174 L.
942 3152 1035 3173 voca·
1082 3144 1214 3181 gantur,
1238 3146 1387 3183 suspecta
1411 3146 1495 3172 sunt.

2044 2238 2062 2322 i

2047 2332 2062 2365 ξ

2040 2376 2062 2805 l

2048 2825 2062 2874 2

216 2927 285 2968 [L.]
311 2926 439 2958 Planco.
460 2927 502 2958 L.
520 2926 693 2959 Munatius
708 2926 853 2958 Plancus
870 2937 958 2958 anno
971 2918 1054 2960 712
1077 2934 1165 2966 runt,
1188 2928 1244 2969 qui
1269 2927 1338 2959 CN.
1362 2928 1578 2969 appellandus
1593 2934 1671 2960 e1·.at
1696 2928 1836 2969 Pighius
1851 2938 1936 2960 err-0
1805 2893 2062 3565 1
