2062 3565
95 145 182 185 184
491 146 575 188 ΕΡ.
610 145 685 187 AD
719 146 765 186 T.
800 143 1150 186 POMPONIUM
1184 144 1448 187 ATTICUM.

691 341 807 383 XXI.
873 342 939 396 (A.
981 342 1026 383 U.
1061 340 1104 383 C.
1143 343 1260 397 709.)

158 461 198 503 1,
231 459 330 513 Legi
364 458 481 499 Bruti
513 456 722 513 epistolam
754 472 921 512 eamque
953 456 1030 498 tibi
1062 458 1210 509 remisi,
1236 472 1329 500 sane
1348 473 1429 500 non
1452 459 1668 514 prudenter
1691 460 1857 515 rescrip-

94 536 176 573 tam
219 531 268 573 ad
311 546 370 581 ea,
412 515 513 585 quae
545 530 797 584 requisieras.
843 529 920 571 Sed
953 529 1038 586 ipse
1071 530 1231 582 viderit,
1278 546 1519 586 quamquam
1551 532 1653 575 illud
1685 533 1858 589 turpiter

92 604 274 660 ignorat:
320 604 513 646 Catonem
556 604 729 659 primum
774 604 1015 646 sententiam
1059 609 1178 660 putat
1221 604 1270 646 de
1318 605 1660 649 animadversione
1694 607 1856 658 dixisse,

57 690 71 716 5
95 692 214 732 quam
257 692 392 718 omnes
436 682 528 718 ante
573 677 757 719 dixerant
801 682 957 733 praeter
1001 678 1224 730 Caesarem,
1271 684 1312 720 et
1360 695 1486 735 quum
1518 680 1645 735 ipsius
1678 680 1859 722 Caesaris

93 755 176 792 tam
219 765 353 791 severa
393 750 528 801 fuerit,
572 751 642 806 qui
685 756 771 792 tum
805 751 1004 806 praetorio
1037 751 1124 793 loco
1157 751 1318 802 dixerit,
1354 753 1626 795 consularium
1658 758 1775 809 putat
1806 753 1860 794 16-

93 824 225 865 niores
269 823 405 874 fuisse,
449 823 598 875 Catuli,
643 824 815 875 Servilii,
867 824 1142 876 Lucullorum,
1188 825 1390 876 Curionis,
1441 827 1649 882 Torquati,
1700 827 1859 884 Lepidi,

95 896 231 948 Gellii,
277 896 465 949 Volcatii,
510 897 661 953 Figuli,
707 898 863 949 Cottae,
898 898 946 939 L.
981 897 1176 950 Caesaris,
1211 898 1258 940 C.
1294 899 1468 950 Pisonis,
1503 900 1622 942 etiam
1656 901 1732 943 Μ’.
1766 901 1860 943 Gla-

95 969 260 1021 brionis,
295 969 435 1021 Silani,
469 970 678 1022 Murenae,
713 971 1013 1026 designatorum
1047 972 1273 1014 consulum.
1307 972 1390 1014 Cur
1424 987 1518 1028 ergo
1550 974 1593 1015 in
1619 974 1860 1016 sententiam

39 1052 74 1078 10
95 1043 285 1086 Catonis?
328 1043 435 1096 Quia
479 1043 608 1086 verbis
650 1044 987 1087 luculentioribus
1036 1050 1076 1087 et
1118 1045 1304 1101 pluribus
1352 1061 1432 1087 rem
1482 1047 1651 1089 eandem
1684 1063 1862 1104 compre-

94 1116 301 1159 henderat.
349 1116 418 1158 Me
464 1121 597 1159 autem
641 1117 707 1158 hic
750 1117 903 1168 laudat,
938 1117 1046 1174 quod
1079 1118 1300 1169 retulerim,
1334 1134 1416 1161 non
1450 1121 1558 1175 quod
1592 1120 1860 1177 patefecerim,

96 1190 326 1232 cohortatus
366 1190 455 1241 sim,
503 1189 609 1245 quod
654 1189 827 1245 denique
873 1195 980 1242 ante,
1015 1206 1135 1246 quam
1169 1192 1432 1244 consulerem,
1467 1193 1552 1249 ipse
1586 1193 1864 1236 indicaverim.

96 1263 212 1310 Quae
261 1263 395 1305 omnia
455 1264 549 1318 quia
594 1264 694 1306 Cato
737 1264 927 1306 laudibus
975 1265 1173 1307 extulerat
1225 1266 1269 1307 in
1316 1266 1471 1307 caelum
1503 1266 1865 1323 perscribendaque

97 1341 319 1386 censuerat,
367 1336 518 1378 idcirco
555 1337 598 1378 in
642 1338 728 1378 eius
774 1338 1015 1380 sententiam
1049 1343 1110 1380 est
1143 1338 1247 1380 facta
1281 1338 1486 1393 discessio.
1538 1341 1620 1382 Hic
1653 1345 1788 1382 autem
1823 1356 1864 1382 se

41 1421 75 1448 1⁵
96 1411 218 1453 etiam
249 1410 426 1452 tribuere
458 1411 631 1452 multum
663 1411 763 1452 mihi
796 1416 926 1467 putat,
961 1411 1069 1467 quod
1103 1412 1306 1468 scripserit
1345 1440 1365 1464 ,Ι
1381 1413 1577 1469 optimum
1613 1412 1866 1456 consulem.”

97 1485 200 1538 Quis
248 1484 355 1526 enim
397 1484 573 1526 ieiunius
618 1484 721 1526 dixit
761 1485 974 1527 inimicus?
1020 1485 1083 1526 Ad
1130 1491 1260 1527 cetera
1293 1500 1385 1527 vero
1418 1486 1496 1528 tibi
1530 1487 1866 1542 quemadmodum

98 1558 319 1614 rescripsit!
366 1559 541 1600 Tantum
581 1564 709 1614 rogat,
756 1559 805 1600 de
849 1563 1011 1600 senatus
1045 1560 1229 1601 consulto
1262 1564 1309 1601 ut
1342 1560 1530 1615 corrigas.
1582 1562 1671 1603 Hoc
1705 1560 1867 1616 quidem

98 1631 270 1683 fecisset,
311 1633 431 1674 etiam
473 1633 507 1674 si
550 1633 575 1676 †
592 1633 712 1674 Rario
746 1633 976 1674 admonitus
1009 1638 1126 1674 esset.
1161 1633 1239 1675 Sed
1271 1633 1370 1675 haec
1402 1634 1551 1676 iterum
1583 1635 1669 1691 ipse
1703 1634 1868 1677 viderit.

102 1708 142 1747 2.
187 1705 247 1747 De
292 1705 431 1757 hortis,
477 1707 664 1761 quoniam
710 1705 869 1762 probas,
917 1707 1026 1748 effice
1071 1706 1239 1762 aliquid.
1285 1707 1478 1749 Rationes
1511 1723 1619 1750 meas
1652 1708 1774 1750 nosti.
1826 1709 1867 1750 Si

44 1788 80 1815 20
100 1794 192 1821 vero
225 1780 346 1821 etiam
379 1795 402 1821 a
436 1780 604 1823 Faberio
637 1780 789 1836 aliquid
824 1781 850 1822 †
874 1780 1037 1831 recedit,
1073 1780 1175 1822 nihil
1210 1780 1361 1836 negotii
1395 1785 1468 1822 est.
1516 1781 1594 1824 Sed
1627 1782 1748 1824 etiam
1782 1781 1867 1824 sine

146 1946 185 1976 15
207 1946 248 1976 mi
276 1964 317 1970 —
339 1945 379 1977 20
402 1945 528 1989 aliquid
552 1945 671 1977 recedit
695 1963 735 1969 —

148 2092 166 2132 ξ
190 2092 219 2122 1.
250 2092 373 2124 Brutus
397 2093 430 2124 in
455 2103 514 2125 suo
527 2092 652 2126 Catone
669 2094 723 2134 (cf.
745 2094 845 2126 XIII.
858 2095 907 2132 46,
923 2095 968 2132 2),
990 2097 993 2118 ¹
1017 2095 1137 2132 dentia,
1161 2095 1217 2126 sed
1240 2104 1361 2135 magna
1375 2104 1485 2126 rerum
1498 2100 1666 2133 gestarum
1683 2095 1871 2135 ignorantia

106 2154 172 2185 quo
207 2145 292 2176 libro
331 2146 488 2177 avunculi
524 2146 646 2178 famam
683 2153 796 2178 contra
822 2147 970 2179 Caesaris
991 2158 993 2189 ζ
1015 2148 1132 2189 prodit.

108 2204 142 2229 et
167 2198 271 2230 Hirtii
297 2199 544 2232 criminationes
567 2201 722 2238 defendit,
746 2201 780 2232 in
803 2201 969 2232 laudando
1061 2202 1120 2244 Qui
1143 2205 1205 2234 tum
1223 2204 1386 2244 praetorio
1408 2204 1476 2235 loeo
1505 2203 1635 2236 dixerit.
1679 2204 1729 2236 De
1757 2205 1872 2237 ordine

108 2253 245 2283 modum
267 2252 374 2284 fuerat
396 2263 547 2294 egressus
577 2260 610 2286 et
632 2265 715 2295 quae
738 2255 879 2286 aliorum
902 2255 969 2285 lau·
990 2249 992 2295 1
1017 2257 1050 2287 111
1073 2257 1246 2288 sententiis
1279 2258 1434 2297 rogandis
1466 2263 1595 2290 servato
1630 2268 1647 2289 a
1681 2258 1873 2290 consulibus

108 2307 165 2338 des
188 2313 282 2338 erant
304 2309 345 2338 ad
360 2308 521 2339 Catonem
535 2310 702 2340 retulerat.
727 2309 767 2340 cf.
782 2309 820 2340 F.
835 2309 993 2358 &buci-j
1016 2309 1056 2340 cf.
1080 2310 1168 2341 Phil.
1190 2310 1235 2341 V.
1260 2310 1299 2341 13
1329 2321 1418 2352 seqq.
1447 2310 1532 2342 Gell.
1562 2311 1604 2343 N.
1626 2312 1670 2342 A.
1692 2312 1755 2343 IV.
1781 2312 1820 2343 10
1842 2318 1874 2344 et

109 2361 179 2393 deri
204 2360 334 2393 Comm.
368 2363 409 2393 de
432 2363 528 2394 Bruti
551 2362 676 2394 Catone
699 2363 733 2394 in
756 2363 879 2394 Diariis
899 2364 970 2394 An·
990 2359 993 2404 ξ
1016 2363 1099 2403 disp.
1123 2364 1270 2396 Kolsteri
1293 2365 1327 2396 in
1350 2365 1440 2396 Diar.
1464 2365 1581 2406 Antiq.
1606 2365 1696 2404 1842,
1720 2366 1797 2398 fasc.
1822 2367 1850 2397 5.

110 2414 169 2454 tiq.
194 2414 285 2452 1842,
309 2414 384 2446 fasc.
409 2416 437 2452 9,
450 2425 480 2456 p.
500 2416 560 2446 891
578 2425 668 2457 seqq.
687 2416 737 2446 Ita
749 2417 869 2454 omnia,
887 2426 969 2457 quae
990 2444 993 2457 ,
1057 2415 1161 2446 Etiam
1183 2416 1230 2446 Μ’
1255 2416 1444 2449 Glabrionis.
1474 2418 1659 2451 Particulae
1681 2419 1776 2450 etiam
1798 2426 1874 2452 ante

110 2467 215 2498 Nonis
237 2468 476 2499 Decembribus
511 2478 538 2499 a.
563 2469 621 2500 691
659 2469 693 2499 111
717 2474 833 2500 senatu
858 2475 969 2510 gestae
990 2490 993 2515 ι
1013 2469 1076 2500 1106
1099 2479 1220 2501 nomen
1245 2471 1337 2501 nulla
1359 2481 1457 2502 eausa
1491 2478 1642 2513 apparet3
1676 2473 1873 2514 transposita

110 2526 197 2557 sunt,
220 2521 261 2551 ad
284 2520 444 2552 Catonem
467 2521 635 2559 retulerat,
668 2522 762 2562 quasi
793 2522 905 2553 nullae
934 2522 968 2552 in
990 2527 993 2548 ί
1016 2521 1087 2562 (Μ’.
1105 2522 1164 2560 Ga,
1189 2523 1298 2563 etiam)
1311 2524 1464 2555 Silanum
1475 2530 1508 2555 et
1521 2525 1698 2556 Murenam
1713 2525 1804 2557 Coss.
1818 2526 1872 2557 de-

112 2582 150 2604 60
179 2571 313 2614 negotio
342 2574 482 2605 aliorum
510 2580 617 2615 partes
646 2575 793 2606 fuissent.
836 2575 968 2606 Atticus
1015 2576 1163 2617 signatos
1185 2583 1271 2609 recte
1295 2588 1314 2608 a
1335 2577 1563 2609 consularibus
1585 2579 1746 2619 seiunget.

112 2626 217 2657 Bruto
240 2626 437 2664 ostenderat,
460 2636 531 2658 rem
553 2627 646 2658 illam
670 2638 736 2658 non
761 2633 911 2659 accurate
928 2628 969 2658 ab
991 2621 993 2678 1
1059 2628 1149 2669 Quod
1169 2629 1330 2660 retulerim
1354 2649 1394 2653 —
1416 2630 1620 2662 indicaverim
1650 2641 1684 2662 o:
1715 2632 1805 2673 quod
1833 2633 1874 2664 de

112 2679 183 2719 ipso
205 2688 275 2710 esse
309 2684 474 2710 narratam
482 2693 490 2716 ;
523 2680 577 2710 eui
606 2680 816 2721 rescripserat
846 2681 969 2712 Brutus
991 2714 993 2723 Ι
1015 2683 1190 2724 puniendis
1214 2684 1378 2716 Catilinae
1401 2685 1498 2716 sociis
1520 2687 1561 2717 ad
1582 2692 1734 2718 senatum
1757 2688 1874 2719 retule-

113 2741 160 2770 ea,
183 2742 266 2774 quae
290 2732 405 2764 Cicero
427 2733 460 2763 h.
483 2733 505 2763 l.
518 2733 692 2774 improbat.
714 2734 774 2765 Est
791 2741 902 2766 autem
915 2735 969 2765 hic
1015 2736 1088 2773 rim,
1112 2746 1180 2767 non
1203 2737 1292 2777 quod
1321 2737 1479 2769 latentem
1509 2738 1774 2771 coniurationem
1801 2749 1873 2781 ape-

113 2787 204 2818 locus
214 2787 328 2828 magni
339 2787 499 2818 momenti
515 2788 549 2818 in
558 2788 767 2819 diiudicanda
777 2789 970 2820 aucton'tate
1016 2790 1148 2827 ruerim,
1168 2790 1286 2821 anxios
1309 2796 1416 2831 patres
1439 2792 1714 2830 confirmaverim,
1747 2793 1873 2834 primus

113 2839 270 2871 orationis
294 2840 328 2870 in
351 2839 530 2872 Catilinam
563 2847 706 2881 quartae,
739 2851 880 2882 eumque
915 2851 969 2873 ex·
992 2833 994 2872 Ῐ
1016 2843 1251 2875 declaraverim
1274 2844 1357 2875 mihi
1380 2845 1509 2885 placere
1531 2855 1671 2886 poenam
1694 2856 1851 2878 severam.

114 2894 326 2935 ploraverunt
347 2893 545 2931 Ahrensius,
569 2893 790 2932 Schnitzems,
813 2895 969 2926 Hinrich-
992 2886 994 2888 ‚
1060 2897 1106 2928 De
1143 2900 1272 2928 senatus
1301 2899 1442 2930 consulto
1470 2901 1506 2930 vt
1538 2901 1689 2941 corr-lya&
1734 2900 1875 2932 Videtur

115 2948 192 2985 sius,
219 2947 286 2985 alii,
310 2947 367 2988 qui
390 2956 463 2978 eam
484 2947 666 2978 orationem
697 2958 715 2978 a
745 2948 859 2978 Tullio
881 2949 970 2979 abiu-
994 2975 995 2983 ,
1017 2950 1149 2987 Brutus,
1172 2961 1274 2991 quum
1297 2950 1456 2984 Catonem
1487 2953 1652 2990 scriberet,
1685 2952 1810 2984 SCtum
1833 2954 1873 2985 de

114 3000 266 3031 dicarunt
288 3000 360 3031 eive
383 2999 604 3030 vindicarunt.
993 2994 996 3014 ¹
1017 3005 1114 3036 sociis
1136 3006 1375 3038 coniurationis
1398 3017 1465 3038 non
1489 3014 1639 3039 accurate
1655 3008 1874 3049 descripsisse,

157 3053 227 3083 Non
245 3053 432 3094 prudenter.
453 3052 555 3084 Recte
577 3053 737 3084 Ernestus
753 3053 816 3084 hoc
830 3054 972 3094 praefert
1018 3059 1075 3090 sed
1097 3059 1286 3090 memoriter
1307 3060 1377 3091 eius
1400 3067 1633 3101 argumentum
1655 3062 1789 3099 citasse„
1809 3073 1874 3104 qua

118 3107 159 3145 ei,
180 3107 268 3147 qu⁰d
289 3107 321 3138 in
347 3105 458 3147 aliquo
479 3105 591 3137 00d500
614 3106 788 3138 inventum
812 3112 876 3138 est:
911 3117 970 3138 ⁷20ss
992 3125 996 3176 1
1017 3113 1050 3144 in
1074 3122 1109 3144 re
1131 3122 1265 3150 erroreS,
1288 3124 1369 3154 quos
1391 3116 1608 3153 commiserat,
1643 3116 1684 3146 ab
1709 3116 1812 3148 Attici
1836 3117 1874 3148 li—

112 3159 279 3201 pudemter.
316 3161 344 3192 E
377 3159 589 3202 sequentibus
621 3160 713 3192 nulla
743 3161 839 3192 Bruti
869 3161 971 3202 impu-
993 3177 995 3191 ›
1021 3164 1134 3196 brariis
1156 3165 1276 3206 corrigi
1299 3166 1399 3207 cupit.
