2062 3565
228 156 310 196 126
628 154 711 195 ΕΡ.
746 154 822 194 ΑΙ)
855 153 901 193 Τ.
935 151 1286 193 POMPONIUM
1319 151 1584 194 ATTICUM.

224 289 376 330 nemini
418 288 531 329 aliter
571 288 688 328 licere
735 312 791 315 —-
837 301 882 327 eo
926 291 966 326 te
1001 284 1145 327 habere
1188 285 1413 337 censebam,
1449 292 1488 328 et
1522 288 1616 341 quia
1650 289 1783 343 pueris
1816 287 1991 343 diploma

225 375 461 414 sumpseras.
496 359 634 401 Habes
667 375 828 402 causam
873 360 1074 415 opinionis
1107 375 1232 411 meae,
1267 366 1308 402 et
1339 366 1474 402 tamen
1509 361 1628 403 velim
1663 363 1762 404 scire
1797 362 1895 417 quid
1928 377 1992 404 co-

226 432 341 486 gites,
377 432 665 487 imprimisque,
701 434 734 475 si
768 433 866 487 quid
899 433 1131 474 etiamnunc
1165 433 1259 474 novi
1291 438 1365 474 est.
1402 448 1513 476 xv11.
1548 435 1641 476 Kal.
1675 436 1768 477 Iun.

269 595 283 624 l
309 597 338 625 et
360 596 377 627 ’Ψ
399 595 474 635 quia
497 606 516 625 a
533 596 647 636 pueris
669 614 710 619 —

270 740 349 781 Quia
371 741 480 780 pueris
501 742 532 771 d.
554 750 741 781 sumpseras.
769 740 914 773 Orellius
938 751 998 782 pro
1013 751 1090 782 pue-
1110 767 1111 779 .
1136 742 1223 773 male
1247 743 1295 772 bis
1319 743 1449 782 scripta.
1490 742 1611 773 Exitus
1641 742 1731 772 enim
1762 742 1821 773 illo
1850 747 1995 784 tempore

227 795 271 824 ris
293 795 435 825 malebat
450 795 555 835 prius.
587 794 653 826 Sed
676 805 744 826 non
767 802 846 833 erat,
870 806 928 826 eur
951 805 1017 826 non
1042 798 1112 861 zac-³¹
1137 795 1302 832 omnibus,
1336 796 1439 836 igitur
1476 804 1607 836 quoque
1644 795 1750 826 Attici
1780 796 1892 833 servis,
1925 796 1996 828 sine

226 849 409 889 quiesceret
432 849 465 879 in
490 849 579 880 Med.
606 849 775 890 scriptura,
806 849 914 880 deleta
944 850 1038 880 litera
1071 860 1089 879 a
1136 849 1317 889 diplomate
1339 849 1500 890 praeclusi
1524 849 1623 880 fuisse
1647 849 1810 880 vident-ur.

796 978 969 1019 XVJJJ.
1038 980 1102 1031 (A.
1145 977 1189 1018 [J.
1229 979 1270 1018 C.
1311 978 1427 1031 705.)

295 1109 331 1146 l.
366 1104 496 1145 Tullia
530 1119 617 1145 mea
648 1105 803 1160 peperit
836 1117 957 1145 x1111.
994 1104 1086 1145 Kal.
1122 1104 1215 1144 Iun.
1252 1118 1420 1159 puerum
1456 1100 1838 1161 ἑπταμηνιαῖον.
1877 1104 1997 1156 Quod

231 1176 511 1231 ηυτόκησεν,
555 1176 725 1231 gaudeo.
775 1176 896 1228 Quod
939 1176 1102 1231 quidem
1147 1182 1208 1217 est
1251 1182 1407 1226 natum,
1455 1175 1771 1231 perimbecillum
1805 1182 1879 1218 est.
1930 1177 1998 1218 Me

228 1251 415 1292 mirificae
465 1250 777 1306 tranquillitates
818 1250 950 1292 adhuc
999 1256 1218 1291 tenuerunt
1263 1258 1383 1306 atque
1418 1251 1557 1292 maiori
1591 1250 1881 1306 impedimento
1915 1250 1999 1292 fue-

194 1335 207 1359 5
229 1329 325 1366 runt
357 1339 476 1380 quam
510 1324 730 1375 custodiae,
766 1323 913 1378 quibus
947 1339 1139 1365 asservor.
1175 1325 1282 1365 Nam
1315 1323 1381 1364 illa
1418 1324 1442 1367 †
1463 1324 1710 1365 Hortensina
1733 1325 1868 1366 omm'a
1890 1323 1999 1366 fuere

229 1397 414 1438 infantia.
448 1397 512 1438 Ita
541 1398 631 1437 fiet:
668 1397 787 1437 homo
820 1397 1090 1451 nequissimus
1124 1412 1146 1437 a
1180 1396 1314 1437 Salvio
1347 1395 1492 1437 liberto
1528 1396 1767 1451 depravatus
1801 1402 1875 1438 est.
1920 1397 2001 1438 Ita-

232 1487 307 1526 que
353 1470 518 1526 posthac
563 1486 643 1511 non
693 1469 863 1511 scribam
915 1469 963 1510 ad
1009 1475 1063 1519 te,
1113 1469 1209 1523 quid
1244 1469 1423 1510 facturus
1457 1469 1547 1518 sim,
1582 1468 1650 1510 sed
1684 1469 1781 1524 quid
1814 1470 2000 1522 fecerim3

275 1639 292 1667 5
316 1636 376 1667 illa
400 1635 600 1667 Hortensina
623 1636 726 1667 omnia
748 1638 766 1668 ψ
780 1636 881 1676 fuere
904 1654 945 1658 -—

276 1773 294 1812 ξ
318 1772 344 1802 1.
369 1763 655 1815 Ἐπταμηνιαῖον.
682 1770 872 1801 Atticorum
896 1775 964 1800 erat
987 1765 1093 1802 ἑπτά·

233 1839 339 1873 μηνον
400 1827 541 1858 Formae
574 1825 751 1866 productae
780 1825 814 1855 in
852 1825 927 1861 αἶος
949 1831 980 1856 et
1009 1818 1097 1863 ιαῖος

234 1887 333 1928 paulo
355 1886 519 1916 diversam
542 1884 611 1914 vim
632 1883 809 1920 habebant,
847 1892 930 1923 quae
952 1883 1097 1914 cernitur
1121 1872 1122 1875 Ἴ

235 1940 268 1971 in
293 1935 500 1983 δευτεραῖος,
530 1931 719 1982 ἑβδομαῖος
742 1942 773 1967 et
795 1935 969 1967 similibus.
995 1937 1097 1977 Apud
1121 1954 1123 1974 j

234 1995 423 2026 Lucianum
446 1995 479 2025 in
503 1994 580 2024 dial.
604 1993 643 2023 D.
668 1992 733 2023 IX.
757 1993 777 2022 2
799 1997 1004 2023 memoratur
1018 2002 1096 2032 quo·
1121 1991 1123 2001 ¹

237 2056 299 2087 que
337 2043 484 2092 ἔμβρυον
515 2043 777 2090 ἑπταμηνιαῖον.
810 2043 926 2075 Cicero
956 2044 999 2074 ob
1031 2044 1094 2075 for-

237 2114 327 2135 mam
350 2104 542 2134 inusitatam
564 2102 771 2142 vituperatur
792 2111 811 2131 a
843 2100 1030 2131 Fritzschio
1063 2101 1097 2131 in

237 2165 355 2186 comm.
378 2156 419 2186 ad
440 2155 545 2186 Arist.
569 2153 771 2194 Thesmoph.
794 2163 826 2193 p.
849 2152 920 2183 268.
1121 2148 1124 2187 ἰ

284 2208 378 2248 Quod
399 2210 505 2238 natum
530 2209 587 2237 est.
621 2205 676 2237 Sic
699 2206 810 2237 solent
830 2210 947 2236 neutro
979 2213 1100 2245 genere

238 2262 328 2302 loqui
349 2262 390 2292 de
412 2266 506 2301 partu
529 2260 642 2291 futuro
656 2259 708 2290 vel
725 2268 843 2290 recens
858 2258 958 2290 edito.
980 2258 1100 2289 Exem-

1143 1770 1324 1801 adiumento
1347 1779 1422 1808 esse,
1455 1770 1512 1801 sed
1530 1771 1637 1811 potius
1659 1770 1793 1801 maa-imo
1815 1771 2004 1803 incommodo

1145 1825 1327 1856 ablativum
1350 1823 1525 1856 defendere
1546 1824 1632 1862 licet,
1667 1825 1818 1865 quamvis
1840 1825 2003 1856 incertum

1145 1878 1196 1915 sit,
1228 1888 1270 1908 an
1292 1878 1380 1908 nullo
1409 1877 1588 1908 adiumento
1621 1887 1689 1908 non
1722 1877 1853 1909 dativus
1882 1878 1933 1916 sit,
1970 1884 2006 1909 ut

1147 1931 1215 1963 Cic.
1239 1943 1270 1973 p.
1294 1932 1383 1963 Mur.
1405 1931 1446 1962 26
1469 1931 1597 1972 scripsit
1620 1931 1708 1962 nullo
1730 1931 1811 1962 usui.

1190 1985 1268 2016 Nam
1292 1985 1352 2016 illa
1374 1984 1572 2015 Horten-rina
1600 1985 1703 2016 omnia
1723 1984 1823 2025 fuere
1851 1984 2005 2026 infantia.

1147 2039 1200 2070 Ita
1212 2040 1293 2080 fiet:
1325 2039 1412 2070 homo
1434 2039 1637 2080 nequissimus
1667 2049 1688 2069 a
1717 2038 1747 2069 S.
1772 2039 1796 2070 l.
1817 2038 2006 2079 depravatus

1122 2113 1124 2141 *s
1145 2096 1202 2124 est.
1230 2093 1342 2124 Verba
1363 2093 1448 2129 dedi,
1472 2099 1509 2123 ut
1531 2093 1688 2133 leguntur
1710 2092 1744 2123 in
1767 2092 1929 2130 Mediceo,
1950 2101 2006 2123 cu-

1148 2148 1197 2178 ius
1220 2147 1317 2178 unius
1339 2146 1416 2177 libri
1439 2146 1631 2177 auctoritate
1646 2146 1679 2177 h.
1695 2146 1718 2176 l.
1740 2146 1877 2177 utimur.
1898 2146 2008 2178 Multa

1147 2201 1182 2231 in
1204 2200 1256 2230 his
1279 2204 1431 2240 corrupta
1453 2204 1538 2236 sunt,
1568 2208 1651 2239 quae
1674 2199 1794 2239 partim
1815 2198 1857 2229 ab
1879 2197 2005 2230 Orellio

1148 2258 1263 2284 sanata
1299 2257 1384 2289 sunt,
1422 2251 1541 2292 partim
1571 2251 1770 2282 medicinam
1802 2255 2005 2292 exspectant.

238 2315 293 2355 pla
315 2313 481 2354 congessit
503 2312 692 2344 Gronovius
714 2311 807 2342 Lect.
825 2310 933 2341 Plaut.
954 2320 984 2351 p.
998 2311 1038 2341 14
1052 2320 1098 2351 sq·
1123 2293 1127 2355 ι
1149 2308 1237 2339 Nam
1258 2307 1407 2338 Kochius
1431 2307 1525 2344 nihil,
1549 2316 1613 2347 quo
1635 2306 1684 2337 uti
1705 2305 1877 2347 possimus,
1897 2304 2007 2337 attulit

284 2366 557 2409 Tranquillitates.
601 2366 728 2397 Plurali
761 2374 899 2396 numero
934 2365 1099 2396 indicatur

1151 2363 1184 2393 in
1216 2362 1303 2393 Mus.
1334 2361 1440 2392 Rhen.
1472 2360 1555 2392 XII.
1588 2371 1618 2401 p.
1650 2359 1722 2392 278.
1753 2359 1938 2391 Videamus
1965 2359 2006 2390 de

239 2431 297 2463 per
318 2421 428 2462 plures
449 2420 519 2451 dies
541 2428 631 2450 mare
656 2417 760 2449 vent-is
783 2427 850 2448 non
873 2416 973 2448 fuisse
997 2417 1100 2457 agita·
1124 2429 1128 2475 1
1151 2417 1302 2458 singulis.
1325 2416 1524 2447 Hortensina
1546 2415 1676 2457 probari
1699 2425 1766 2446 non
1780 2419 1896 2456 potest.
1919 2414 2007 2445 Nam

239 2480 320 2506 tum.
353 2474 503 2505 Plurima
525 2473 623 2503 huius
646 2481 724 2502 usus
746 2470 899 2511 exempla
923 2479 940 2501 e
963 2470 1097 2511 scripto-

240 2528 334 2559 ribus
355 2526 486 2558 Latinis
518 2524 684 2565 congessit
712 2523 749 2555 C.
771 2522 810 2554 G.
833 2523 944 2559 Iacob,
974 2524 1014 2554 de
1037 2533 1099 2554 usu

241 2590 332 2611 num.
353 2579 439 2620 plur.
462 2578 550 2619 apud
570 2583 683 2619 poetas
711 2576 785 2607 Lat.
809 2586 840 2617 p.
864 2576 899 2613 83
933 2576 973 2606 de
1013 2575 1104 2607 Cice-

241 2642 322 2664 rone
335 2633 431 2673 impr.
445 2630 533 2662 conf.
545 2630 682 2661 Ellendt
693 2630 734 2660 de
750 2628 840 2662 Orat.
858 2629 906 2659 ΙΙ.
918 2638 949 2669 p.
958 2628 1018 2661 378
1033 2638 1101 2669 seq.

284 2685 405 2716 Maiori
428 2683 644 2725 impedimento
651 2682 799 2723 fuerunt.
823 2681 879 2713 Sic
896 2682 1011 2723 scripsi
1030 2691 1106 2713 cum

243 2738 410 2770 Lambino
432 2743 464 2769 et
485 2736 622 2774 Orellio,
646 2736 800 2776 idemque
822 2735 1047 2767 necessarium
1059 2735 1105 2766 vi-

244 2793 382 2824 debatur
402 2791 644 2831 Wesenbergio
666 2790 807 2822 Emend.
831 2800 863 2831 p.
886 2789 937 2821 32.
970 2789 1107 2831 Reliqui

244 2846 384 2878 editores
407 2856 425 2878 e
446 2845 540 2877 codd.
575 2849 770 2885 receperunt
797 2844 925 2881 maiore,
954 2849 991 2874 ut
1021 2849 1107 2874 esset

245 2900 409 2932 ablativus
431 2899 488 2941 qui
509 2898 629 2930 dicitur
650 2898 831 2939 qualitatis.
869 2896 910 2929 cf.
934 2897 1042 2928 Kritz.
1065 2897 1106 2928 ad

245 2955 313 2987 Sal.
336 2956 410 2996 Ing.
433 2954 483 2993 97,
507 2956 537 2986 3.
573 2953 641 2986 Sed
663 2962 701 2985 ea
722 2953 924 2985 constructio
953 2952 986 2983 h.
1008 2952 1030 2983 l.
1053 2953 1106 2983 ad-

247 3009 334 3041 mitti
356 3019 424 3040 non
447 3013 563 3050 potest,
585 3016 690 3050 quum
711 3017 754 3039 ex
776 3017 815 3040 eo
837 3007 927 3048 quod
942 3007 1107 3047 praecedit

247 3071 293 3092 'ae
314 3062 503 3094 necessario
523 3061 579 3092 hic
600 3060 836 3092 assumendum
864 3059 906 3090 sit
935 3058 1022 3090 mihi.
1064 3059 1106 3090 In

247 3116 352 3148 altero
366 3116 449 3155 loco,
469 3125 568 3158 quem
578 3115 717 3157 protulit
731 3115 892 3152 Kritzius,
906 3114 948 3144 ad
956 3113 1106 3145 Herenn.

247 3168 294 3199 ΙΙ.
318 3168 368 3200 16.
393 3168 456 3200 Nos
485 3178 556 3200 vero
586 3167 776 3199 arbitramur
807 3176 868 3198 non
900 3164 987 3198 modo
1019 3165 1107 3196 nullo

1125 2478 1128 2496 1
1152 2481 1168 2502 a
1193 2470 1384 2501 nominibus
1406 2469 1544 2510 propriis
1567 2469 1601 2499 in
1616 2468 1666 2498 ius
1681 2467 1909 2499 desinentibus
1923 2474 2008 2508 quae

1152 2523 1335 2555 formantur
1359 2522 1520 2553 adiectiva
1542 2521 1655 2552 omnia
1676 2524 1801 2552 exeunt
1833 2519 1869 2550 in
1903 2518 2008 2550 ianus.

1157 2577 1269 2608 Omnia
1307 2576 1407 2617 friget
1445 2581 1518 2617 post
1560 2575 1619 2605 illa
1657 2572 1825 2606 Hortensii
1856 2573 1910 2604 vel
1948 2572 2009 2604 illa

1153 2629 1384 2661 Hortensiana.
1424 2628 1524 2659 Fuere
1547 2633 1595 2659 est
1616 2627 1722 2658 forma.
1742 2625 1877 2667 perfecti
1899 2625 1934 2656 in
1958 2623 2012 2656 Ci-

1154 2682 1281 2714 ceronis
1304 2682 1432 2723 scriptis
1455 2686 1613 2722 suspecta.
1648 2679 1714 2710 vid.
1738 2679 1779 2710 ad
1800 2678 1862 2710 IV.
1885 2679 1904 2709 8
1926 2688 1958 2716 a,
1981 2677 2010 2715 2,

1154 2743 1185 2769 et
1207 2738 1251 2768 A.
1275 2736 1313 2768 G.
1337 2736 1468 2776 Zumpt.
1490 2736 1528 2766 ad
1553 2738 1647 2765 oratt.
1669 2734 1709 2764 de
1732 2732 1806 2773 lege
1826 2741 1896 2772 agr.
1912 2742 1944 2773 p.
1961 2731 2010 2762 11.

1154 2791 1306 2832 Infantia
1328 2800 1396 2822 non
1418 2789 1527 2820 solent
1548 2789 1623 2826 dici,
1646 2796 1729 2829 quae
1744 2785 1888 2827 puerilia
1904 2785 2010 2826 appel-

1154 2845 1253 2877 landa
1276 2848 1362 2875 sunt.
1384 2842 1439 2873 Ita
1451 2843 1514 2884 fiet
1536 2842 1635 2883 plane
1656 2841 1807 2880 ineptum
1830 2843 1888 2870 est.
1910 2836 2010 2877 Quod

1154 2903 1265 2930 autem
1286 2897 1429 2928 Ernesto
1451 2895 1589 2927 debetur
1609 2894 1657 2924 ita
1669 2892 1724 2933 fit,
1750 2891 1811 2923 etsi
1824 2900 1882 2932 per
1896 2899 1931 2922 se
1945 2899 2011 2921 me-

1154 2952 1217 2983 lius
1240 2955 1297 2987 est,
1319 2960 1388 2981 non
1421 2948 1508 2980 tollit
1540 2946 1758 2983 difficultateS‚
1789 2944 1910 2986 quibus
1929 2944 2010 2975 haec

1153 3006 1254 3038 verba
1275 3004 1438 3036 laborant.
1459 3002 1547 3035 Mihi
1569 3001 1685 3033 Cicero
1707 3000 1753 3031 ita
1774 2997 1941 3039 scripsisse
1963 2997 2008 3028 vi-

1153 3060 1261 3092 detur:
1288 3056 1366 3087 Nam
1395 3056 1456 3087 illa
1478 3053 1645 3087 Hortensii
1669 3051 1773 3084 omina
1789 3051 1868 3092 fiare
1900 3049 2011 3081 inania

1153 3112 1294 3152 afflaret.
1317 3108 1462 3142 Orellius
1484 3107 1641 3139 coniecit:
1682 3104 1763 3136 Nam
1791 3103 1852 3134 illa
1874 3101 2011 3134 Horten-

1153 3164 1226 3195 sina
1247 3162 1350 3195 omnia
1375 3161 1452 3202 fore
1480 3159 1591 3191 inania
1619 3158 1680 3189 iam
1711 3155 1775 3188 vidi
1808 3157 1838 3187 et
1867 3172 1916 3186 --.
1947 3152 2013 3185 Sed
