2062 3565
198 150 279 190 1:3ss
603 148 687 189 ΕΡ.
723 147 799 188 AD
833 147 878 187 T.
913 145 1264 187 POMPONIUM
1299 144 1565 187 ATTICUM.

197 288 373 333 euntem,
409 298 458 322 311
491 283 570 323 13111
603 283 647 322 111
681 281 792 322 Asia.
826 280 932 321 Tuas
964 279 1115 331 literas,
1149 284 1269 335 prout
1300 294 1363 321 res
1396 279 1588 335 postulat,
1634 285 1834 336 exspecto,
1868 297 1966 338 quas

199 356 315 397 velim
351 371 463 396 cures
497 370 615 410 quam
652 354 827 410 primum
861 353 910 394 ad
945 368 1007 395 me
1040 352 1309 408 perferendas.
1344 365 1435 395 1111.
1469 353 1563 394 Kal.
1598 352 1809 396 Decembr.

199 507 330 538 defendi
354 516 457 547 posse,
482 506 595 547 itaque
617 507 750 538 delevit.
774 506 925 538 Retinuit
947 511 1057 537 tamen
1105 506 1297 546 Madvigius
1320 506 1362 537 ad
1382 505 1459 537 Fin.
1482 517 1514 548 p.
1539 506 1600 538 320
1617 508 1657 539 de
1677 513 1746 540 toto
1766 509 1828 541 hoc
1845 519 1966 551 genere

199 559 342 591 Orellius
376 559 437 590 sibi
471 559 597 599 imponi
627 569 740 600 passus
774 560 815 590 ab
850 559 986 590 Handio
1024 558 1059 589 iu
1086 561 1282 593 ¹dubitandi
1305 566 1453 593 accurate
1475 561 1658 604 disputans.

199 613 293 643 Turs.
317 613 343 643 1.
368 623 398 653 p.
423 612 495 651 308,
517 613 610 645 cuius
633 622 777 646 errorem
799 613 865 645 iam
887 613 1062 654 castigarat

809 746 907 787 VII.
974 747 1039 798 (A.
1082 746 1127 787 U.
1167 747 1208 787 G.
1248 747 1366 801 706.)

261 875 300 913 l.
345 874 490 914 Gratae
534 878 625 915 tuae
668 873 767 914 mihi
799 873 937 915 literae
973 879 1080 925 sunt,
1116 873 1262 928 quibus
1297 882 1481 916 accurate
1517 875 1785 932 perscripsisti
1819 875 1966 928 01111113,

195 961 295 999 quac
329 945 378 986 acl
412 961 474 987 me
507 946 705 1002 pertinere
739 946 956 988 arbitratus
990 962 1045 987 es.
1080 947 1105 990 †
1124 947 1293 988 Factum
1328 947 1466 1002 igitur,
1501 953 1548 989 ut
1582 947 1738 1000 scribis,
1772 948 1862 990 istis
1885 949 1968 1004 pla-

193 1035 281 1060 cerc
319 1018 478 1074 [iisdem
511 1019 618 1073 istis]
653 1019 863 1060 lictoribus
897 1034 958 1060 1110
992 1020 1068 1071 uti,
1105 1019 1212 1073 quod
1245 1035 1479 1061 concessum
1515 1021 1645 1062 Sestio
1686 1021 1752 1071 sit,
1787 1021 1854 1063 cui
1887 1036 1967 1064 non

156 1134 161 1141 ,
195 1098 293 1147 puto
328 1107 419 1133 suos
453 1107 537 1133 esse
571 1107 794 1142 concessos,
830 1092 898 1133 scd
934 1091 983 1134 ab
1016 1093 1104 1148 ipso
1138 1092 1266 1134 datos.
1304 1092 1439 1134 Audio
1473 1094 1580 1135 enim
1614 1109 1706 1135 eum
1730 1110 1776 1136 03
1807 1100 1970 1137 senatus.

196 1165 377 1206 consulta
424 1164 663 1220 improbare,
710 1180 810 1219 (11130
856 1170 947 1220 post
992 1164 1214 1207 discessum
1247 1164 1503 1207 tribunorum
1537 1166 1643 1207 facta
1676 1172 1785 1209 sunt.
1836 1168 1970 1220 Quare

195 1238 356 1293 poterit,
392 1239 425 1279 81
458 1238 565 1279 volet
599 1237 673 1279 sibi
710 1242 907 1289 constare,
943 1243 1099 1280 nostros
1132 1239 1293 1280 lictores
1327 1239 1599 1295 comprobare.
1637 1243 1678 1281 2.
1714 1240 1967 1297 Quamquam

197 1311 293 1365 quid
337 1327 410 1366 ego
449 1312 498 1353 de
543 1310 767 1361 lictoribus,
814 1312 884 1366 qui
928 1326 1053 1367 paene
1097 1327 1146 1353 ex
1180 1311 1300 1353 Italia
1334 1311 1525 1353 decedere
1560 1313 1633 1354 sim
1668 1313 1828 1356 iussus?
1862 1314 1968 1356 Nam

196 1384 243 1425 ad
279 1399 340 1425 1110
374 1385 485 1426 misit
520 1384 720 1426 Antonius
753 1384 979 1439 exemplum
1014 1384 1194 1426 Caesaris
1229 1384 1278 1425 ad
1313 1399 1354 1425 se
1387 1384 1609 1435 literarum,
1628 1385 1671 1427 in
1698 1385 1846 1441 quibus
1869 1391 1967 1439 erat,

238 1551 255 1580 3
278 1553 294 1587 †
318 1550 382 1582 Fac
405 1551 439 1581 tu
462 1567 503 1572 —
518 1549 652 1590 placere
676 1547 785 1579 iisdem
808 1547 880 1578 istis
904 1546 1067 1578 lictoribus
1091 1565 1131 1571 -—-

237 1713 255 1749 ς·
280 1711 307 1740 l.
331 1712 348 1744 †
369 1710 498 1740 Factum
522 1708 631 1749 iyitur,
656 1709 691 1737 ut
716 1707 836 1745 scribis,
852 1707 922 1738 istis
929 1707 1061 1747 placere

196 1764 304 1795 iisdem
329 1764 399 1794 istis
421 1762 583 1794 lictoribus
606 1771 651 1792 me
683 1762 739 1799 uli,
770 1761 852 1803 quod
883 1771 1057 1792 com-essum

198 1818 298 1848 Sestio
319 1817 372 1847 sit.
396 1815 557 1847 Graevius
580 1823 667 1846 recte
691 1824 816 1855 negans
834 1814 877 1851 id,
891 1815 979 1854 quod
998 1814 1059 1845 Bo-

198 1873 263 1903 sius
286 1871 548 1911 excogitaverat:
574 1869 639 1899 Fae
662 1871 695 1899 tu
716 1887 752 1890 —
768 1879 813 1898 me
831 1868 879 1898 uli
899 1868 1059 1899 Latinum
1084 1865 1085 1880 ³

198 1934 277 1962 0880,
302 1924 387 1954 male
410 1923 542 1964 putabat
564 1923 646 1952 benc
663 1931 697 1952 se
716 1921 837 1952 habere
855 1921 935 1952 haec
951 1921 1058 1957 verba,

199 1984 232 2009 ut
256 1982 332 2009 sunt
356 1987 373 2007 a
397 1975 547 2006 Victorio
571 1975 740 2005 distincta:
774 1973 903 2004 Factum
926 1990 968 1996 —-
991 1973 1061 2003 istis

197 2035 336 2075 placere.
373 2033 477 2071 Quasi
510 2042 588 2062 vero
618 2031 804 2061 infinitivus
835 2040 851 2060 a
887 2030 987 2061 verbo
1018 2030 1061 2060 fa-

201 2088 308 2120 ciendi
330 2088 472 2128 pendere
496 2086 608 2127 possit.
639 2084 810 2115 Sermonis
841 2084 970 2124 legibus
994 2094 1060 2115 non

202 2145 373 2182 repugnat,
398 2140 485 2180 quod
515 2138 583 2169 fere
615 2137 738 2177 requiri
768 2136 934 2167 iudicabat
966 2135 1061 2168 Orel-

203 2196 281 2226 lius:
308 2193 436 2223 Factum
463 2193 508 2221 es!
531 2189 639 2232 ἱρέων,
665 2192 698 2219 ul
721 2189 841 2225 scribis,
860 2188 923 2219 SC.
935 2189 1061 2219 senatui

196 2252 327 2292 plaeere
356 2253 428 2284 cet,
463 2248 519 2278 sed
549 2252 580 2277 et
609 2246 742 2285 longius
770 2245 833 2275 1100
864 2255 882 2275 3
911 2245 1061 2275 codicum

203 2303 350 2344 vestigiis
373 2301 504 2337 recedit,
529 2304 559 2331 et
581 2309 683 2340 paene
707 2299 888 2329 absurdum
923 2305 972 2329 est
1001 2303 1062 2328 sta-

206 2366 295 2388 tuere
318 2356 449 2387 lictores
474 2353 627 2384 Ciceroni
661 2362 730 2384 0880
761 2361 934 2383 0011008808
963 2350 1062 2388 SCto,

205 2412 313 2443 addita
338 2410 435 2441 etiam
459 2418 565 2445 causa,
589 2408 745 2448 quoniam
767 2407 855 2438 idem
873 2416 1062 2437 concessum

206 2470 289 2495 essct
326 2462 445 2493 Sestio.
480 2460 595 2491 Aliam
630 2459 895 2501 emendationem
929 2458 1063 2489 circuiu-

206 2518 390 2559 spiciamus.
424 2515 573 2545 Primum
607 2514 706 2544 verba
737 2512 807 2543 istis
836 2513 968 2552 placere
1005 2512 1063 2542 nii-

207 2572 295 2602 nime
319 2567 527 2600 sollicitanda
551 2572 638 2602 sunt,
663 2576 765 2606 quum
788 2565 992 2605 comparanti
1016 2575 1062 2601 03,

206 2634 288 2666 quac
313 2624 345 2654 in
370 2632 418 2662 ep.
446 2630 550 2661 praee.
576 2620 594 2658 ἓ
618 2619 635 2649 3
658 2620 698 2650 de
721 2620 835 2649 eadem
858 2628 892 2649 re
907 2619 1065 2658 leguntur

205 2678 232 2708 si
255 2677 326 2707 issis-
343 2674 492 2716 placebit,
529 2680 682 2714 appareat
711 2673 789 2703 istos
819 2672 883 2703 dici
920 2671 1063 2712 Oppium

207 2738 239 2762 et
258 2729 411 2765 Balbum,
427 2736 566 2768 quorum
584 2725 780 2756 sententiam
791 2725 927 2766 Atticus
939 2725 1064 2755 interea

208 2782 436 2823 exploraverat
460 2786 492 2809 et
509 2778 615 2808 3111100
631 2778 853 2808 nuntiaverat.
876 2777 1066 2817 Requiritur

209 2837 308 2877 igitur
341 2834 475 2874 aliquid,
514 2832 602 2862 unde
636 2831 692 2861 ille
728 2831 912 2861 infinitivus
934 2831 1065 2870 placere

207 2898 382 2931 suspensus
413 2888 463 2918 sit.
497 2886 611 2924 Quum
642 2892 751 2915 autem
781 2884 995 2915 manifestum
1024 2884 1065 2915 sit

207 2944 404 2974 Ciceronem
426 2950 494 2971 non
517 2938 659 2969 multum
682 2938 827 2969 tribuere
849 2938 987 2968 istorum
999 2938 1065 2978 opi-

207 2996 308 3031 nioni,
333 2993 489 3035 quoniam
512 2991 649 3025 Sestius,
674 2991 767 3020 cuius
803 2990 995 3030 exemplum
1025 2990 1066 3019 ab

209 3051 245 3079 iis
280 3049 418 3078 :illatum
457 3050 533 3082 erat,
564 3044 598 3074 in
629 3044 693 3073 alia
728 3053 824 3074 031183
855 3049 933 3079 erat,
969 3048 1065 3083 atquc

209 3105 284 3141 ipsc,
308 3102 350 3132 ita
375 3099 542 3140 scripsisse
558 3098 703 3128 videtur:
732 3097 874 3127 Facetum
893 3099 940 3126 est
956 3096 1063 3134 issilur,

184 3174 186 3177 ·
208 3161 240 3187 vl
264 3156 380 3193 ..f-rzs'n'sr,
404 3155 472 3186 istis
494 3154 617 3194 plaeere·
642 3152 802 3183 &clm-ibus
827 3164 871 3182 mc·
897 3151 951 3189 feli,
986 3152 1067 3193 qnod

1107 1715 1280 1737 concessum
1306 1706 1412 1739 Sestio
1434 1707 1485 1738 sit.
1516 1707 1603 1738 Nam
1625 1707 1737 1739 iisdem
1758 1707 1831 1739 istis
1853 1708 1971 1740 lictori-

1108 1759 1164 1789 bus
1187 1769 1232 1789 me
1252 1760 1299 1789 uli
1328 1770 1394 1791 non
1424 1760 1567 1800 potuisse
1597 1760 1792 1793 Ciceronem
1829 1761 1970 1793 scribere

1108 1813 1320 1845 manifestum
1344 1819 1400 1845 est.
1426 1813 1462 1845 Si
1487 1814 1645 1846 voluisset
1668 1815 1814 1847 indicare
1837 1817 1969 1848 eosdem

1109 1869 1249 1906 lictores,
1272 1879 1354 1910 quos
1377 1870 1517 1910 populus
1540 1870 1622 1900 olim
1645 1870 1708 1901 sibi
1730 1871 1874 1908 dederat,
1909 1870 1970 1902 sal-

1108 1928 1174 1954 tem
1197 1922 1378 1963 scripsisset
1400 1922 1507 1953 iisdem
1531 1922 1592 1953 his.
1630 1922 1697 1954 Sed
1729 1923 1870 1955 delenda
1897 1933 1970 1956 cen-

1109 1987 1164 2008 seo
1205 1987 1288 2017 quae
1324 1977 1498 2008 continent
1533 1977 1680 2018 aliquam
1713 1978 1971 2019 explicationem

1109 2030 1332 2071 praecedentis
1356 2030 1509 2061 voca-buli
1532 2030 1614 2061 istis.

1153 2083 1268 2113 Sestio.
1292 2082 1419 2114 Sestius
1443 2092 1462 2112 a
1496 2081 1555 2114 705
1580 2082 1685 2113 fuerat
1707 2092 1784 2113 cum
1823 2083 1970 2125 imperio.

1109 2136 1173 2166 vid.
1200 2136 1300 2166 VIII.
1327 2136 1374 2172 15,
1399 2137 1427 2172 3,
1451 2140 1551 2176 atque
1573 2142 1609 2167 ut
1633 2136 1823 2176 colligimus
1846 2146 1889 2168 ex
1907 2138 1971 2178 epi-

1110 2190 1193 2221 stola
1216 2191 1257 2220 ad
1279 2189 1403 2221 Rufum
1427 2190 1543 2221 eodem
1566 2200 1655 2221 anuo
1689 2191 1773 2228 data,
1807 2190 1902 2222 Fam.
1927 2191 1970 2222 V.

1110 2243 1160 2279 20,
1184 2244 1201 2272 5
1226 2242 1430 2283 provinciam
1453 2241 1607 2274 Ciliciam
1629 2253 1687 2284 pro
1718 2249 1867 2284 praetore
1889 2243 1971 2276 obti-

1110 2298 1183 2329 nuit
1205 2304 1278 2338 post
1294 2297 1500 2329 Ciceronem.
1522 2298 1617 2329 Nihil
1633 2304 1746 2330 autem
1757 2299 1876 2336 obstat,
1893 2308 1971 2340 quo-

1110 2353 1220 2384 minus
1243 2352 1330 2383 hunc
1354 2362 1423 2384 0880
1450 2352 1487 2383 P.
1505 2352 1650 2384 Sestium
1663 2358 1854 2390 statuamus,
1872 2362 1971 2394 quem

1111 2417 1138 2436 av
1167 2406 1227 2436 698
1252 2405 1368 2437 Cicero
1391 2406 1590 2437 defenderat.

1155 2459 1210 2489 Cui
1233 2469 1293 2489 noa
1311 2461 1389 2500 puto
1411 2469 1483 2489 suos
1505 2469 1572 2490 esse
1586 2469 1755 2496 concessos,
1775 2459 1832 2490 sed
1848 2459 1886 2489 ab
1904 2459 1971 2500 ipso

1111 2512 1212 2542 datm.
1245 2512 1360 2542 Cicero
1382 2517 1482 2551 negat
1527 2510 1672 2542 Sestium
1696 2511 1819 2542 habere
1840 2511 1971 2543 lictores

1111 2574 1183 2595 suos
1206 2574 1237 2594 o:
1269 2574 1345 2594 011111
1367 2563 1535 2604 provincia
1558 2563 1620 2594 sibi
1644 2573 1662 2594 a
1684 2563 1845 2604 Pompeio
1867 2565 1969 2602 datoS,

1110 2619 1168 2649 sed
1190 2627 1254 2654 eos,
1278 2628 1360 2658 quos
1382 2628 1399 2648 a
1424 2617 1563 2649 Caesare
1587 2622 1763 2658 acceperat.

1157 2671 1226 2701 Post
1249 2671 1415 2701 descessum
1440 2671 1643 2701 tribunorum.
1678 2670 1724 2701 M.
1749 2671 1918 2702 Antonius
1940 2676 1971 2702 et

1111 2724 1151 2763 Q.
1177 2724 1310 2755 Cassius
1334 2723 1458 2754 tribuni
1482 2723 1587 2764 plebis
1608 2723 1694 2754 inter
1709 2723 1824 2754 Nona-s
1841 2729 1874 2755 et
1890 2724 1971 2755 Idus

1113 2777 1283 2808 Ianuarias
1315 2787 1344 2809 3.
1367 2776 1426 2809 705
1458 2787 1534 2807 cum
1558 2776 1702 2807 Cmione
1724 2777 1765 2807 ad
1787 2775 1970 2814 Caesarem,

1113 2831 1171 2871 qui
1195 2836 1266 2861 tum
1295 2830 1475 2861 Ravennae
1506 2835 1584 2866 erat,
1620 2828 1757 2869 profecti
1786 2833 1873 2859 sunt.
1904 2828 1970 2860 Cic.

1112 2883 1207 2914 Fam.
1231 2882 1332 2913 XVI.
1358 2882 1405 2919 ll,
1429 2883 1449 2913 2
1471 2882 1546 2913 coll.
1571 2881 1653 2913 Caes
1689 2882 1729 2912 B.
1748 2881 1785 2913 C.
1801 2882 1829 2912 Ι.
1847 2883 1876 2912 5.
1900 2882 1971 2912 Tri-

1116 2937 1278 2967 bunorum
1311 2935 1455 2966 discessu
1500 2934 1693 2965 intercessio
1729 2940 1799 2965 erat
1833 2934 1972 2972 sublata,

1114 2989 1256 3028 ideoque
1279 2988 1398 3018 Caesar
1421 2987 1510 3018 SCta
1538 2992 1613 3027 post
1642 2986 1737 3016 illum
1770 2986 1857 3017 diem
1887 2986 1970 3016 facta
2028 3011 2041 3021 r

1112 3038 1320 3079 improbavit.
1345 3038 1387 3068 cs.
1410 3038 1489 3068 ibid.
1517 3038 1545 3068 Ι.
1569 3037 1597 3069 7.

1102 3105 1109 3117 -.
1152 3091 1275 3122 Poterit
1297 3109 1339 3114 —
1361 3090 1565 3131 comprobare.
1607 3089 1723 3120 Cicero
1753 3088 1841 3119 0111111
1873 3089 1970 3130 impc-

1111 3145 1196 3176 rium
1221 3145 1284 3176 iam
1308 3154 1394 3176 auno
1419 3144 1478 3176 tos
1502 3147 1677 3184 acceperat.
