2062 3565
147 150 233 190 272
549 146 633 187 ΕΡ.
669 144 744 185 ΑΒ
777 143 823 183 T.
859 140 1210 184 POMPONIUM
1244 140 1508 182 ATTICUM.

135 282 252 324 tet?''
287 281 422 324 Habes
456 281 582 336 igitur
616 275 937 336 φαλάκρωμα
970 275 1296 318 inimicissimum
1330 275 1417 326 otii,
1451 275 1493 316 id
1527 280 1588 317 est
1623 276 1755 318 Bruti.
1801 279 1842 317 4.
1861 276 1913 317 In

135 356 408 397 Tusculanum
441 353 574 404 hodie,
609 351 784 393 Lanuvii
817 365 918 401 cras,
953 349 1048 391 inde
1083 353 1255 391 Asturae
1289 348 1533 404 cogitabam.
1568 350 1696 392 Piliae
1727 354 1910 406 paratum

138 435 199 469 est
242 428 477 484 hospitium,
513 425 582 468 sed
628 424 770 466 vellem
817 423 1011 473 Atticam,
1046 438 1182 464 verum
1217 422 1294 464 tibi
1327 423 1512 477 ignosco3
1548 438 1717 479 quarum
1752 423 1915 484 utrique

142 502 328 544 salutem.

140 674 295 726 μαλακὸν
326 680 424 723 κῶμα
456 688 489 709 o:
515 677 626 708 mollis
649 683 797 706 somnus·
831 672 1006 704 Sententia
1030 679 1033 684 '
1055 674 1204 707 Caesaris
1225 676 1314 707 dicto
1336 685 1394 717 per
1423 675 1620 716 particulam
1643 675 1742 716 iyz'tur
1763 675 1914 706 cohaere-

141 744 229 768 eerte
251 736 313 767 hac
336 735 540 767 correctione
563 733 705 765 admissa
735 733 819 764 bene
842 730 1003 772 procedit:

143 790 246 829 Apud
268 788 414 820 Matium
437 798 504 819 non
527 787 656 828 placide
677 785 831 822 dormivi,
853 788 889 815 ut
902 788 1006 825 putas.

146 842 300 874 Processit
334 842 425 880 enim,
455 840 513 872 sed
539 840 641 871 minus
667 838 732 870 diu.
767 837 844 868 Eius
866 846 1006 868 Sermone

143 898 222 929 enim
244 907 310 928 sum
333 898 476 928 retentus
499 906 534 927 o:
558 905 636 926 nam
662 895 744 925 bene
774 892 926 930 dormivi,
949 891 1006 922 sed

146 953 285 991 brevius,
308 961 411 993 quum
440 950 579 992 hospitis
611 958 764 982 sermone
786 947 920 988 longius
943 946 1006 977 sim

144 1015 301 1041 retentus.
339 1009 379 1040 In
403 1008 456 1039 his
472 1006 628 1048 processit
653 1011 703 1037 est
725 1015 743 1037 e
764 1004 943 1041 codicibus,
966 1003 1008 1034 de

145 1064 265 1105 quibus
281 1068 420 1100 constat,
444 1062 608 1093 omnibus.
630 1060 695 1091 Diu
715 1059 783 1091 eius
798 1069 856 1100 pro
874 1057 1007 1093 diutius,

147 1119 234 1159 quod
267 1118 348 1149 Mss.
377 1117 466 1154 dant,
504 1115 660 1147 volebant
682 1123 815 1155 quoque
837 1111 1009 1144 Manutius

148 1177 180 1203 et
201 1171 396 1202 Lambinus.

189 1225 208 1265 ξ
231 1225 260 1255 3.
284 1223 393 1254 Habes
415 1222 513 1264 iqitur
535 1218 753 1265 φαλάκρωμα
764 1217 1009 1250 inimicissimum

145 1282 213 1320 otii,
236 1281 273 1312 id
294 1282 341 1311 est
363 1280 469 1312 Bruti.
494 1280 696 1320 Interpretes
708 1276 859 1309 certatim
870 1279 1010 1306 monent

146 1332 360 1381 φαλάκρωμα
384 1342 454 1365 esse
479 1341 592 1364 rursus
614 1331 767 1368 Matium,
790 1338 890 1370 quem
912 1327 1012 1358 modo

148 1391 309 1422 madar-um
332 1389 519 1422 nominavit
541 1389 584 1420 ob
604 1388 743 1420 eandem
766 1395 908 1418 causam.
946 1383 1013 1415 Sed

1055 734 1122 760 ant.
1162 728 1314 760 Fortasse
1350 728 1465 760 Cicero
1493 729 1540 760 sic
1572 728 1718 760 scribens
1752 727 1918 768 cogitabat

1056 783 1230 824 epistolam
1260 784 1473 825 superiorem,
1504 784 1538 815 in
1562 793 1628 824 qua
1649 783 1800 825 pluribus
1822 781 1919 813 Mutii

1055 847 1243 869 sermonem
1265 838 1481 879 animumque
1502 838 1727 879 descripserat.
1750 836 1863 868 Verba
1883 835 1920 866 id

1057 894 1104 923 est
1136 891 1234 923 Bruti
1267 892 1435 923 immerito
1467 892 1609 923 Ernesto
1641 897 1792 932 suspecta
1815 896 1918 928 erant,

1056 956 1160 987 quum
1182 946 1309 976 librarii
1329 950 1461 987 captum
1483 946 1584 986 longe
1606 951 1772 986 superent.
1795 944 1920 976 Brutus

1058 1000 1192 1031 volebat
1221 999 1343 1036 otium3
1378 999 1501 1031 Matius
1524 999 1677 1040 cupiebat
1698 997 1847 1030 Caesaris
1869 997 1918 1028 in-

1058 1052 1246 1084 terfectores
1268 1052 1367 1083 armis
1389 1052 1551 1083 vindicari
1558 1066 1566 1089 ς
1579 1057 1751 1093 propterea
1766 1049 1919 1083 Ciceroni

1060 1107 1233 1139 videbatur
1265 1107 1514 1138 inimicissimus
1537 1114 1570 1139 et
1591 1107 1651 1138 otii
1674 1112 1706 1139 et
1727 1106 1836 1138 Bruti.
1870 1105 1921 1138 Si-

1059 1162 1172 1193 milem
1201 1171 1299 1193 usum
1329 1172 1382 1192 vv.
1411 1161 1448 1192 id
1473 1163 1520 1192 est
1548 1161 1693 1193 vidimus
1727 1160 1790 1192 IV.
1823 1160 1872 1197 18,
1904 1159 1918 1190 1

1061 1218 1128 1258 (16,
1151 1218 1196 1255 9),
1220 1223 1360 1258 apteque
1382 1217 1411 1247 1.
1439 1216 1478 1247 F.
1509 1215 1697 1248 Gronovius
1719 1213 1922 1256 comparavit

1062 1281 1079 1303 e
1102 1271 1195 1303 Flori
1223 1271 1285 1302 IV.
1311 1271 1345 1302 2:
1369 1271 1409 1301 de
1441 1269 1635 1301 successione
1663 1268 1811 1302 Caesaris
1832 1277 1921 1300 sena-

1061 1329 1123 1365 tus,
1145 1326 1180 1357 id
1201 1328 1248 1357 est
1270 1325 1447 1366 Pompeius,
1467 1325 1622 1367 aqitabat.

1107 1382 1124 1421 ξ
1146 1382 1177 1411 4.
1201 1380 1264 1411 Sed
1285 1381 1394 1411 vellem
1417 1380 1556 1411 Atticam
1580 1379 1922 1421 np.secumduee1·et;

149 1454 247 1475 nemo
280 1443 450 1484 explicuit,
480 1452 546 1482 quo
579 1441 677 1472 modo
706 1440 786 1471 haec
816 1438 917 1470 verba
938 1446 1015 1468 cum
1066 1445 1169 1466 verum
1192 1434 1249 1465 tibi
1270 1434 1406 1475 iquosco,
1428 1434 1516 1474 quod
1538 1433 1642 1464 filiam
1654 1432 1795 1464 retinere
1806 1431 1923 1462 mavis.

760 1557 848 1598 [Π.
916 1557 981 1608 (A.
1025 1555 1070 1595 U.
1110 1555 1151 1595 C.
1190 1554 1309 1608 710.)

220 1694 259 1734 1.
292 1689 548 1746 Tranquillae
581 1694 675 1730 tuae
709 1686 872 1742 quidem
905 1685 1043 1726 literae
1055 1701 1066 1734 3
1096 1682 1203 1738 quod
1239 1682 1393 1724 utinam
1429 1680 1608 1722 diutius!
1642 1680 1682 1721 N
1686 1694 1750 1720 am
1773 1679 1928 1721 Matius

156 1782 269 1822 posse
303 1764 490 1820 negabat.
524 1763 629 1804 Ecce
663 1766 798 1802 autem
833 1763 1052 1800 structores
1086 1756 1213 1798 nostri
1248 1755 1297 1797 ad
1332 1754 1576 1796 frumentum
1597 1741 1778 1809 profecti,
1802 1767 1926 1808 quum

154 1842 296 1882 inanes
328 1838 542 1888 redissent,
577 1850 780 1877 rumorem
814 1834 987 1875 afferunt
1019 1845 1225 1886 magnum,
1262 1830 1410 1871 Romae
1445 1828 1607 1870 domum
1630 1827 1680 1869 ad
1703 1826 1928 1869 Antonium

120 1934 133 1958 5
156 1914 402 1956 frumentum
446 1926 563 1952 omne
609 1909 776 1965 portari.
832 1903 1076 1950 ΙῙανικὸν
1116 1910 1242 1955 certe3
1290 1902 1514 1958 scripsisses
1547 1901 1668 1943 enim.
1703 1899 1929 1943 Corumbus

159 1986 277 2028 Balbi
320 1985 456 2027 nullus
500 1983 646 2026 adhuc.
697 1983 772 2024 Est
814 1981 916 2022 mihi
960 1986 1101 2021 notum
1150 1992 1321 2020 nomen:
1357 1975 1487 2018 bellus
1521 1975 1628 2017 enim
1663 1990 1747 2017 esse
1781 1974 1930 2016 dicitur

161 2060 419 2101 architectus.
469 2061 509 2098 2.
560 2056 625 2098 Ad
671 2053 968 2110 obsignandum
1016 2058 1062 2094 tu
1109 2051 1318 2094 adhibitus
1362 2065 1443 2091 non
1488 2035 1574 2091 sine
1607 2063 1728 2091 causa
1759 2047 1931 2098 videris3

163 2133 304 2174 volunt
336 2131 444 2172 enim
477 2145 550 2171 nos
582 2130 641 2170 ita
673 2133 839 2184 putare3
875 2127 1011 2167 nescio
1047 2141 1118 2167 cur
1151 2140 1234 2166 non
1267 2123 1401 2164 animo
1435 2137 1594 2177 quoque
1629 2122 1820 2163 sentiant.
1853 2119 1932 2162 Sed

163 2206 262 2263 quid
305 2205 404 2248 haec
448 2204 498 2246 ad
542 2203 644 2245 nos?
689 2201 868 2243 Odorare
914 2205 1050 2241 tamen
1099 2197 1267 2239 Antonii
1312 2190 1572 2250 διάθεσιν,
1619 2210 1736 2251 quem
1770 2193 1934 2250 quidem

110 2302 147 2328 10
165 2296 238 2336 ego
271 2278 480 2335 epularum
513 2275 640 2330 magis
674 2273 845 2316 arbitror
878 2272 1074 2313 rationem
1109 2269 1254 2312 habere
1290 2284 1409 2324 quam
1445 2267 1665 2323 quidquam
1700 2266 1793 2308 mali
1828 2265 1934 2320 cogi-

215 2444 234 2474 6
256 2444 380 2481 adhue;
404 2446 434 2474 et
458 2441 534 2473 mihi
556 2459 596 2464 ——

211 2593 229 2633 ξ
253 2593 282 2623 1.
309 2589 514 2631 Tranquillae
537 2590 612 2619 tuae
633 2598 662 2629 q.
686 2586 801 2618 literae
824 2595 858 2616 o:
895 2585 1029 2616 nuntias
1079 2594 1110 2625 p.
1138 2583 1186 2614 18.
1211 2583 1323 2624 Vulgo
1345 2585 1386 2620 et,
1410 2583 1498 2624 quod
1521 2582 1649 2623 saepius
1679 2590 1721 2613 ex
1751 2582 1797 2612 est
1829 2585 1938 2611 ortum

170 2648 253 2680 mihi
274 2656 386 2678 rerum
409 2644 691 2686 tranquillitatem.
1080 2642 1138 2668 est.

213 2700 391 2731 Sti-ueteres
412 2697 524 2729 nostri.
554 2696 664 2737 Igitur
686 2695 720 2726 in
752 2695 944 2726 Tusculano
974 2693 1031 2724 ali-
1056 2688 1058 2725 ζ
1123 2690 1142 2729 ξ
1173 2689 1202 2720 2.
1236 2689 1286 2720 Ad
1307 2688 1529 2729 obsiqnandum
1553 2693 1614 2719 cet.
1649 2682 1839 2719 Caesariani
1859 2694 1940 2717 non-

173 2756 255 2797 quid
275 2752 478 2785 aedificabat.
512 2750 688 2782 structores
720 2750 873 2781 nominat
900 2757 1031 2789 quoque
1056 2743 1059 2759 '
1081 2743 1167 2775 nulli
1189 2749 1263 2784 post
1284 2748 1426 2774 mortem
1449 2741 1597 2774 Caesaris
1626 2750 1737 2773 rerum
1757 2739 1940 2772 conversio-

173 2811 214 2842 ad
238 2809 281 2848 Q.
302 2808 342 2839 fr.
365 2807 413 2838 H.
437 2806 465 2844 6,
488 2806 517 2837 2.
1057 2792 1059 2826 '2
1082 2806 1161 2828 nem
1190 2801 1374 2828 metuentes
1402 2795 1559 2827 videntur
1590 2795 1625 2826 in
1647 2793 1851 2826 testamentis
1873 2792 1941 2824 suis

217 2862 346 2893 Domum
368 2859 413 2891 ad
433 2858 613 2890 Antonium.
649 2857 701 2888 Ita
723 2856 837 2888 Latini
859 2856 1033 2896 scriptores
1057 2832 1061 2887 l
1083 2852 1193 2893 legata
1217 2850 1371 2883 Ciceroni
1396 2850 1570 2891 reliquisse
1599 2854 1632 2881 et
1652 2848 1803 2880 Atticum
1825 2852 1943 2879 testem

174 2927 233 2959 pro
255 2915 300 2947 ad
319 2914 440 2946 domum
462 2911 603 2943 Antonii.
626 2911 691 2942 vid.
714 2910 848 2942 Ruhnk.
882 2911 923 2940 ad
957 2909 1034 2940 Ter.
1059 2891 1062 2933 l
1085 2905 1282 2942 adhibuisse,
1304 2911 1341 2936 ut
1361 2914 1420 2945 per
1441 2914 1517 2936 eum
1537 2904 1600 2934 hae
1621 2903 1662 2934 de
1683 2912 1719 2934 re
1742 2901 1857 2934 Cicero
1873 2911 1942 2933 cer·

175 2970 264 3001 Eun.
292 2968 324 2999 Ι.
353 2966 383 3005 2,
413 2964 486 2997 125.
515 2964 597 2996 Dixi
625 2964 666 2995 de
692 2963 755 2995 hac
787 2973 822 2994 re
845 2962 970 3004 aliquid
994 2962 1039 2992 ad-
1060 2941 1063 2993 Ι,
1086 2959 1150 2991 tior
1179 2959 1280 2989 fieret.
1314 2957 1462 2998 Apparet
1495 2966 1538 2988 ex
1570 2966 1619 2997 ep.
1648 2956 1698 2993 14,
1731 2957 1752 2986 4
1783 2955 1816 2986 h.
1839 2955 1863 2986 l.
1885 2953 1946 2985 ubi

178 3022 241 3054 IV.
265 3021 315 3058 14,
339 3020 368 3051 1.
1061 3005 1063 3016 ⁴
1086 3011 1229 3052 quaerit:
1254 3010 1412 3041 Poterone
1433 3019 1486 3041 eos
1505 3009 1588 3050 ipsos
1609 3018 1672 3039 non
1686 3006 1829 3045 laudare,
1843 3005 1896 3048 qui
1914 3007 1946 3036 te

219 3072 397 3105 Corumbus.
426 3070 540 3103 Potius
571 3079 692 3101 nomen
723 3077 741 3101 e
773 3067 898 3100 Graeco
928 3072 1037 3099 ortum
1087 3063 1314 3106 obsiqnatorem
1335 3061 1575 3094 adhibuerunt?
1596 3061 1638 3092 In
1654 3060 1694 3091 iis
1704 3070 1788 3101 quae
1799 3068 1944 3100 sequun-

178 3126 355 3167 Corymbum
377 3124 498 3156 Latine
519 3122 619 3154 fuisse
641 3122 749 3154 credo.
779 3121 877 3160 Quod
904 3120 1037 3161 scripsi:
1087 3123 1140 3150 tur
1160 3118 1265 3149 animo
1291 3117 1417 3149 dictum
1438 3121 1488 3148 est
1519 3125 1579 3158 pro
1599 3114 1692 3146 serio.
1726 3113 1842 3147 Cicero
1864 3112 1948 3144 indi-

177 3181 232 3212 Est
255 3180 330 3211 mihi
354 3191 383 3211 n.
417 3191 449 3210 n.
470 3178 607 3210 debetur
629 3176 868 3214 Wesenbergio
898 3176 1038 3206 Emend.
1090 3179 1141 3203 cat
1165 3181 1197 3203 se
1221 3181 1295 3203 eum
1320 3181 1398 3207 esse,
1423 3171 1478 3211 qui
1502 3169 1587 3201 laedi
1611 3178 1809 3209 quemquam
1832 3167 1947 3198 nollet.
