2062 3565
777 159 883 201 LIB.
918 159 1035 201 XIV.
1072 159 1155 202 ΕΡ.
1195 161 1262 200 17.
1816 163 1900 200 293

133 293 379 336 conveniunt
423 299 625 349 praeterea
673 310 720 336 ex
766 294 999 350 municipiis
1048 294 1275 350 frequentes
1320 295 1532 337 necessarii
1577 294 1654 336 mei
1697 319 1752 324 —-
1799 296 1895 350 quin

133 382 283 418 omnes,
333 381 458 422 quum
504 373 544 409 te
583 368 751 410 summis
794 367 983 409 laudibus
1017 367 1067 410 ad
1101 368 1256 410 eaelum
1290 368 1534 419 extulerunt,
1570 368 1669 410 mihi
1702 368 1894 410 continuo

131 439 324 481 maximas
356 440 507 495 gratias
540 446 676 496 agant.
712 441 876 496 Negant
908 441 1015 483 enim
1049 457 1089 482 se
1124 440 1324 492 dubitare,
1360 441 1459 496 quin
1482 447 1528 483 tu
1550 441 1648 482 meis
1671 443 1892 498 praeceptis

130 517 171 554 et
203 512 380 554 consiliis
424 511 704 569 obtemperans
745 514 1131 570 praestantissimum
1165 521 1204 555 te
1240 515 1367 556 civem
1400 519 1441 555 et
1474 515 1715 570 singularem
1751 531 1893 558 cousu-

129 585 208 626 lem
250 584 453 641 praebeas,
502 589 542 628 2.
588 586 748 639 Quibus
801 602 874 642 ego
919 602 1158 642 quamquam
1206 588 1409 629 verissime
1444 604 1604 644 possum
1639 589 1891 645 respondere,

130 673 232 714 quae
278 659 414 710 facias,
461 666 531 701 tuo
576 659 727 701 iudicio
760 664 801 701 et
833 665 904 702 tua
937 665 1077 715 sponte
1112 661 1240 702 faeere
1274 676 1347 703 nee
1381 662 1618 716 cuiusquam
1653 678 1766 717 egere
1801 678 1893 706 con-

100 778 109 791 ·
129 733 231 784 silio,
265 738 399 774 tamen
433 749 562 789 neque
596 733 713 789 plane
748 734 957 784 assentior,
992 750 1041 775 ne
1075 734 1313 775 imminuam
1347 741 1457 776 tuam
1491 735 1666 786 laudem,
1702 737 1735 777 si
1759 739 1888 779 omnis

129 821 152 847 a
185 807 282 849 meis
315 807 494 849 consiliis
534 808 712 863 profecta
757 807 953 859 videatur,
988 823 1118 863 neque
1155 808 1267 849 valde
1302 824 1418 863 nego.
1468 810 1566 851 Sum
1600 811 1706 852 enim
1741 812 1894 853 avidior

128 879 263 930 etiam,
298 895 417 935 quam
452 882 548 923 satis
582 887 656 932 est,
689 881 854 936 gloriae.
906 882 959 923 Et
990 888 1126 923 tamen
1158 898 1241 924 non
1274 884 1450 925 alienum
1484 890 1544 926 est
1576 884 1774 940 dignitate
1806 890 1892 939 tua,

129 953 236 1009 quod
279 953 358 1009 ipsi
407 955 715 1010 Agamemnoni,
750 969 890 1010 regum
923 955 1022 1010 regi,
1057 955 1136 996 fuit
1169 955 1396 1006 honestum,
1433 957 1608 1013 (habere)
1643 958 1817 1014 aliquem
1851 959 1893 1000 in

128 1027 307 1069 consiliis
350 1028 556 1084 capiendis
595 1029 823 1070 Nestorem.
875 1028 982 1070 Mihi
1016 1044 1108 1070 vero
1141 1029 1360 1084 gloriosum
1394 1036 1434 1071 te
1467 1031 1655 1073 iuvenem
1688 1032 1892 1074 consulem

129 1101 266 1142 florere
310 1100 500 1144 laudibus
542 1102 656 1157 quasi
705 1102 914 1144 alumnum
947 1102 1184 1158 disciplinae
1218 1119 1342 1145 meae.
1379 1106 1420 1145 3.
1455 1104 1502 1145 L.
1537 1104 1700 1160 quidem
1734 1105 1892 1158 Caesar,

130 1188 253 1228 quum
299 1174 349 1215 ad
394 1191 486 1218 eum
531 1180 739 1231 aegrotum
782 1175 996 1232 Neapolim
1042 1176 1254 1227 venissem,
1289 1192 1530 1233 quamquam
1565 1183 1649 1219 erat
1682 1193 1895 1233 oppressus

130 1249 257 1290 totius
298 1249 474 1305 eorporis
517 1248 736 1300 doloribus,
780 1254 916 1291 tamen
949 1255 1057 1301 ante,
1092 1265 1210 1304 quam
1244 1265 1307 1292 me
1339 1251 1457 1307 plane
1491 1252 1694 1302 salutavit,
1736 1279 1756 1303 u
1772 1251 1807 1293 O
1840 1252 1896 1292 ini

131 1321 318 1374 Cicero'',
362 1322 510 1377 inquit,
561 1350 582 1373 u
596 1322 775 1377 gratulor
817 1321 908 1373 tibi,
955 1337 1081 1378 quum
1124 1327 1283 1364 tantum
1329 1324 1434 1365 vales
1479 1324 1586 1380 apud
1632 1325 1894 1378 Dolabellam,

132 1402 330 1451 quantum
375 1396 410 1437 si
442 1410 516 1451 ego
558 1395 665 1452 apud
699 1396 843 1437 sororis
876 1395 1001 1437 filium
1039 1396 1224 1447 valerem,
1257 1402 1393 1438 tamen
1426 1397 1525 1439 salvi
1558 1413 1642 1439 esse
1675 1415 1895 1455 possemus.

131 1469 364 1512 Dolabellae
397 1484 490 1510 vero
523 1474 594 1510 tuo
628 1473 668 1510 et
699 1469 878 1524 gratulor
911 1474 952 1511 et
983 1470 1131 1525 gratias
1166 1485 1240 1526 ago
1250 1489 1262 1522 3
1297 1486 1417 1527 quem
1450 1471 1613 1527 quidem
1640 1479 1731 1528 post
1747 1478 1786 1514 te
1805 1489 1896 1516 eon-

131 1543 257 1585 sulem
291 1542 422 1585 solum
455 1557 668 1597 possumus
702 1557 792 1583 vere
825 1543 1031 1584 consulem
1065 1543 1252 1585 dicere’':
1283 1544 1377 1586 dein
1411 1545 1538 1586 multa
1571 1546 1619 1588 de
1653 1546 1758 1589 facto
1779 1563 1824 1590 ae
1847 1548 1895 1589 de

130 1631 172 1658 re
204 1619 331 1672 gesta,
364 1620 453 1657 tum
486 1615 590 1657 nihil
622 1615 959 1671 magnificentius,
994 1617 1098 1659 nihil
1131 1618 1374 1673 praeclarius
1407 1623 1542 1660 aetum
1576 1635 1769 1675 unquam,
1793 1621 1897 1663 nihil

130 1689 188 1731 rei
221 1689 406 1745 publicae
439 1688 668 1730 salutarius.
702 1690 837 1744 Atque
870 1689 968 1731 haee
1004 1706 1083 1732 una
1117 1706 1193 1732 vox
1227 1691 1408 1733 omnium
1442 1697 1515 1734 est.
1552 1696 1592 1734 4.
1628 1697 1665 1735 A
1700 1699 1738 1735 te
1762 1700 1896 1736 autem

129 1767 237 1818 peto,
281 1767 329 1804 ut
372 1778 434 1804 me
468 1761 572 1804 hane
605 1763 717 1817 quasi
752 1762 892 1804 falsam
925 1763 1190 1806 hereditatem
1224 1765 1377 1807 alienae
1411 1766 1560 1821 gloriae
1596 1767 1702 1808 sinas
1736 1782 1895 1809 eernere

130 1851 272 1892 meque
304 1836 438 1892 aliqua
470 1852 519 1877 ex
552 1841 664 1892 parte
696 1837 740 1879 in
774 1837 1004 1879 societatem
1021 1843 1182 1880 tuarum
1203 1839 1371 1881 laudum
1394 1840 1530 1881 venire
1547 1840 1712 1896 patiare.
1747 1840 1896 1892 Quam-

130 1925 264 1965 quam,
297 1910 354 1952 mi
386 1909 596 1952 Dolabella
629 1935 687 1941 —
721 1910 820 1952 haee
853 1912 960 1953 enim
992 1913 1147 1954 iocatus
1181 1929 1271 1955 sum
1306 1939 1363 1943 —
1397 1913 1591 1955 libentius
1614 1928 1751 1955 omnes
1775 1929 1897 1964 meas,

130 1984 163 2025 si
206 1983 326 2025 modo
369 1989 466 2026 sunt
509 1983 666 2038 aliquae
708 2000 833 2044 meae,
878 1985 1018 2027 laudes
1063 1987 1113 2028 ad
1157 1992 1196 2028 te
1230 1986 1531 2038 transfuderim,
1567 2002 1687 2042 quam
1722 1986 1897 2040 aliquam

171 2162 188 2190 5
212 2161 400 2202 respondere
423 2165 455 2193 te
477 2180 519 2186 —-
541 2163 580 2194 10
603 2163 718 2194 habere
741 2181 781 2187 ——
803 2163 842 2194 16
863 2163 927 2194 iam
948 2163 1031 2194 salvi
1054 2181 1096 2186 —

130 2328 217 2356 cum,
239 2321 296 2360 qui
318 2320 402 2351 mihi
424 2330 555 2362 quoque
577 2320 697 2352 melius
715 2320 795 2352 haee
811 2320 991 2353 reddidisse
1013 2307 1016 2315 ,
1040 2323 1118 2356 Crit.
1143 2324 1223 2356 VII.
1247 2335 1277 2365 p.
1300 2325 1319 2355 2
1342 2323 1521 2365 particulae
1543 2325 1647 2354 tamen
1673 2324 1766 2356 litem
1783 2325 1897 2363 movit,

131 2372 295 2404 videntur.
331 2373 418 2404 Nam
441 2382 484 2405 ex
505 2374 567 2404 hae
589 2374 751 2414 scriptura
772 2374 991 2414 distinguitur
1039 2384 1071 2409 et
1093 2378 1193 2409 scribi
1222 2378 1307 2409 vult:
1342 2376 1464 2408 Etenim
1493 2388 1553 2407 non
1589 2377 1727 2408 alienum
1761 2380 1810 2408 est
1842 2385 1897 2409 aut

132 2426 216 2458 inter
238 2437 303 2465 eos,
326 2428 383 2469 qui
402 2428 489 2459 circa
517 2428 617 2460 Baias
645 2435 678 2460 et
709 2428 865 2460 Puteolos
896 2432 989 2478 erang
1040 2431 1094 2462 Est
1117 2432 1195 2462 enim
1220 2442 1279 2462 non
1305 2431 1451 2462 alienam.
1489 2431 1627 2462 Nullam
1661 2441 1722 2471 ego
1747 2433 1895 2463 mutandi

132 2488 163 2513 et
185 2482 308 2514 diutius
338 2483 554 2514 morabantur
582 2483 784 2514 valetudinis
815 2493 924 2520 causa,
959 2489 990 2514 et
1012 2480 1014 2493 ⁴
1037 2485 1264 2516 necessitatem
1298 2485 1405 2521 videm
1440 2490 1578 2525 apteque
1615 2484 1694 2515 haec
1731 2486 1895 2516 sententia

132 2544 197 2572 eos,
220 2536 277 2576 qui
300 2536 527 2567 delectationis
560 2545 657 2567 causa
690 2536 724 2566 in
764 2546 866 2567 unum
900 2537 989 2568 diem
1035 2537 1208 2568 subiicitur
1230 2538 1295 2568 illis
1318 2537 1443 2568 verbis:
1468 2542 1499 2568 te
1522 2546 1618 2567 usum
1642 2546 1712 2568 esse
1730 2547 1803 2569 ineo
1818 2548 1894 2568 con-

133 2588 184 2618 vel
208 2598 329 2629 paucos
351 2598 390 2619 eo
413 2588 647 2626 conveniebant,
669 2589 757 2629 quod
781 2589 815 2619 in
839 2589 898 2619 illa
920 2599 988 2621 ver·
1012 2595 1013 2605 ³
1036 2591 1110 2622 silio
1134 2602 1201 2622 non
1225 2591 1321 2622 valde
1345 2600 1442 2631 negO.

136 2642 249 2672 borum
271 2643 506 2675 constitutione
528 2643 623 2684 perit.
1012 2664 1014 2693 3
1080 2643 1204 2674 Habere
1225 2644 1279 2675 hie
1302 2644 1461 2675 omissum
1484 2653 1527 2675 ex
1552 2644 1611 2675 illo
1629 2644 1700 2675 loeo
1714 2645 1894 2685 suppletur.

177 2694 257 2735 Quin
280 2705 385 2726 omnes
404 2713 446 2719 -
467 2698 565 2735 ayant
588 2705 606 2727 e
628 2696 699 2726 cod.
722 2695 815 2726 Fam.
845 2696 989 2737 recipere
1077 2698 1095 2737 ξ
1119 2699 1147 2728 3.
1174 2697 1266 2738 Apud
1285 2697 1404 2727 sororis
1415 2697 1522 2737 filium
1545 2706 1581 2727 a:
1611 2698 1697 2738 apud
1721 2698 1767 2728 M.
1790 2698 1896 2728 Anto-

132 2748 245 2786 nmlui,
268 2759 367 2790 quam
390 2750 563 2781 scribendo
586 2759 604 2781 e
625 2750 697 2780 cod.
728 2750 816 2781 Med.
847 2750 888 2780 ad
917 2749 979 2780 Att
1037 2752 1140 2783 nium.
1164 2751 1216 2784 Cf.
1238 2752 1326 2783 Vell.
1351 2752 1396 2783 lI.
1421 2751 1470 2784 67.

131 2803 184 2844 qui
215 2813 318 2835 omnes
342 2822 381 2826 —
406 2807 504 2845 ayunt
541 2805 642 2836 verba
671 2803 830 2835 Neminem
863 2804 991 2835 conveni
1012 2806 1014 2814 ’
1082 2807 1193 2839 Tamen
1215 2808 1298 2839 salvi
1321 2819 1388 2839 esse
1404 2818 1574 2849 poss-emm.
1598 2809 1636 2839 In
1662 2815 1798 2848 utroque
1821 2808 1893 2838 cod.

134 2859 206 2890 sine
228 2861 364 2901 apodosi
387 2861 584 2901 relinquere.
615 2860 736 2892 Fateor
757 2867 867 2892 tamen
891 2861 990 2902 pluri·
1013 2852 1014 2855 ¹
1036 2861 1116 2892 Med
1161 2867 1210 2893 est
1231 2863 1294 2892 tam
1325 2861 1415 2892 salvi.
1453 2863 1679 2892 Correxerunt
1709 2861 1769 2890 iam
1800 2859 1893 2890 salz-i.

135 2911 195 2943 bus
217 2913 418 2954 interpositis
442 2912 635 2945 Ciceronem
659 2913 800 2954 potuisse
830 2914 870 2944 ad
905 2911 990 2946 ἀνα·
1037 2913 1103 2946 Sed
1126 2914 1189 2945 iam
1212 2915 1310 2956 plane
1339 2916 1482 2946 otiosum
1520 2920 1576 2945 est.
1621 2913 1743 2953 Scripsi
1780 2915 1893 2949 lamen,

134 2961 311 3004 κὸλουθον
333 2970 516 3001 orationem
537 2970 656 3002 delabi.
1014 2954 1015 2999 l
1037 2969 1126 3008 quod
1150 2968 1358 3000 referendum
1380 2974 1429 2999 est
1452 2968 1492 2998 ad
1509 2966 1707 2998 sententiam
1720 2965 1892 2996 omissam:

176 3025 195 3064 ἒ
217 3024 248 3056 2.
269 3025 466 3067 Respondere
488 3026 666 3067 —facere.
690 3025 797 3058 Omisi
820 3029 861 3063 te,
877 3027 945 3058 inl.
959 3037 988 3058 c.
1014 3063 1015 3075 χ
1038 3023 1100 3054 etsi
1123 3023 1256 3064 periisse
1281 3023 1460 3057 videamur,
1492 3027 1600 3051 tamen
1625 3020 1707 3050 salvi
1732 3028 1800 3049 esse
1824 3028 1893 3058 pos-

134 3083 207 3118 post
243 3079 430 3119 respondere
463 3080 672 3111 collocatum.
725 3079 871 3112 Facilius
906 3081 992 3112 inter
1014 3085 1016 3090 '
1038 3085 1158 3107 semus·

134 3133 244 3170 sponte
255 3131 370 3172 facere
392 3133 499 3164 omitti
522 3134 638 3174 potuit.
1014 3122 1016 3142 ¹
1082 3127 1128 3160 De
1142 3129 1238 3168 filclo
1261 3138 1298 3158 ‘¹⁶'
1321 3128 1359 3157 de
1383 3138 1415 3156 W
1433 3130 1535 3167 gazela.
1560 3125 1603 3154 (Τ
1632 3125 1670 3154 ss‘l
1695 3124 1786 3164 eDiffi·
1805 3124 1851 3160 15,
1878 3124 1892 3153 l

183 3183 220 3213 El
242 3186 344 3216 lamen
367 3196 427 3216 non
450 3186 586 3216 uliemem
610 3189 666 3216 est.
703 3187 854 3218 Moserus
876 3185 990 3226 Symb.
1039 3182 1070 3212 ῙΙ-
1105 3183 1125 3213 l·

1916 974 1949 1000 lo

1917 1344 1949 1369 15

1917 1711 1951 1737 20
