2062 3565
752 163 859 205 LIB.
899 165 1010 206 XVI.
1048 165 1130 207 ΕΡ.
1170 168 1239 206 16.
1795 166 1880 206 379

116 296 360 338 existimatio
405 303 603 352 ageretur.
658 300 744 340 Hoc
791 300 963 354 primum
1009 301 1213 354 ignoscere
1248 307 1308 341 ost
1344 300 1606 342 humanitatis
1639 307 1754 351 tuae;
1791 314 1882 341 suos

115 370 220 412 onim
265 370 435 425 quisque
482 369 602 412 debet
645 373 772 423 tueri;
820 371 980 422 deinde,
1028 373 1059 413 si
1103 388 1162 413 me
1196 388 1304 414 amas
1341 399 1394 402 >--
1431 373 1571 414 omitte
1607 374 1786 416 Atticum
1828 402 1878 405 --2

115 443 300 485 Ciceroni
344 447 431 493 tu0,
477 458 595 498 quein
630 444 772 499 quanti
807 444 929 485 facias
963 460 1055 500 prae
1090 453 1127 485 te
1163 445 1264 486 soles
1299 447 1411 496 ferre,
1448 451 1577 487 totum
1612 446 1686 487 hoc
1721 446 1784 497 da,
1824 457 1879 498 ut,

114 516 221 571 quod
263 531 417 571 semper
457 516 697 566 existimavi,
744 532 852 558 nunc
904 517 1019 572 plano
1054 518 1275 573 intelligam
1312 534 1372 559 me
1407 535 1429 560 a
1462 525 1500 559 te
1537 520 1705 562 multum
1741 522 1878 563 amari.

117 591 186 630 ll.
222 589 458 631 Buthrotios
492 605 615 644 quum
650 591 794 632 Caesar
828 590 986 632 decreto
1021 606 1107 641 suo,
1145 592 1250 645 quod
1285 607 1358 646 ego
1395 591 1603 646 obsignavi
1627 608 1718 634 cum
1743 595 1880 636 multis
1922 610 1933 630 ³

91 655 369 719 xamplissimis
403 663 512 714 viris,
547 663 798 705 liberavisset
831 664 1151 719 ostendissetque
1186 665 1315 716 nobis,
1351 681 1406 716 se,
1443 681 1565 720 quum
1602 668 1747 721 agrarii
1774 683 1878 710 marc

111 736 364 788 transissent,
414 737 549 779 literas
595 738 811 779 missurum
855 753 973 792 quem
1018 738 1060 779 in
1111 753 1250 793 agrum
1294 738 1602 790 deducerentur,
1645 741 1792 782 accidit
1839 752 1882 783 ut

112 808 247 851 subito
278 810 346 851 ille
380 811 576 852 interiret.
612 811 783 862 Deinde,
809 811 1146 865 quemadmodum
1170 819 1215 852 tu
1240 812 1317 853 scis
1344 837 1399 840 ἡ-
1425 812 1645 854 interfuisti
1673 815 1778 856 enim
1868 850 1878 866 ,

112 897 236 937 quum
270 884 454 926 consules
488 890 688 940 oporteret
721 900 768 925 ex
803 891 965 926 senatus
1000 885 1182 926 consulto
1217 885 1264 925 dc
1299 887 1398 927 actis
1424 886 1606 928 Caesaris
1625 902 1877 942 cognoscere,

112 971 174 997 res
222 955 272 998 ab
316 957 366 998 iis
412 959 453 999 in
505 959 592 1000 Kal.
628 959 722 999 Iun.
757 958 880 1000 dilata
915 965 987 1000 est.
1041 958 1219 999 Accessit
1252 958 1300 999 ad
1336 964 1499 1000 senatus
1533 961 1760 1002 consultum
1801 962 1877 1013 lex,
1903 976 1934 1002 ιο

112 1045 213 1084 quae
246 1031 327 1073 lata
361 1036 421 1072 est
454 1047 489 1072 a.
525 1030 565 1071 d.
599 1045 655 1071 [ν.
692 1031 800 1072 Non.
838 1031 986 1086 [qu.],
1022 1045 1122 1086 quae
1156 1030 1217 1072 lex
1254 1045 1405 1072 mavia
1441 1045 1605 1083 RERVM,
1627 1047 1741 1078 QVAs
1769 1036 1878 1076 CAE-

113 1118 196 1145 SAR
240 1118 513 1154 s'rA'rwssn'r‚
559 1119 868 1155 Dacunvissn'r,
913 1118 1104 1154 massar,
1147 1105 1380 1146 consulibus
1434 1107 1704 1160 coguitionem
1750 1108 1876 1150 dedit.

111 1176 242 1219 Causa
275 1178 581 1220 Buthrotiorum
625 1179 756 1219 delata
789 1184 850 1219 est
883 1177 931 1218 ad
967 1178 1164 1219 consules.
1201 1179 1415 1219 Decretum
1451 1179 1631 1220 Caesaris
1664 1181 1875 1222 recitatum

111 1254 171 1291 est
214 1255 254 1292 et
295 1251 413 1293 multi
454 1257 657 1307 praeterea
701 1251 827 1293 libelli
861 1251 1041 1293 Caesaris
1077 1251 1234 1306 prolati.
1286 1251 1481 1293 Consules
1516 1251 1563 1293 de
1599 1253 1755 1295 consilii
1791 1271 1877 1296 sen-

111 1324 239 1365 tentia
271 1323 534 1366 decreverunt
558 1325 777 1366 secundum
798 1325 1058 1375 Buthrotios,
1084 1323 1112 1349 ’κ’
1135 1323 1162 1348 ⁹⁶
1187 1324 1381 1366 Plancum
1407 1325 1618 1367 dederunt.
1648 1328 1717 1368 12.
1739 1328 1875 1379 Nunc,
1899 1346 1930 1372 15,

112 1396 165 1437 mi
215 1397 358 1453 Capito
409 1424 464 1427 ——
516 1399 597 1440 scio
642 1399 763 1449 enim,
805 1403 1001 1452 quantum
1051 1413 1205 1453 semper
1250 1398 1354 1454 apud
1406 1414 1485 1449 eos,
1531 1399 1771 1453 quibuscum
1808 1402 1875 1451 sis,

113 1486 225 1525 posse
271 1471 411 1522 soleas,
457 1488 502 1512 eo
551 1471 639 1527 plus
690 1472 797 1527 apud
848 1471 1051 1512 hominem
1098 1471 1333 1512 facillimum
1378 1477 1497 1525 atque
1543 1471 1876 1515 humanissimum

114 1542 305 1584 Plancum
359 1570 431 1595 —-,
477 1546 641 1596 enitere,
688 1544 847 1588 elabora
891 1545 953 1586 vel
998 1545 1131 1600 potius
1176 1544 1393 1595 eblandire,
1440 1549 1562 1595 effice,
1610 1552 1655 1587 ut
1689 1547 1876 1597 Plancus,

113 1630 229 1670 quem
265 1622 379 1672 s'pero
413 1618 610 1673 optimum
645 1634 743 1669 esse,
779 1618 832 1660 sit
865 1618 986 1659 etiam
1021 1617 1159 1659 melior
1193 1633 1311 1673 opera
1343 1623 1427 1659 tua.
1462 1618 1638 1660 Omnino
1661 1634 1722 1660 res
1741 1619 1877 1661 huius-

114 1691 221 1732 modi
265 1692 423 1733 videtur
466 1708 564 1742 esse,
612 1699 658 1734 ut
703 1693 788 1734 sine
833 1692 1071 1746 cuiusquam
1113 1691 1242 1746 gratia
1286 1691 1460 1732 Plancus
1493 1692 1577 1747 ipse
1612 1708 1681 1748 pro
1714 1693 1877 1748 ingenio
1898 1713 1932 1738 20

112 1771 152 1806 et
196 1765 410 1821 prudentia
455 1781 526 1807 sua
571 1781 650 1807 non
686 1767 738 1807 sit
770 1765 1045 1815 dubitaturus,
1081 1764 1179 1819 quin
1213 1764 1414 1805 decretum
1450 1765 1673 1816 consulum,
1709 1781 1875 1820 quorum

113 1844 152 1879 et
184 1839 271 1894 lege
305 1844 346 1880 et
379 1846 541 1881 senatus
589 1840 773 1881 consulto
808 1839 986 1894 cognitio
1020 1843 1060 1879 et
1091 1837 1288 1879 iudicium
1322 1838 1412 1888 fuit,
1448 1844 1666 1889 conservet,
1704 1855 1878 1895 praeser-

112 1913 183 1953 tim
234 1927 357 1966 quum
401 1912 476 1953 hoc
521 1927 665 1967 genere
710 1912 986 1967 cognitionum
1022 1909 1260 1951 labefactato
1295 1915 1383 1951 acta
1417 1910 1596 1952 Caesaris
1629 1911 1671 1952 in
1705 1911 1874 1953 dubium

114 1990 281 2026 ventura
314 1985 538 2035 videantur,
575 2001 675 2040 quae
709 2001 789 2026 non
823 1984 941 2026 modo
974 1985 1017 2032 ii,
1053 1999 1221 2038 quorum
1257 1984 1434 2033 interest,
1470 1983 1538 2024 sed
1573 1984 1692 2025 etiam
1727 1985 1769 2035 ii,
1806 1985 1874 2039 qui

112 2058 181 2099 illa
226 2074 304 2100 non
355 2059 538 2114 probant,
585 2060 654 2101 otii
701 2075 820 2101 causa
865 2058 1090 2100 confirmari
1125 2057 1262 2098 velint.
1303 2059 1370 2097 13.
1406 2057 1525 2109 Quod
1559 2073 1683 2112 quum
1717 2059 1774 2099 ita
1807 2059 1873 2109 sit,
1899 2086 1932 2110 25

112 2138 246 2172 tamen
279 2132 447 2173 interest
480 2138 616 2174 nostra
651 2133 843 2174 Plancum
878 2131 954 2173 hoc
988 2131 1121 2172 animo
1154 2129 1297 2170 libenti
1322 2129 1553 2184 prolixoque
1576 2129 1719 2172 facere.
1753 2130 1872 2182 Quod

113 2210 217 2245 certe
256 2204 389 2256 faciet,
439 2206 472 2247 si
504 2213 550 2247 tu
584 2206 770 2247 nervulos
804 2211 896 2247 tuos
930 2205 1029 2246 mihi
1065 2219 1180 2258 saepe
1215 2203 1397 2257 cognitos
1431 2203 1763 2258 suavitatemque,
1798 2219 1876 2259 qua

113 2293 228 2318 nemo
260 2278 336 2320 tibi
370 2295 439 2334 par
471 2285 545 2330 est,
580 2279 826 2322 adhibueris.
861 2278 981 2331 Quod
1019 2284 1061 2319 ut
1094 2277 1230 2326 facias,
1261 2282 1300 2317 te
1335 2276 1589 2317 vehementer
1622 2291 1732 2331 rogo.

154 2468 190 2499 11
216 2468 297 2499 Νοη.
320 2468 391 2500 Iun.
414 2486 456 2491 —

156 2640 270 2671 Omitte
292 2641 431 2671 Atticum
454 2651 489 2672 o:
513 2642 541 2672 si
565 2642 715 2672 Atticum
729 2642 905 2682 indignum
922 2642 971 2673 be·
1022 2648 1091 2674 tum
1125 2644 1165 2674 de
1198 2644 1312 2674 eadem
1346 2653 1380 2675 rc
1412 2647 1532 2674 tactum
1563 2643 1747 2674 accessisse.
1773 2645 1821 2673 [Ji.
1848 2644 1879 2672 A

111 2695 228 2726 neficio
263 2700 319 2726 tuo
352 2701 455 2736 putas.
492 2696 565 2727 Nisi
598 2696 705 2736 potius
743 2696 970 2728 scribendum:
995 2666 997 2730 i,
1021 2697 1039 2736 ξ
1062 2696 1091 2727 6.
1115 2697 1144 2727 Β
1167 2698 1186 2737 ξ
1211 2697 1262 2728 1.”

110 2748 218 2779 omitto
239 2748 388 2779 Atticum.
996 2739 998 2760 Ι
1064 2751 1245 2786 †Plancum
1277 2751 1442 2783 dederunt.
1473 2751 1525 2781 Ex
1557 2752 1587 2782 A
1623 2752 1640 2790 ξ
1670 2751 1688 2780 6
1712 2751 1881 2781 Manutius

154 2803 173 2842 ξ
198 2802 245 2833 11.
270 2802 402 2842 Aqrariz·
437 2803 514 2833 vid.
537 2803 578 2834 ad
600 2802 680 2833 XV.
705 2804 755 2840 29,
779 2804 797 2833 3
997 2811 999 2846 ζ
1021 2805 1201 2845 legendum
1225 2810 1332 2845 putat:
1358 2805 1471 2835 literas
1493 2804 1537 2834 ad
1550 2803 1703 2834 Plancum
1715 2803 1879 2833 dederunt.

153 2855 192 2885 A.
214 2855 246 2886 d.
269 2854 329 2886 IV.
349 2854 430 2885 Non.
453 2854 572 2896 [lun.].
597 2855 726 2886 Seclusi
740 2855 974 2895 Wesenbergii
997 2854 999 2906 ᾖ
1023 2861 1136 2892 Potest
1165 2866 1274 2892 tamen
1309 2861 1408 2891 etiam
1440 2860 1505 2889 alia
1541 2859 1667 2890 ratione
1696 2859 1749 2888 hic
1787 2858 1879 2889 locus

113 2908 251 2945 monitu,
273 2908 331 2948 qui
353 2908 393 2938 de
416 2907 449 2938 h.
473 2908 482 2938 1
518 2908 659 2938 Emend.
685 2919 714 2948 p.
741 2909 859 2938 lls‘ita
876 2908 973 2948 scrip·
998 2918 999 2953 j
1022 2914 1190 2945 emendari
1219 2914 1407 2944 scribendo:
1445 2912 1561 2941 Planco
1593 2921 1654 2941 rem
1686 2910 1879 2947 detulerant,

112 2961 167 2991 sit:
199 2975 212 2986 u
223 2962 313 3001 quod
343 2961 446 3001 vulgo
476 2961 598 3000 legitur
628 2960 687 2990 Iun
703 2986 710 2998 ‚
745 2961 839 3001 (irrasi
863 2961 909 2992 sic
932 2961 975 2991 sit
998 2964 999 2989 l
1022 2972 1077 2998 aut
1105 2967 1220 2997 planco
1242 2965 1443 2996 ‘nandarwm

112 3015 146 3044 in
177 3014 327 3054 margine
358 3014 606 3049 Cratandrinae,
638 3015 743 3051 deleo,
776 3015 865 3054 quod
887 3014 913 3045 si
941 3014 974 3044 in
1066 3020 1084 3059 ξ
1111 3020 1158 3050 13,
1187 3018 1337 3048 Nervnlos
1369 3019 1447 3046 lum.
1484 3017 1532 3045 (¹12
1568 3017 1675 3046 adnot.
1722 3016 1759 3045 w!
1803 3014 1875 3045 XV.

112 3068 290 3109 archetypo
319 3068 381 3099 fuit
409 3078 451 3100 ex
482 3069 642 3109 superiori
675 3078 770 3100 versu
801 3068 975 3109 repetit-um
1024 3073 1043 3101 4
1065 3083 1106 3108 ιι.,
1137 3073 1161 3101 Ι.

113 3127 170 3152 est.
199 3122 286 3152 Nam
315 3121 514 3163 cene2.Mai.
544 3131 614 3153 esse
645 3123 802 3158 debebat;
826 3127 977 3161 apertum
1000 3118 1001 3158 J

113 3181 163 3210 est
185 3175 274 3207 eninr
299 3175 390 3206 illam
416 3176 523 3215 legem
547 3182 623 3209 mite
649 3175 725 3208 Kal.
749 3176 823 3208 lun,
850 3176 890 3206 ad
912 3174 977 3207 SC-
