2062 3565
138 1023 171 1049 10

139 1386 168 1411 15

204 167 286 206 116

605 166 689 206 ΕΡ.
724 165 801 205 ΑΒ
833 165 880 204 Τ.
918 162 1268 205 POMPONIUM
1302 162 1567 203 ATTICUM.

201 301 250 341 ad
283 309 322 342 te
357 301 491 342 statim
525 298 710 340 scriba-m.
743 298 944 350 Quintum
976 297 1105 338 filium
1139 297 1314 338 severius
1338 295 1554 337 adhibebo.
1590 296 1758 338 Utinam
1782 295 1970 351 proficere

199 374 366 430 possim!
403 374 463 414 Tu
496 378 630 414 tamen
664 387 729 413 eas
762 371 966 426 epistolaS,
1002 370 1150 425 quibus
1182 371 1362 426 asperius
1395 370 1445 412 de
1477 385 1523 411 οο
1557 370 1714 426 scripsi,
1749 368 1968 424 aliquando

200 447 441 502 concerpito,
475 461 525 487 ne
559 445 721 500 quando
755 445 852 500 quid
887 450 1071 496 emanet;

1106 459 1179 499 ego
1212 445 1310 485 item
1342 448 1448 485 tuas.
1486 446 1527 484 4.
1562 443 1744 485 Servium
1768 446 1969 498 exspecto,

199 536 271 561 nec
318 519 368 561 ab
411 535 456 560 eo
498 519 718 574 quidquam
762 515 916 577 ὑγιές.
976 518 1099 568 Scies,
1145 516 1343 572 quidquid
1388 517 1478 558 erit.
1523 516 1619 558 Sine
1663 515 1789 557 dubio
1821 529 1971 557 errasse

199 609 270 634 nos
315 593 586 634 confitendum
628 597 702 633 est.
744 594 801 633 At
845 591 992 632 semel?
1034 596 1074 632 at

1117 606 1199 632 una
1239 591 1281 631 in
1315 591 1386 632 1·οΡ
1419 590 1549 631 Immo
1583 590 1730 640 omnia,
1769 604 1848 644 quo
1881 588 1970 630 dili·
2019 622 2024 626 .

198 666 359 720 gentius
393 666 581 720 cogitata,
616 681 662 706 eo
696 665 801 706 facta
836 670 931 706 sunt
963 664 1275 720 imprudentius.

325 763 474 808 Ἀλλά
508 763 569 809 τά
600 760 698 821 μὲν
726 762 1071 823 προτετύχθαι

1107 761 1335 820 ἐάσομεν,
1369 760 1661 821 ἀχνύμενοί
1685 775 1782 820 περ.

196 861 239 902 111
282 862 445 917 reliquis
489 862 607 904 modo
647 878 697 904 ne
741 877 919 904 ruamus.
965 861 1087 903 Iubes
1120 862 1227 903 enim
1262 861 1310 903 de
1343 861 1590 917 profectione
1624 878 1712 904 mea
1745 861 1968 918 providere.

196 935 305 987 Quid
354 936 610 991 provideam?
653 936 718 978 Ita
763 943 903 992 patent
951 936 1099 986 omnia,
1150 950 1252 991 quae
1298 935 1477 977 accidere
1524 942 1707 991 possunt,
1750 941 1812 985 ut,
1857 949 1905 976 ea
1934 933 1969 976 si

195 1010 329 1060 vitem,
365 1009 586 1052 sedendum
619 1011 671 1052 511
705 1026 796 1052 011111
830 1010 1022 1051 dedecore
1056 1015 1096 1051 et
1129 1009 1264 1051 dolore
1273 1028 1285 1061 ;
1320 1010 1353 1051 si
1385 1009 1603 1065 negligam,
1639 1007 1863 1066 periculum
1892 1010 1966 1056 est,

194 1097 242 1123 ne
283 1083 326 1123 in
370 1098 513 1124 manus
557 1083 732 1125 incidam
782 1082 1043 1138 perditorum.

194 1155 428 1210 optandum
476 1156 680 1197 interdum
729 1155 903 1206 videtur,
953 1162 999 1196 ut
1048 1155 1223 1210 aliquam
1272 1155 1517 1210 accipiamus
1564 1154 1614 1196 ab
1663 1154 1752 1196 istis
1785 1152 1968 1209 quamvis

194 1228 376 1270 acerbam
420 1229 624 1281 iniuriam,
672 1237 717 1271 ut
761 1235 929 1285 tyranno
962 1230 1006 1271 in
1040 1229 1132 1270 odio
1167 1228 1289 1270 fuisse
1322 1228 1544 1270 videamur.
1582 1231 1622 1270 5.
1659 1226 1816 1280 Quodsi
1848 1225 1967 1268 nobis

193 1302 226 1342 15
261 1317 415 1353 cursus,
451 1317 570 1356 quem
603 1318 817 1358 speraram,
852 1307 1019 1357 pateret,
1054 1302 1272 1343 effecissem
1305 1301 1459 1356 aliquid
1491 1302 1683 1357 profecto,
1713 1304 1761 1342 1113
1782 1304 1829 1341 1311
1852 1304 1967 1354 optas

193 1380 233 1415 et
266 1375 451 1426 hort-aris,
486 1375 655 1430 dignum
688 1381 825 1417 nostra
857 1390 982 1416 mora.
1017 1375 1094 1417 Sed
1128 1375 1317 1416 mirificae
1352 1380 1447 1416 sunt
1480 1375 1701 1425 custodiae,
1737 1380 1777 1415 et
1801 1372 1966 1429 quidem

1099 1082 1177 1124 Sed
1221 1082 1313 1123 vide
1347 1082 1510 1137 quantis
1542 1083 1586 1123 in
1620 1081 1792 1123 miseriis
1826 1080 1967 1124 simus.

192 1449 258 1489 ille
302 1449 386 1504 ipse
431 1448 552 1490 Curio
598 1454 822 1504 suspectus.
879 1448 1012 1499 Quare
1058 1448 1097 1488 vi
1141 1453 1212 1489 aut
1256 1448 1358 1489 clam
1403 1448 1606 1503 agendum
1649 1452 1733 1498 est;
1770 1450 1810 1488 et
1843 1446 1878 1488 si
1909 1447 1964 1499 vi,

193 1522 336 1563 †f0rte
370 1537 418 1562 ne
453 1537 544 1562 cum
577 1526 836 1577 tempestate:
872 1521 973 1562 clam
1006 1526 1140 1562 autem
1174 1520 1292 1562 ist-is?
1329 1521 1378 1562 In
1413 1535 1492 1574 quo
1526 1521 1560 1562 si
1595 1521 1703 1576 quod
1737 1517 1963 1578 σφάλμα,

194 1595 303 1636 vides
337 1610 456 1650 quam
489 1602 619 1649 turpe.
655 1594 730 1636 Sed
765 1595 976 1644 trahimur,
1012 1609 1084 1635 nec
1118 1593 1377 1648 fugiendum,
1403 1594 1437 1635 si
1460 1594 1558 1649 quid
1587 1595 1816 1636 violentius.
1842 1597 1884 1634 6.
1904 1594 1964 1635 De

193 1668 343 1718 Caelio,
378 1684 493 1724 saepe
527 1683 684 1710 mecum
718 1669 840 1723 agito,
874 1683 962 1718 nec,
997 1668 1030 1709 51
1055 1668 1152 1723 quid
1177 1667 1355 1709 habuero
1375 1667 1470 1718 tale,
1490 1667 1707 1710 dimittam.
1744 1668 1963 1723 Hispanias

236 1835 274 1865 18
296 1845 387 1876 quam
409 1837 499 1875 turpe
521 1834 574 1865 sil.
600 1832 766 1864 Trahimur
789 1850 829 1855 —

234 1990 268 2031 Q.
294 1991 401 2031 s'fvm
425 1991 563 2022 severius
586 1991 746 2022 adhibebo.
768 1992 1046 2023 Emendationem
1069 1995 1072 2030 1

188 2044 321 2074 Graevii
344 2044 485 2075 cohibebo
507 2045 689 2085 probarem,
713 2045 778 2076 nisi
798 2045 943 2076 obstaret
957 2045 1048 2076 loeus
1069 2037 1071 2083 ζ

187 2106 229 2127 ex
252 2097 345 2137 epist.
368 2097 410 2128 ad
431 2096 473 2135 Q.
496 2096 534 2127 fr.
557 2097 584 2127 Ι.
610 2097 636 2133 1,
670 2097 719 2134 16,
750 2097 808 2128 ubi
837 2096 954 2128 Graeci
987 2097 1046 2128 ad·
1069 2086 1071 2091 Α

186 2149 285 2179 hiberi
307 2149 481 2180 liberaliter
503 2149 666 2186 dicuntur,
691 2156 722 2181 et
745 2150 841 2181 Verr.
867 2150 909 2180 V.
927 2150 976 2187 70,
990 2150 1047 2180 ubi

184 2202 337 2233 meliores
359 2202 436 2233 libri
459 2203 528 2233 Mss
569 2203 665 2233 dant:
701 2205 735 2232 ut
753 2202 782 2232 is
802 2219 844 2225 —
861 2213 951 2244 quam
974 2202 1047 2233 libe·

186 2257 344 2288 ralissime
366 2257 664 2299 commodissimeque
692 2258 905 2288 adhiberetur.
936 2257 1047 2288 Severe
1068 2274 1070 2292 ,-

186 2310 319 2352 aliquem
344 2310 493 2342 adhibere
512 2315 560 2341 est
581 2317 720 2342 tractare
743 2321 855 2343 severe
869 2311 922 2342 vel
938 2311 1046 2342 obiur-
1068 2304 1070 2338 ἶ

1067 2371 1070 2387 ²
1093 2364 1270 2395 cessarium
1294 2365 1440 2402 vocavit;
1465 2365 1523 2396 sed
1551 2370 1669 2396 neuter
1698 2364 1877 2396 attendisse
1908 2364 1955 2395 vi-

1066 2430 1069 2434 *
1092 2418 1187 2448 detur
1209 2419 1250 2449 ad
1271 2418 1441 2450 insolitam
1462 2418 1742 2450 constructionem
1771 2418 1849 2449 clam
1871 2418 1953 2456 istis,

186 2374 273 2406 gare.

227 2419 245 2458 ξ
268 2420 298 2448 4.
321 2418 395 2448 Mea
411 2418 592 2459 providere.
623 2417 810 2449 Gronovius
832 2418 976 2449 malebat
999 2428 1045 2448 me

181 2472 355 2512 providere.
377 2473 451 2513 Ego
472 2483 538 2503 mea
562 2482 607 2503 me
622 2472 805 2512 providere.

225 2528 243 2567 ξ
266 2530 294 2558 5.
325 2527 360 2557 Π
382 2529 438 2557 aut
460 2527 540 2558 clam
562 2526 714 2567 aqenclum
745 2528 802 2556 est.
833 2525 921 2557 Cave
949 2531 1042 2567 putes

183 2584 251 2614 vim
274 2593 390 2623 parum
420 2582 598 2613 convenire
629 2581 796 2618 Cicer0ni3
834 2581 953 2622 quippe
983 2581 1067 2624 i1103

181 2643 328 2678 tempore
358 2636 554 2668 Caelianum
590 2635 714 2676 aliquid
743 2635 764 2665 i.
791 2644 818 2666 e.
856 2635 1042 2666 violentum

181 2690 309 2721 facinus
332 2689 510 2729 cogitabat.
533 2687 575 2719 cf.
598 2688 616 2728 ξ
639 2696 706 2727 seq.
750 2688 791 2718 In
815 2687 864 2724 iis,
888 2697 972 2728 quae
995 2697 1041 2718 se-

181 2748 336 2784 quuntur,
359 2747 538 2782 utrumque
569 2740 747 2772 consilium
781 2740 966 2771 considerat
1000 2740 1064 2779 μή.

179 2797 211 2826 vi
233 2815 273 2819 —
296 2796 402 2834 elam),
424 2796 481 2826 sed
504 2794 605 2826 verba
616 2804 683 2824 non
699 2793 827 2833 integra
839 2799 917 2824 sunt
950 2793 1040 2824 Nam

171 2851 266 2891 sorte
288 2852 318 2881 et
341 2850 407 2881 dici
428 2860 486 2891 pro
499 2849 645 2890 fortasse
675 2847 769 2878 etiam
803 2847 914 2888 posuit
946 2847 1038 2878 Han·
1061 2814 1065 2867 l

179 2905 252 2935 dius
275 2905 309 2935 in
333 2905 430 2935 Turs.
453 2904 499 2935 Π.
521 2913 552 2944 p.
577 2902 639 2933 524
661 2907 691 2932 et
722 2901 792 2939 741,
822 2911 890 2932 non
923 2901 1037 2941 proba·
1060 2898 1063 2948 j

179 2958 241 2994 vit3
266 2963 338 2988 tum
359 2957 458 2998 plane
480 2957 630 2996 ineptum
653 2961 702 2985 est
716 2953 869 2993 ayendam
887 2955 1037 2984 cumtem-
1060 2949 1063 2968 '

175 3013 309 3051 pestate,
343 3009 534 3050 praesertim
567 3017 670 3049 quum
699 3012 874 3047 tempestas
906 3006 1038 3047 propria

179 3065 212 3095 vi
235 3064 409 3105 procellae,
433 3073 501 3094 non
523 3066 560 3092 ut
581 3061 716 3092 Handio
738 3060 848 3091 visum
877 3059 1035 3091 translate

180 3118 220 3149 de
242 3117 488 3158 perturbatione
509 3124 620 3147 rerum
634 3114 764 3145 dicitur.
789 3113 906 3146 Orellii
920 3118 1037 3145 neutra
1058 3082 1061 3146 1

179 3172 366 3202 coniectura
389 3171 510 3211 placet:
535 3169 592 3200 alii
614 3168 718 3200 critici
742 3168 828 3200 nihil
840 3167 1034 3199 attulerunt.
1059 3170 1061 3192 ’-

1096 1992 1249 2024 Fortasse
1271 1993 1497 2024 scribendum:
1527 1991 1632 2033 Quare
1654 1990 1685 2022 vi
1706 1993 1762 2022 aut
1775 1991 1958 2039 clama-qen-

1096 2046 1166 2077 dum
1205 2049 1268 2083 est5
1307 2047 1368 2077 etsi
1403 2047 1462 2078 vim
1495 2042 1618 2083 horreo,
1650 2046 1762 2076 nedum
1795 2048 1959 2087 tempesta-

1098 2101 1178 2136 tem;
1202 2100 1282 2130 clam
1305 2102 1408 2130 antem
1437 2099 1513 2130 victi
1549 2101 1606 2130 est.
1635 2098 1815 2130 Posti-emis
1848 2098 1957 2130 verbis

1096 2153 1176 2184 clam
1213 2156 1317 2183 autem
1345 2153 1417 2184 istis
1457 2152 1601 2185 Orellius
1643 2152 1871 2193 interrogandi
1915 2153 1958 2184 si-

1068 2200 1069 2207 *
1095 2215 1201 2246 gnum
1221 2206 1380 2247 apposuit,
1405 2215 1508 2246 eaque
1542 2205 1718 2246 explicuit:
1751 2219 1765 2231 u
1779 2205 1956 2243 Quomodo

1095 2266 1206 2290 autem
1230 2259 1374 2300 effugere
1396 2265 1510 2300 potero
1533 2258 1619 2289 clam
1641 2258 1723 2296 istis,
1746 2258 1804 2299 qui
1820 2268 1874 2290 me
1888 2263 1956 2290 tam

1093 2312 1209 2342 sedulo
1232 2318 1402 2343 asservant
1411 2311 1450 2342 ?”
1481 2311 1635 2342 Handius
1657 2311 1703 2342 1.l.
1725 2311 1789 2343 hoc
1810 2321 1878 2342 non
1901 2321 1956 2343 ne-

1092 2480 1195 2510 quum
1217 2477 1327 2503 tamen
1350 2472 1505 2503 Handius
1528 2471 1562 2502 in
1586 2472 1702 2503 eodem
1725 2471 1851 2502 volum.
1867 2481 1900 2512 p.
1913 2471 1952 2502 91

1091 2525 1255 2556 docuisset
1277 2527 1356 2556 elam
1370 2527 1457 2567 apud
1486 2525 1681 2558 Ciceronem
1693 2535 1865 2566 nunquam
1878 2535 1953 2556 cum

1091 2579 1226 2610 nomine
1238 2579 1407 2620 coniungi,
1422 2590 1551 2621 semper
1567 2589 1637 2611 esse
1650 2579 1854 2610 adverbium.
1877 2578 1952 2610 Hoc

1090 2631 1192 2671 igitur
1199 2642 1267 2662 non
1280 2633 1385 2673 magis
1396 2632 1569 2664 ferendum
1586 2637 1663 2669 erat,
1675 2642 1775 2673 quam
1783 2631 1953 2672 superiora

1090 2685 1159 2715 illa.
1182 2685 1294 2716 Verba
1317 2691 1427 2717 autem
1451 2686 1729 2726 quemadmodum
1751 2695 1770 2716 a
1793 2694 1846 2716 me
1861 2684 1951 2716 resti-

1063 2734 1065 2746 ²
1090 2743 1159 2768 tuta
1171 2743 1248 2768 sunt
1260 2748 1328 2769 non
1341 2738 1442 2778 longe
1454 2739 1613 2770 recedunt
1625 2748 1643 2769 a
1656 2738 1818 2779 scriptura
1829 2737 1950 2769 codicis

1088 2792 1241 2830 Medicei,
1265 2797 1297 2823 et
1319 2792 1513 2824 facillimam
1534 2793 1693 2834 praebent
1714 2791 1921 2824 sententiam.

1128 2845 1170 2876 In
1192 2856 1250 2887 quo
1272 2856 1303 2876 0:
1329 2846 1357 2877 si
1378 2846 1466 2877 clam
1487 2846 1652 2887 profectus
1674 2846 1709 2877 in
1745 2854 1863 2877 manus
1896 2845 1952 2876 ad-

1088 2898 1308 2929 versariorum
1333 2898 1487 2929 incidam.

1127 2950 1190 2982 Sed
1210 2951 1374 2982 trahimur.
1413 2952 1515 2984 Recte
1543 2953 1571 2983 I.
1602 2951 1640 2982 F.
1672 2950 1860 2983 Gronovius
1901 2951 1948 2982 ita

1085 3005 1229 3036 correxit
1254 3005 1287 3036 h.
1308 3005 1331 3036 l.
1355 3006 1425 3037 Sed
1446 3006 1526 3038 latet
1547 3005 1583 3036 in
1606 3007 1663 3043 est,
1687 3005 1776 3046 quod
1801 3014 1821 3035 a
1842 3004 1947 3037 Mala

1085 3059 1179 3100 spina
1200 3059 1235 3090 in
1258 3059 1301 3089 sit
1323 3064 1487 3091 mutatum
1509 3059 1619 3092 verbis
1649 3069 1737 3100 quam
1773 3060 1864 3099 turpe
1893 3058 1945 3089 ad-

1083 3111 1207 3143 iectum
1228 3117 1287 3143 est.

1127 3165 1146 3204 §
1171 3165 1200 3196 6.
1223 3164 1273 3195 De
1299 3163 1417 3197 Caelio.
1441 3166 1482 3196 cf.
1505 3175 1554 3206 ep.
1580 3166 1621 3196 14
1642 3169 1726 3196 extr.
1742 3164 1791 3202 15,
1807 3163 1897 3201 2.16‚
1914 3165 1945 3194 4.

2059 2707 2062 2818 1

2058 3010 2062 3118 j
