2062 3565
206 148 290 188 188
602 147 686 188 ΕΡ.
721 146 796 187 AD
829 146 875 187 Τ.
910 145 1259 187 POMPONIUM
1291 145 1554 187 ATTICUM.

200 283 422 326 Carneades
455 286 496 323 et
527 296 573 322 ea
604 280 751 336 legatio
784 280 952 322 Romam
985 279 1138 322 venerit
1172 279 1365 335 scriptum
1400 282 1461 321 est
1492 280 1535 321 in
1567 284 1637 322 tuo
1659 279 1808 322 annali.
1843 279 1955 323 Haec

197 372 305 400 nunc
348 370 493 412 quaero
538 369 639 410 quae
683 367 803 395 causa
847 353 982 394 fuerit.
1031 353 1092 394 De
1136 353 1284 409 Oropo,
1319 353 1473 409 opinor,
1508 353 1577 395 sed
1611 358 1763 395 certum
1795 353 1953 406 nescio;

196 437 248 482 et,

195 504 416 560 Epicureus
449 502 570 544 fuerit
603 501 854 556 Athenisque
875 500 1092 556 praefuerit
1108 500 1263 542 hortis}>
1287 501 1358 556 qui
1380 501 1501 542 etiam
1519 501 1690 543 Athenis
1707 497 1955 544 πολιτικοὶ

162 587 175 611 5
195 576 346 619 fuerint
377 576 581 618 illustres?
615 575 728 627 Quae
760 578 800 615 te
835 573 956 615 etiam
990 589 1038 614 ex
1071 572 1306 629 Apollodori
1338 577 1437 629 puto
1470 588 1584 629 posse
1617 574 1811 616 invenire.
1832 576 1873 615 3.
1897 575 1958 616 De

195 650 347 701 Attica,
391 649 617 699 molestum,
661 647 730 689 sed
775 647 964 701 quoniam
1009 646 1163 697 leviter,
1208 651 1314 688 recte
1358 662 1442 688 esse
1475 646 1646 688 confido.
1696 647 1758 688 De
1791 647 1958 689 Gamala

196 722 366 765 dubium
410 721 511 763 mihi
559 735 640 762 non
684 723 782 761 erat.
833 718 952 761 Unde
997 719 1103 760 enim
1147 723 1231 760 tam
1263 718 1359 760 felix
1391 719 1518 774 Ligus
1552 720 1688 775 pater?
1720 720 1827 761 Nam
1861 720 1958 775 quid

299 431 332 472 si
380 430 437 471 ita
481 433 554 479 est,
601 443 701 483 quae
745 427 1066 469 controversiae?
1114 427 1338 478 Praeterea,
1383 427 1453 482 qui
1495 442 1541 468 eo
1582 431 1761 483 tempore
1808 426 1956 468 nobilis

196 796 246 837 de
289 811 351 837 me
392 794 537 845 dicam,
583 793 648 835 cui
692 797 739 834 ut
771 792 906 833 omnia
939 791 1190 846 contingant,
1225 807 1327 847 quae
1359 792 1463 843 volo,
1496 791 1620 833 levari
1652 807 1735 834 non
1766 793 1959 848 possum?

197 869 258 911 De
301 868 424 910 Drusi
471 867 612 917 hortis,
658 866 799 922 quanti
831 865 993 906 licuisse
1026 869 1073 906 tu
1105 864 1261 916 scribis,
1295 864 1337 906 id
1370 880 1444 920 ego
1477 880 1635 921 quoque
1668 866 1872 908 audieram
1905 871 1958 917 et,

145 955 180 980 10
196 947 244 984 ut
287 942 442 998 opinor,
486 941 572 982 heri
615 940 665 982 ad
709 945 748 981 te
792 939 1041 994 scripseram,
1087 938 1157 980 sed
1197 938 1495 994 quantiquanti,
1540 938 1641 981 bene
1674 940 1820 982 emitur
1853 940 1960 995 quod

196 1031 356 1058 necesse
399 1019 472 1057 est.
522 1015 642 1065 Mihi,
693 1028 854 1069 quoquo
899 1013 1017 1054 modo
1061 1017 1107 1054 tu
1150 1013 1354 1055 existimas
1400 1014 1457 1043 -'—-
1504 1013 1586 1055 scio
1630 1013 1737 1055 enim
1770 1028 1843 1069 ego
1875 1014 1960 1070 ipse

199 1088 296 1143 quid
337 1087 387 1130 de
430 1103 493 1129 me
538 1087 762 1128 existimem
812 1111 869 1116 —-—
913 1086 1060 1128 levatio
1105 1086 1300 1142 quaedam
1344 1091 1418 1138 est,
1461 1087 1495 1128 si
1537 1087 1671 1129 minus
1715 1087 1876 1139 doloris,
1921 1093 1963 1130 at

199 1163 318 1205 officii
361 1161 502 1204 debiti.
551 1161 617 1202 Ad
652 1160 810 1202 Siccam
843 1160 998 1216 scripsi,
1033 1160 1139 1215 quod
1173 1161 1303 1202 utitur
1335 1161 1384 1202 L.
1418 1160 1551 1203 Cotta.
1586 1161 1628 1203 Si
1661 1161 1764 1203 nihil
1796 1162 1961 1203 confice-

199 1241 307 1279 retur
351 1235 399 1277 de
447 1234 775 1284 Transtiberinis,
820 1233 942 1275 habet
985 1234 1027 1275 in
1078 1234 1257 1276 Ostiensi
1306 1234 1425 1276 Cotta
1469 1233 1724 1276 celeberrimo
1756 1234 1858 1285 loco,
1893 1235 1962 1276 sed

584 1308 634 1350 ad
679 1309 782 1350 hanc
824 1323 908 1349 rem
954 1312 1089 1349 tamen
1135 1308 1225 1363 plus
1269 1308 1389 1349 etiam
1436 1323 1555 1363 quam
1599 1308 1710 1349 satis.
1761 1307 1810 1349 Id
1843 1307 1961 1348 velim

1599 1381 1686 1422 Nec
1735 1380 1836 1422 mihi
1882 1381 1962 1422 iam

147 1328 179 1354 15
199 1311 390 1367 pusillum
432 1310 532 1361 loci3

200 1384 364 1439 cogites.
414 1384 502 1425 Nec
545 1388 679 1424 tamen
725 1383 801 1423 ista
844 1382 972 1437 pretia
1021 1381 1225 1422 hortorum
1275 1381 1544 1436 pertimueris.

200 1463 364 1513 argento
404 1472 477 1498 nec
520 1460 626 1497 veste
671 1471 771 1511 opus
804 1460 865 1496 est
897 1469 970 1496 nec
1005 1453 1246 1509 quibusdam
1283 1454 1460 1495 amoenis
1491 1454 1604 1504 locis,
1645 1453 1720 1495 hoc
1753 1470 1854 1511 opus
1887 1459 1961 1496 est.

200 1530 329 1572 Video
372 1530 491 1572 etiam
536 1545 558 1571 a
601 1529 748 1585 quibus
795 1528 974 1570 adiuvari
1018 1528 1180 1583 possim.
1232 1527 1309 1569 Sed
1353 1527 1515 1583 loquere
1559 1543 1650 1569 cum
1684 1528 1795 1570 Silio.

200 1604 307 1646 enim
355 1609 415 1645 est
454 1603 610 1645 melius.
652 1602 846 1644 Mandavi
888 1602 1008 1643 etiam
1043 1602 1193 1643 Siccae.

1846 1528 1963 1570 Nihil

1244 1601 1465 1657 Rescripsit
1497 1602 1764 1644 constitutum
1797 1618 1838 1645 se
1872 1617 1962 1644 cum

147 1693 182 1719 20
199 1693 245 1719 eo
278 1676 439 1719 habere.
473 1676 629 1719 Scribet
660 1676 792 1731 igitur·
819 1675 868 1717 ad
903 1690 965 1717 me
1000 1675 1097 1731 quid
1131 1676 1270 1731 egerit,
1305 1680 1346 1717 et
1377 1680 1424 1717 tu
1457 1675 1626 1717 videbis.

243 1812 263 1841 4
275 1810 382 1851 fuerit
405 1809 549 1847 Athenis,
571 1809 624 1851 qui
641 1808 827 1849 praeficerz't
849 1827 890 1831 —-
914 1808 951 1838 15
972 1808 1045 1849 plus
1067 1807 1161 1839 etiam
1184 1808 1265 1839 satis
1290 1827 1324 1831 —
1350 1808 1387 1841 17
1409 1807 1610 1850 quibusquam
1636 1828 1675 1833 —-

203 1939 270 1979 gati
292 1937 552 1969 Atheniensium
574 1938 713 1969 Romam
737 1943 907 1975 venerunt,
934 1938 1058 1969 multae

201 1997 332 2034 propter
354 1991 501 2032 Oropum
524 1997 683 2022 vastatam
705 1991 831 2022 civibus
855 1992 978 2023 Atticis
1001 1992 1057 2022 im-

202 2046 325 2088 positae
347 2046 575 2077 remissionem
599 2045 741 2086 petituri.
767 2045 815 2076 Cf.
835 2045 924 2076 Plut.
936 2045 971 2076 in
985 2045 1055 2076 Cat.

1084 1940 1233 1971 sincerta
1262 1939 1409 1971 codicem
1439 1938 1614 1971 Cratandri
1643 1938 1735 1979 sequi
1770 1937 1871 1968 tutius
1904 1941 1963 1967 cst.

1083 1980 1085 1989 ¹
1109 1992 1251 2024 Videtur
1272 1993 1372 2024 fuisse
1398 2002 1518 2024 nomen
1541 1992 1601 2023 filii
1624 1991 1676 2022 vel
1699 1990 1787 2022 filiae
1803 1989 1895 2021 Aelii
1907 1989 1963 2020 Li-

1082 2045 1084 2064 *
1108 2047 1199 2087 guris
1231 2047 1412 2083 cuiusdam,
1460 2045 1573 2076 cuius
1587 2044 1716 2075 obitum
1748 2053 1767 2074 a
1803 2041 1962 2074 Cicerone

200 2099 281 2131 Mai.
305 2098 356 2130 22.
378 2097 463 2130 Gell.
497 2098 538 2129 N.
562 2098 605 2129 A.
630 2098 710 2129 VH.
735 2099 784 2128 14.
824 2098 1059 2129 Nobilissimae
1082 2081 1084 2124 l
1106 2100 1276 2141 provisum
1298 2099 1430 2130 Atticus
1454 2098 1633 2129 nuntiarat.

200 2151 376 2192 legationis
399 2160 494 2192 saepe
529 2151 733 2182 mentionem
762 2150 838 2181 fecit
867 2150 990 2187 Cicero,
1022 2129 1083 2181 ut

1080 2193 1083 2251 J
1106 2207 1245 2238 miliaris
1274 2212 1334 2238 est.
1367 2206 1455 2237 Nota
1485 2212 1563 2237 sunt
1584 2205 1712 2236 mullum
1735 2204 1783 2235 uli
1804 2203 1912 2246 aliquo
1932 2208 1965 2235 et

1080 2264 1081 2288 ζ
1095 2259 1353 2300 familiarissime
1382 2260 1439 2290 uti.

199 2208 240 2239 de
256 2206 345 2239 Orat.
370 2207 416 2237 ΙΙ.
441 2206 511 2236 155.
535 2206 631 2237 Tusc.
655 2206 717 2236 IV.
744 2208 772 2242 5,
795 2205 901 2236 Acad.
926 2205 973 2236 ΙΙ.
988 2205 1058 2243 137,

199 2270 336 2302 eamque
359 2271 425 2291 non
448 2260 604 2291 omiserat
625 2260 756 2290 Atticus
777 2259 811 2290 in
826 2268 864 2290 eo
883 2259 977 2296 libro,
992 2269 1058 2299 quo

200 2329 213 2339 u
226 2314 512 2355 septingentorum
536 2322 700 2343 annorum
722 2312 918 2343 memoriam
952 2312 1055 2342 inclu-

197 2367 274 2404 sit,“'
296 2371 332 2397 ut
354 2365 467 2396 scribit
490 2364 558 2396 Cic.
582 2364 672 2397 Orat.
698 2365 771 2395 120.

239 2419 431 2460 Athenisque
448 2418 629 2459 praefuerit
651 2418 762 2449 horti&
785 2418 887 2450 Recte
902 2418 1056 2449 Klotzius

197 2474 282 2505 hane
320 2472 397 2503 libri
433 2472 523 2503 Med.
555 2471 753 2512 scripturam
783 2472 949 2503 revocavit
989 2481 1056 2502 mo-

198 2527 334 2567 nuitque
367 2526 399 2557 id
435 2526 523 2566 quod
560 2526 660 2566 vulgo
683 2526 804 2557 editur:
830 2525 937 2566 fuerit
960 2525 1056 2556 Athe-

198 2581 258 2619 nis,
280 2580 333 2622 qui
348 2580 534 2621 praefuerit
557 2580 658 2610 hortis
681 2579 837 2611 vitiosum
860 2590 939 2611 esse.
970 2580 1058 2610 Nam

197 2636 238 2667 de
260 2645 326 2666 uno
350 2634 485 2665 homine
521 2633 699 2675 quaeritur,
740 2643 807 2664 non
844 2634 885 2664 de
917 2633 1056 2669 duobus,

197 2697 338 2730 quorum
361 2687 442 2718 alter
471 2686 592 2717 nobilis
623 2686 804 2728 Epicureus
837 2685 945 2723 fuerit,
975 2686 1057 2717 alter

197 2740 302 2773 hortis
323 2739 508 2781 praefuerit.

240 2793 289 2824 Εἰ·
310 2791 495 2834 Apollodori
517 2801 559 2823 sc.
584 2791 669 2822 libro
700 2792 753 2823 vel
782 2801 889 2833 opere.
909 2791 1055 2831 ,Similis
1080 2804 1081 2814 ¹

199 2847 324 2889 ellipsis
345 2851 394 2878 est
416 2845 520 2876 XIII.
543 2846 592 2882 32,
617 2847 634 2876 3
666 2845 696 2876 in
728 2845 854 2876 Libonis
888 2850 919 2876 et
949 2846 1053 2876 Acad.

199 2903 227 2934 I.
251 2903 290 2933 13
326 2902 436 2932 contra
468 2899 622 2930 Philonis.
656 2900 840 2941 Respicitur
872 2906 982 2931 autem
1016 2901 1057 2930 ad

203 2959 366 2996 Chronica,
379 2967 463 2999 quae
474 2957 699 2998 Apollodorus
712 2957 945 2997 grammaticus
953 2957 1056 2988 Athe-

201 3012 326 3044 niensis
341 3011 460 3043 iambis
472 3010 673 3051 conscripsit,
688 3010 807 3051 quibus
822 3010 964 3041 multum
976 3020 1056 3041 usus

201 3071 250 3097 est
271 3064 439 3105 Diogenes
467 3063 630 3094 Laertius.
668 3063 709 3094 cf.
731 3063 873 3100 Ionsius,
906 3063 947 3094 de
980 3062 1055 3094 hist.

201 3119 319 3160 philos.
342 3117 466 3159 scriptt.
487 3116 535 3148 ΙΙ.
560 3115 607 3154 15,
631 3115 662 3148 2.

245 3173 264 3211 ξ
287 3174 316 3203 3.
339 3170 386 3203 De
410 3170 553 3202 Gamala.
578 3171 665 3202 Med.
690 3170 840 3212 Μαραιω-
871 3170 927 3202 scd
957 3170 990 3201 in
1023 3180 1056 3201 re

1155 2152 1247 2189 Quod
1268 2152 1369 2182 utitur
1390 2151 1425 2182 L.
1453 2151 1542 2182 cotta
1564 2161 1598 2182 o:
1623 2151 1711 2191 quod
1730 2150 1769 2181 L.
1794 2149 1908 2181 Cottae
1921 2149 1963 2180 fa-

1474 2259 1541 2290 Sed
1570 2259 1659 2290 nudo
1689 2258 1790 2289 verbo
1813 2258 1847 2289 in
1870 2267 1908 2289 ea
1930 2267 1965 2288 re

1103 2323 1182 2344 usus
1211 2318 1260 2344 est
1289 2322 1420 2354 quoque
1452 2312 1569 2343 Horat.
1592 2312 1653 2352 Ep.
1675 2312 1701 2342 I.
1725 2310 1774 2348 12,
1797 2310 1838 2342 22
1859 2314 1892 2342 et
1914 2309 1964 2347 17,

1105 2366 1144 2397 13
1166 2377 1212 2407 sq.

1145 2420 1177 2451 Si
1210 2420 1293 2450 nihil
1328 2419 1540 2460 conficeretur.
1576 2418 1695 2450 Malim
1725 2427 1801 2448 cum
1835 2416 1898 2448 Pio
1934 2422 1966 2449 et

1103 2474 1235 2505 Mosero
1258 2473 1372 2514 Symb.
1397 2472 1476 2504 Crit.
1500 2472 1600 2503 VIII.
1623 2483 1653 2513 p.
1678 2474 1695 2502 5
1718 2470 1910 2512 conficietur,
1932 2477 1966 2502 et

1103 2528 1138 2559 in
1163 2534 1247 2559 extr.
1271 2527 1434 2559 sententia
1456 2526 1532 2557 dedi
1549 2526 1622 2567 plus
1652 2524 1746 2556 etiam
1768 2535 1859 2566 quam
1883 2524 1964 2555 satis

1105 2590 1123 2611 0
1152 2590 1256 2621 marg.
1291 2580 1379 2611 Crat.
1413 2579 1546 2610 Mosero
1569 2584 1679 2609 tamen
1701 2578 1846 2609 concedo
1868 2575 1964 2608 etiam

1106 2633 1226 2665 melius
1249 2633 1372 2664 abesse.

1147 2687 1212 2718 Nee
1244 2686 1319 2717 mihi
1350 2685 1412 2717 iam
1445 2687 1574 2726 aryenlo
1608 2695 1664 2716 nec
1695 2686 1779 2715 veste
1810 2692 1886 2724 opus
1918 2685 1964 2714 esl

1105 2752 1161 2772 nec
1182 2741 1362 2782 quibusdam
1385 2739 1523 2771 amoenis
1545 2739 1631 2771 locis.
1663 2739 1842 2779 Ingeniose
1865 2737 1963 2778 Pluy-

1105 2795 1232 2836 gersius
1255 2795 1288 2825 in
1311 2795 1475 2825 Mnemos.
1498 2793 1592 2825 Leid.
1616 2793 1658 2823 V.
1683 2803 1714 2833 p.
1738 2791 1797 2824 327
1818 2801 1865 2832 sq.
1883 2791 1964 2821 haec

1079 2849 1151 2887 {sic
1172 2848 1332 2880 correxit:
1355 2848 1441 2879 Nec
1463 2847 1565 2879 mihi
1589 2853 1670 2878 tam
1692 2850 1871 2886 argento
1890 2853 1964 2876 nee

1104 2910 1219 2935 veste
1236 2913 1339 2944 opus
1357 2908 1417 2934 est
1434 2912 1570 2943 neque
1586 2901 1731 2938 bubus,
1747 2909 1846 2941 quam
1859 2907 1964 2930 amoe-

1104 2957 1156 2988 nis
1178 2957 1274 2987 locis:
1298 2956 1371 2986 hoc
1394 2965 1495 2996 opus
1519 2960 1590 2987 est.
1613 2955 1654 2985 In
1676 2953 1727 2985 his
1739 2953 1840 2983 verba
1854 2951 1964 2994 diduc-

1079 3008 1080 3011 ’
1104 3009 1146 3041 tis
1168 3009 1271 3040 literis
1293 3008 1413 3049 scripta
1437 3013 1514 3039 sunt
1535 3007 1675 3039 alicuius
1692 3006 1816 3047 poetae,
1830 3004 1965 3036 fortasse

1107 3062 1243 3094 Lucilii.

1149 3114 1323 3154 Rescripsit
1354 3131 1394 3137 —-
1422 3112 1536 3144 habere
1558 3122 1591 3143 o:
1616 3111 1710 3144 Sicca
1732 3111 1898 3153 rescripsit
1929 3119 1964 3142 se

1109 3178 1184 3200 011111
1207 3167 1292 3201 Silio
1314 3168 1354 3200 dc
1376 3177 1413 3200 ea
1436 3177 1470 3199 re
1492 3170 1640 3200 acturum
1663 3176 1741 3198 esse.
