2062 3565
723 143 830 185 LIB,
870 143 985 185 Vin.
1022 144 1105 186 ΕΡ.
1143 147 1182 184 1.
1221 147 1259 183 ι’).
1831 145 1882 184 13

102 279 221 321 inest.
256 279 333 321 Sed
368 278 416 320 de
452 279 525 320 hoc
561 279 682 320 nimis
716 279 858 320 multa.
894 280 935 320 3.
971 279 1058 334 Ego
1092 294 1233 320 navem
1270 279 1431 334 paravi3
1465 285 1557 321 tuas
1590 278 1724 320 literas
1747 284 1878 320 tamen

101 358 301 407 exspecto,
336 358 382 394 ut
417 354 540 394 sciam
564 353 662 409 quid
708 353 978 409 respondeant
996 353 1283 394 consultationi
1308 368 1433 395 meae.
1467 353 1658 395 Sulmone
1675 351 1722 392 C.
1743 352 1878 392 Atium

104 424 317 480 Pelignuin
353 427 555 481 aperuisse
590 426 770 468 Antonio
806 431 954 481 portas,
990 441 1113 480 quum
1148 432 1282 467 essent
1304 426 1488 468 cohortes
1513 426 1707 481 quinque,
1732 425 1783 477 Q.
1802 425 1881 466 Lu-

101 499 271 540 cretium
303 498 398 541 inde
433 499 620 555 effugisse
655 499 755 549 seis;
792 499 816 541 †
835 498 1013 540 Gnaeum
1048 499 1104 540 ire
1140 498 1400 541 Brundisium
1432 499 1650 541 desertum.
1685 497 1876 539 Confecta

102 586 163 612 res
196 577 272 614 est.

145 739 164 778 ξ
187 740 216 769 3.
239 737 305 778 qu
327 748 436 769 navem
456 738 580 778 paravi.
617 736 667 769 Cf.
691 746 741 777 ep.
764 745 868 777 praec.
893 738 912 777 ξ
935 736 964 767 6.
1016 736 1102 767 tium.
1126 737 1238 769 Possis
1260 746 1392 778 quoque
1425 737 1550 778 legere:
1581 736 1705 769 deserto
1736 737 1882 769 Domitio.

152 792 421 825 Consultationem
444 803 537 824 suam
560 792 674 824 Cicero
699 797 793 823 vocat
816 802 863 829 66,
886 802 969 833 quae
1014 792 1080 824 Sed
1104 803 1220 824 vereor
1243 804 1283 825 ne
1321 794 1415 834 plura
1448 794 1502 824 hic
1535 793 1665 825 turbata
1693 794 1769 831 sint,
1800 803 1882 834 qnae

105 847 261 887 leguntur
284 847 408 878 ibidem
431 847 449 886 ξ
471 847 566 877 2-6.
993 850 995 860 ’
1019 847 1091 878 sine
1115 847 1310 878 melioribus
1336 847 1429 878 libris
1453 847 1582 878 restitui
1596 854 1772 888 nequeant.
1797 848 1882 879 Mihi

148 898 281 931 Gnaeum
298 899 345 930 ire
363 898 567 930 Brundisium
585 899 779 937 †(lesertum.
803 898 971 930 Domitium
994 909 995 933 ι
1015 899 1093 930 satis
1111 899 1234 940 placet:
1261 900 1313 930 Cn.
1336 900 1427 930 aiunt
1451 901 1498 931 ire
1517 899 1731 931 Brundisium.
1749 899 1882 931 Deserto

109 953 272 985 excidisse
293 953 430 994 Lipsius
451 953 598 994 putabat.
644 952 854 985 Concinnius
884 959 972 985 certe
995 952 1153 1003 [Domitio
1174 954 1319 990 contecta
1342 964 1392 984 res
1415 956 1472 984 est.

108 1011 201 1044 esset,
224 1007 315 1047 quod
337 1006 538 1047 excogitavit
560 1004 721 1039 Orellius:
744 1006 847 1038 deseri
870 1006 971 1038 Domi-

751 1114 798 1155 V.
865 1115 930 1167 (A.
973 1114 1018 1154 U.
1057 1115 1098 1154 C.
1136 1114 1254 1167 705.)

175 1231 212 1270 1.
255 1228 391 1281 Quum
436 1234 528 1270 ante
572 1228 703 1270 lucem
747 1242 830 1271 ux.
865 1228 959 1270 Kal.
993 1228 1045 1270 ad
1077 1234 1116 1270 te
1150 1228 1287 1270 literas
1322 1228 1386 1283 (de
1420 1229 1630 1285 Dionysio)
1665 1229 1879 1279 dedissem,

111 1302 264 1357 vesperi
304 1302 355 1344 ad
399 1317 472 1344 nos
514 1301 654 1344 eodem
698 1301 763 1344 die
796 1302 909 1344 venit
940 1302 1026 1359 ipse
1062 1302 1318 1359 [Dionysius]
1354 1303 1593 1345 auctoritate
1627 1308 1698 1344 tua
1730 1317 1883 1358 permo-

109 1381 189 1426 tus,
224 1380 271 1417 ut
303 1375 498 1431 suspicor.
532 1374 643 1427 Quid
676 1375 785 1416 enim
817 1379 958 1430 putem
991 1374 1129 1416 aliud?
1171 1374 1261 1417 Etsi
1294 1376 1395 1418 solet
1429 1391 1535 1428 eum,
1571 1391 1695 1431 quum
1731 1374 1883 1429 aliquid

111 1448 258 1491 furiose
292 1448 402 1500 fecit,
435 1448 655 1504 poenitere.
691 1449 913 1504 Nunquam
948 1453 1083 1490 autem
1117 1449 1260 1490 certior
1293 1449 1372 1491 fuit
1399 1465 1518 1505 quam
1541 1450 1585 1492 in
1608 1450 1685 1492 1106
1707 1449 1884 1506 negotio.
1925 1470 1938 1493 5

112 1522 233 1574 Nam,
279 1522 386 1576 quod
431 1522 481 1564 ad
526 1527 566 1565 te
609 1538 692 1565 11011
735 1523 985 1579 scripseram,
1030 1527 1168 1578 postea
1216 1523 1354 1566 audivi
1386 1540 1409 1566 a
1439 1524 1560 1566 tertio
1593 1524 1764 1566 miliario
1797 1529 1884 1565 tum

112 1611 203 1637 eum
236 1611 314 1638 1sse

363 1699 543 1746 Πολλοὶ
573 1700 740 1761 μάτην
773 1701 1035 1763 κεράεσσιν
1069 1702 1121 1756 ἐς
1153 1704 1272 1765 ἠέρα
1308 1704 1636 1762 evomamu-

115 1804 256 1857 multa,
290 1806 471 1861 inquam,
506 1809 611 1850 mala
644 1824 734 1851 eum
768 1810 930 1861 dixisse,
978 1826 1051 1853 suo
1086 1812 1222 1867 capiti,
1258 1817 1305 1853 ut
1337 1812 1466 1854 aiunt.
1502 1811 1579 1854 Sed
1613 1826 1742 1853 meam
1776 1826 1886 1852 mau-

158 1983 178 2013 2
198 1982 328 2014 lilteras
349 1984 394 2015 ad
414 1986 446 2016 te
468 1984 507 2016 de
519 1984 670 2026 Dionysio
692 1985 843 2017 dedissem
868 2005 908 2010 —
931 1986 949 2017 3
971 1987 1037 2027 ipse
1061 1987 1280 2028 Dionysins-
1295 1990 1312 2018 5
1327 1988 1472 2026 †certi0r
1494 2006 1535 2012 —-
1557 1987 1575 2020 7
1598 1997 1665 2019 eum
1695 1980 1795 2028 ῥίψαι
1847 2000 1889 2007 -

116 2034 135 2066 9
159 2034 227 2067 Sed
245 2046 264 2067 o
285 2046 383 2068 meam
407 2056 447 2060 —

160 2184 180 2224 ξ
211 2183 238 2215 1.
269 2183 318 2215 De
343 2182 507 2226 Dionysio.
530 2185 667 2217 Retinui
689 2185 897 2227 Malaspinae
917 2186 980 2217 hoe

120 2238 383 2270 additamentum
412 2248 429 2270 e
451 2240 555 2277 codd„
578 2245 616 2271 ut
638 2240 788 2278 affirmat,
811 2241 981 2282 depromp-

121 2296 201 2330 tum,
225 2292 385 2333 quoniam
407 2293 572 2325 sententia
592 2293 728 2334 flagitat.
763 2293 830 2326 Sed
852 2295 879 2326 si
900 2295 982 2326 11666

121 2345 332 2386 praecedunt,
355 2350 442 2377 recte
464 2346 614 2388 sequitur
642 2347 719 2387 ipse,
741 2357 809 2379 non
831 2348 898 2388 ipse
920 2347 981 2379 Di-

121 2398 261 2441 onysius.

166 2451 296 2484 Certior.
319 2453 440 2485 Bosius
462 2459 550 2486 recte
577 2455 638 2486 hoc
665 2456 864 2487 vocabulum
880 2456 983 2497 expli-

125 2505 204 2536 cuit.
228 2504 339 2536 Certus
361 2506 491 2544 dicitur,
513 2507 570 2547 qui
592 2508 707 2539 firmus
730 2514 843 2540 manet
865 2509 900 2540 in
912 2519 984 2550 pro-

123 2557 230 2598 posito
260 2567 329 2596 3110,
360 2567 459 2599 quem
488 2559 540 2590 sui
566 2559 698 2591 consilii
725 2570 794 2591 non
828 2561 982 2601 poenitet.

122 2611 249 2642 Eadem
271 2612 305 2643 vi
327 2612 463 2653 ponitur
484 2612 571 2644 infra
592 2612 637 2651 X,
662 2613 710 2651 11,
727 2614 756 2651 3,
772 2614 830 2645 ubi
845 2615 983 2646 deterio-

123 2674 174 2696 res
203 2665 297 2696 codd.
325 2670 496 2697 mutarunt
523 2666 557 2697 in
579 2666 761 2706 fortiorem,
784 2669 873 2708 quod
894 2668 983 2699 idem

125 2719 247 2750 sactum
275 2729 327 2760 ap.
355 2720 492 2751 Livium
521 2720 566 2758 X,
600 2722 639 2752 35
669 2726 753 2752 extr.
787 2722 821 2753 in
856 2722 981 2754 verbis:

118 2773 295 2813 procedunt
325 2773 478 2804 adversus
511 2774 626 2806 hostem
649 2785 706 2806 nec
726 2785 780 2816 spe
801 2785 857 2807 nee
879 2776 983 2807 animo

124 2825 297 2856 certiorem.
319 2825 438 2866 Neque
459 2826 555 2858 aliter
577 2827 696 2868 aliquis
721 2828 755 2858 in
767 2827 866 2859 Mart.
879 2829 982 2869 epigr.

125 2877 169 2916 V,
192 2878 231 2909 61
255 2881 358 2910 certus
379 2881 410 2910 et
432 2889 525 2920 asper
537 2880 625 2910 homo
637 2886 784 2912 vocatur.
805 2881 883 2912 Non
901 2891 983 2922 opus

129 2931 228 2973 igitur
249 2933 446 2965 coniecturis
467 2934 656 2966 criticorum
679 2935 810 2973 caecior,
829 2936 983 2974 cerritior,

127 2984 250 3022 tetrior,
271 2985 422 3022 acerbior,
445 2995 506 3018 nec
529 2995 577 3024 eo,
602 2989 691 3028 quod
712 2988 796 3019 mihi
818 2988 899 3019 olim
919 2988 984 3029 pla-

131 3037 234 3075 cebat,
255 3037 382 3069 iratior.

167 3085 285 3123 Πολλὰ
303 3105 353 3112 -·
372 3082 597 3136 θυμήναντα.
640 3093 798 3125 Nondum
831 3094 985 3125 inventus

135 3151 184 3177 est
200 3152 312 3178 auctor
323 3157 445 3184 versus,
457 3157 523 3188 quo
534 3148 725 3189 depingitur
735 3155 848 3180 taurus
864 3149 985 3186 furens,

1025 2196 1126 2228 quem
1154 2187 1266 2228 pulcre
1296 2187 1449 2229 depinxit
1483 2187 1654 2228 Vergilius
1678 2186 1798 2229 Georg.
1822 2188 1887 2226 ΠΙ,

1025 2240 1087 2271 232
1114 2249 1183 2281 sqq.
1212 2248 1245 2272 et
1273 2241 1306 2271 in
1339 2241 1588 2282 comparatione
1610 2242 1698 2273 Aen.
1721 2241 1804 2278 XII,
1828 2242 1888 2272 103

1024 2305 1114 2337 seqq.

1025 2379 1177 2420 Mugitus
1200 2379 1304 2411 veluti
1325 2390 1430 2421 quum
1452 2381 1559 2422 prima
1580 2381 1615 2412 in
1635 2380 1761 2422 proelia
1776 2385 1889 2412 taurus

1028 2433 1204 2465 Terrificos
1226 2435 1300 2472 ciet,
1324 2439 1422 2476 atque
1453 2435 1549 2466 irasci
1571 2435 1606 2466 in
1628 2445 1752 2466 cornua-
1773 2439 1888 2473 tentat,

1026 2485 1168 2518 Arboris
1188 2487 1334 2518 obnixus
1356 2493 1484 2525 trunco,
1506 2492 1688 2528 ventosque
1710 2487 1841 2519 lacessit

1027 2538 1163 2576 Ictibus,
1187 2543 1218 2570 et
1241 2549 1352 2580 sparsa
1374 2540 1415 2571 ad
1439 2550 1586 2581 pugnam
1612 2540 1757 2582 proludit
1780 2549 1888 2571 arena.

1071 2617 1171 2656 Quod
1193 2624 1269 2650 ante
1291 2619 1381 2650 hune
1394 2628 1526 2651 versum
1541 2620 1674 2661 ponitur
1688 2617 1789 2665 ῥίψαι
1803 2626 1889 2652 recte

1029 2673 1152 2714 sprevit
1174 2673 1341 2715 Hauptius
1364 2675 1398 2706 in
1421 2685 1531 2716 progr.
1554 2676 1666 2707 Berol.
1688 2687 1718 2717 p.
1742 2677 1780 2706 15
1794 2676 1890 2717 eique

1030 2726 1187 2766 praetulit
1207 2727 1297 2767 quod
1310 2727 1344 2758 in
1359 2727 1448 2759 Med.
1464 2729 1622 2769 scriptum
1637 2735 1686 2760 est
1699 2729 1772 2760 isse.
1795 2729 1890 2760 Idem

1031 2780 1215 2820 suspicatur
1235 2789 1368 2812 versum
1390 2780 1552 2812 Graecum
1582 2791 1652 2814 esse
1674 2790 1788 2823 poetae
1811 2782 1889 2813 Ale-

1033 2833 1199 2870 xandrini,
1223 2833 1359 2865 fortasse
1382 2833 1589 2866 Callimachi.

1074 2883 1134 2916 Suo
1168 2885 1275 2926 capiti,
1308 2889 1343 2917 ut
1373 2886 1474 2918 aiunt.
1508 2888 1718 2928 Imprecandi
1740 2887 1889 2923 formula,

1032 2948 1099 2978 qua
1119 2939 1223 2970 utitur
1239 2938 1372 2971 Caelius
1390 2940 1424 2971 in
1436 2940 1529 2981 epist.
1543 2941 1584 2972 611
1597 2939 1666 2972 Cic.
1682 2940 1776 2971 Fam.
1789 2940 1890 2971 vm.

1035 2992 1063 3029 1,
1086 2993 1108 3022 4
1132 2991 1173 3022 Te
1193 2992 1529 3035 subrostrani—quod
1547 2994 1673 3025 illorum
1687 2993 1785 3034 capiti
1796 2993 1838 3024 sit
1849 3010 1891 3016 —

1033 3044 1228 3086 disszparant
1253 3045 1386 3087 perisse.
1419 3046 1570 3078 Eandem
1598 3047 1771 3078 Bentleius
1802 3047 1890 3087 inge-

1034 3099 1127 3130 niose
1151 3099 1295 3130 restituit
1318 3100 1351 3130 in
1375 3100 1450 3131 Ter.
1475 3100 1609 3132 Phorm.
1632 3100 1699 3131 111.
1722 3101 1751 3137 2,
1769 3100 1799 3131 6.
1821 3099 1892 3132 Me-

1011 3186 1013 3191 *
1034 3154 1088 3182 tuo
1109 3152 1248 3183 lenonem
1271 3163 1310 3183 ne
1331 3152 1408 3193 quid
1428 3172 1468 3177 —
1492 3153 1528 3184 G.
1551 3163 1606 3184 sno
1629 3153 1726 3193 rapiti
1738 3152 1828 3193 fleat.
