2062 3565
148 131 231 171 286
545 128 628 169 ΕΡ.
664 127 740 168 AD
772 126 817 166 T.
853 123 1204 166 POMPONIUM
1237 122 1501 165 ATTICUM.

994 308 1044 347 B.

700 416 885 454 CICERO
919 415 1148 454 ANTONIO
1179 414 1282 453 COS.
1314 415 1351 453 S.

204 531 243 570 l.
278 526 398 580 Quod
439 540 598 568 mecum
641 539 710 581 per
753 524 889 566 literas
938 524 1037 580 agiS,
1084 539 1205 566 unam
1254 522 1305 565 ob
1355 537 1516 565 causam
1563 521 1723 564 mallem
1772 536 1904 563 coram

141 602 300 657 egisses.
366 601 463 642 Non
507 600 615 641 enim
659 598 788 639 solum
832 613 879 639 ex
924 597 1102 640 oratione
1149 596 1218 638 sed
1251 596 1371 638 etiam
1405 611 1453 638 ex
1486 595 1603 637 vultu
1634 600 1675 637 et
1707 595 1834 637 oculis
1867 600 1906 636 et

111 676 268 718 ⁵fronte
304 700 360 705 -——
394 679 441 716 ut
473 674 589 715 aiunt
623 697 679 702 —
713 687 847 714 meum
881 687 974 727 erga
1005 677 1045 713 te
1079 686 1252 713 amorem
1286 671 1506 727 perspicere
1539 670 1753 727 potuisses.
1798 670 1904 712 Nam

142 765 265 805 quum
308 755 348 790 te
394 762 548 803 semper
581 746 728 798 amavi,
764 746 939 802 primum
971 750 1044 787 tuo
1078 744 1227 795 studio,
1261 748 1353 800 post
1384 744 1506 785 etiam
1539 742 1734 785 beneficio
1766 758 1906 799 provo-

141 828 268 873 catus,
311 827 399 863 tum
440 821 503 862 his
549 818 796 876 temporibus
829 834 891 860 res
925 817 1088 874 publica
1120 823 1160 859 te
1194 817 1294 859 mihi
1326 817 1385 858 ita
1419 816 1728 868 commendavit,
1763 821 1811 858 ut
1843 832 1907 859 ca·

140 896 283 937 riorem
328 894 497 936 habeam
540 895 756 935 neminem.
817 895 857 934 2.
892 892 1051 934 Literae
1084 907 1176 933 vero
1209 896 1303 932 tuae
1337 905 1460 946 quum
1496 890 1784 942 amantissime,
1819 895 1906 932 tum

142 968 540 1011 honorificentissime
587 968 757 1023 scriptae
791 967 848 1008 sic
881 982 943 1008 me
978 966 1210 1016 affecerunt,
1244 969 1291 1006 ut
1317 979 1399 1005 non
1433 964 1527 1005 dare
1559 963 1638 1005 tibi
1668 962 1908 1005 beneficium

91 1055 124 1080 10
143 1043 309 1094 viderer,
356 1042 425 1084 sed
469 1042 646 1098 accipere
692 1058 714 1084 a
755 1046 795 1082 te
828 1041 885 1082 ita
917 1045 1091 1097 petente,
1133 1044 1178 1080 ut
1209 1038 1420 1081 inimicum
1452 1053 1600 1089 meum,
1640 1037 1908 1079 necessarium

141 1122 271 1168 tuum,
317 1132 378 1158 me
421 1116 550 1158 invito
594 1131 748 1157 servare
798 1115 939 1166 nolles,
985 1129 1110 1170 quum
1153 1113 1195 1155 id
1239 1112 1350 1155 nullo
1396 1112 1559 1168 negotio
1593 1112 1722 1153 facere
1755 1126 1907 1167 posses.

145 1192 186 1231 3.
220 1191 307 1246 Ego
341 1206 432 1232 vero
464 1190 541 1232 tibi
573 1191 693 1241 istuc,
727 1190 784 1231 mi
817 1189 986 1239 Antoni,
1020 1189 1181 1231 remitto
1215 1192 1334 1243 atque
1368 1188 1439 1239 ita,
1473 1192 1521 1229 ut
1554 1202 1615 1229 me
1650 1202 1672 1228 a
1704 1191 1760 1238 te,
1783 1201 1908 1241 quum

143 1265 193 1306 iis
227 1264 358 1306 verbis
391 1265 608 1320 scripseriS‚
640 1263 919 1306 liberalissime
952 1267 1073 1318 atque
1106 1262 1507 1304 honorificentissime
1530 1265 1748 1303 tractatum
1770 1261 1908 1303 existi-

145 1354 263 1389 mem,
295 1337 417 1392 idque
451 1353 575 1393 quum
608 1342 753 1389 totum,
788 1353 949 1393 quoquo
981 1336 1100 1378 modo
1135 1353 1175 1378 se
1209 1352 1270 1378 res
1303 1335 1482 1386 haberet,
1517 1335 1594 1377 tibi
1627 1334 1806 1376 dandum
1837 1349 1911 1390 pu-

91 1423 125 1449 15
146 1417 285 1463 tarem,
330 1417 418 1454 tum
459 1412 510 1454 do
551 1412 672 1454 etiam
715 1411 961 1453 humanitati
995 1416 1035 1452 et
1066 1415 1234 1451 naturae
1268 1424 1393 1450 meae.
1443 1408 1561 1450 Nihil
1594 1408 1702 1449 enim
1733 1422 1914 1463 unquam

147 1502 228 1528 non
272 1486 390 1528 modo
436 1485 622 1528 acerbum
668 1487 711 1527 111
744 1501 807 1527 1110
840 1485 932 1536 fuit,
969 1484 1038 1526 sed
1072 1499 1122 1525 ne
1155 1483 1290 1539 paullo
1323 1482 1485 1537 quidem
1517 1482 1674 1523 tristius
1704 1485 1775 1522 aut
1806 1496 1915 1522 seve-

148 1561 246 1611 rius,
294 1575 413 1615 quam
457 1560 672 1601 necessitas
717 1560 775 1600 rei
817 1558 1002 1615 publicae
1044 1556 1278 1613 postulavit.
1331 1554 1500 1597 Accedit
1541 1560 1587 1596 ut
1626 1570 1676 1596 ne
1707 1554 1752 1596 in
1783 1555 1916 1610 ipsum

151 1634 313 1689 quidem
346 1633 532 1676 Clodium
565 1648 698 1674 meum
731 1633 890 1688 insigne
924 1631 1061 1672 odium
1095 1629 1216 1671 fuerit
1243 1644 1436 1683 unquam,
1463 1643 1694 1683 semperque
1711 1627 1770 1669 ita
1788 1628 1914 1670 statui

150 1723 233 1750 non
275 1723 359 1750 esse
402 1707 658 1749 insectandos
701 1706 957 1748 inimicorum
1002 1705 1164 1754 amicos,
1199 1702 1431 1759 praesertim
1465 1701 1712 1753 humiliores,
1745 1716 1820 1743 nec
1852 1701 1915 1743 his

99 1798 133 1824 20
151 1781 360 1838 praesidiis
400 1786 557 1823 nosmet
596 1781 704 1837 ipsos
746 1796 830 1822 esse
872 1778 1114 1836 spoliandos.
1158 1780 1199 1818 4.
1240 1777 1348 1818 Nam
1388 1776 1437 1818 de
1480 1791 1603 1832 puero
1649 1774 1790 1817 Clodio
1823 1778 1915 1816 tuas

153 1860 284 1911 partes
318 1870 401 1896 esse
436 1853 620 1905 arbitror,
654 1859 701 1895 ut
733 1854 818 1895 eius
853 1853 1030 1895 animum
1062 1856 1260 1900 tenerum,
1303 1848 1640 1904 quemadmodum
1673 1848 1828 1900 scribis,
1862 1848 1914 1891 iis

155 1928 411 1985 opinionibus
452 1926 624 1978 imbuas,
670 1932 716 1969 ut
757 1943 807 1968 ne
853 1942 949 1981 quas
992 1924 1227 1967 inimicitias
1270 1923 1442 1965 residere
1486 1924 1529 1965 in
1574 1921 1737 1964 familiis
1769 1923 1915 1965 nostris

156 2002 384 2044 arbitretur.
439 2000 641 2042 Contendi
684 2016 775 2042 011111
818 2000 865 2041 P.
909 1999 1065 2049 Clodio,
1107 2013 1233 2053 quum
1277 2012 1350 2052 ego
1390 1996 1596 2053 publicam
1639 2010 1813 2047 causam,
1848 1995 1916 2037 1]Ιο

157 2091 267 2116 suam
303 2075 546 2116 defenderet.
581 2075 750 2116 Nostras
784 2073 1100 2115 concertationes
1134 2070 1381 2127 respublica
1405 2071 1657 2112 diiudicavit.
1691 2070 1734 2111 Si
1752 2070 1916 2121 viveret,

103 2166 136 2192 25
157 2147 257 2188 mihi
301 2162 390 2188 cum
434 2147 503 2188 illo
548 2146 658 2187 nulla
703 2145 906 2187 contentio
950 2145 1030 2184 iam
1075 2147 1265 2183 maneret.
1313 2144 1354 2182 5.
1397 2141 1530 2192 Quare
1565 2142 1754 2196 quoniam
1787 2143 1862 2185 hoc
1896 2159 1918 2185 a

158 2235 220 2261 me
265 2221 321 2261 sic
364 2221 481 2275 petis,
528 2225 585 2270 ut,
620 2234 721 2274 quae
753 2224 824 2259 tua
858 2222 1032 2273 potestas
1065 2221 1139 2266 est,
1174 2230 1220 2256 ea
1252 2229 1373 2269 neges
1405 2219 1445 2255 te
1478 2229 1540 2255 me
1572 2215 1700 2258 invito
1734 2232 1916 2268 usurum,

158 2310 283 2350 puero
317 2309 474 2349 quoque
506 2293 582 2334 hoc
617 2308 639 2334 a
672 2308 734 2333 me
768 2290 898 2340 dabis,
934 2291 967 2331 si
1000 2289 1076 2331 tibi
1110 2287 1325 2339 videbitur,
1359 2303 1441 2329 non
1465 2303 1543 2342 quo
1567 2294 1636 2331 aut
1659 2296 1766 2332 aetas
1782 2297 1919 2333 nostra

161 2367 211 2409 ab
243 2367 353 2408 illius
387 2371 514 2408 aetate
549 2365 769 2421 quidquam
803 2363 947 2405 debeat
980 2362 1149 2418 periculi
1183 2361 1378 2417 suspicari
1401 2368 1471 2403 aut
1494 2362 1671 2418 dignitas
1693 2379 1781 2405 mea
1797 2364 1919 2406 ullam

161 2441 459 2483 contentionem
493 2439 741 2489 extimescat,
776 2437 846 2479 sed
878 2441 924 2478 ut
956 2441 1112 2477 nosmet
1145 2435 1223 2491 ipsi
1245 2434 1440 2476 internos
1463 2435 1757 2478 coniunctiores
1780 2437 1919 2489 simus,

107 2531 142 2557 30
163 2532 282 2572 quam
329 2516 461 2557 adhuc
505 2500 677 2554 fuimus.
720 2510 1078 2568 Interpellantibus
1123 2509 1230 2550 enim
1281 2508 1344 2549 his
1377 2508 1603 2550 inimicitiis
1635 2509 1793 2551 animus
1824 2513 1922 2549 tuus

204 2682 222 2721 ξ
248 2681 275 2711 1.
302 2679 364 2710 Tuo
386 2678 490 2709 studio
511 2696 552 2701 -
567 2679 767 2718 provocatus.
791 2676 883 2707 Illud
897 2680 1020 2717 spectat
1107 2674 1125 2714 ξ
1148 2675 1177 2704 4.
1203 2673 1469 2705 Concertationes.
1491 2673 1532 2704 In
1555 2673 1728 2705 nonnullis
1742 2678 1819 2705 vett.
1833 2672 1924 2705 editt.

163 2736 204 2766 ad
225 2740 364 2775 tempus,
387 2743 489 2774 quum
511 2732 559 2763 M.
581 2731 751 2763 Antonius
773 2730 867 2772 petiit
889 2730 1018 2762 Cicero-
1065 2727 1188 2767 legitur
1209 2726 1430 2758 contentiones.
1454 2726 1521 2758 Sed
1542 2726 1626 2758 illud
1637 2731 1796 2767 tanquam
1814 2726 1924 2757 minus

163 2788 216 2819 nis
230 2787 417 2818 amicitiam.
440 2785 490 2817 Cf.
508 2784 594 2815 Phil.
611 2784 658 2815 II.
674 2784 703 2815 3.
726 2783 917 2824 Bemficinm
930 2793 1020 2814 nune
1067 2780 1222 2811 acerbum
1248 2790 1267 2810 3
1298 2779 1457 2811 Cicerone
1486 2779 1628 2811 electum
1661 2789 1731 2811 esse
1764 2783 1851 2810 recte
1871 2778 1924 2810 de-

163 2840 251 2877 dicit,
282 2840 371 2880 quod
402 2839 437 2869 in
474 2838 589 2869 eadem
610 2837 758 2868 oratione
781 2837 797 2866 5
823 2836 1021 2868 beneficium
1066 2832 1171 2864 fendit
1191 2833 1342 2864 Moserus
1364 2831 1480 2873 Symb.
1505 2831 1586 2864 Crit.
1610 2832 1714 2864 vm.
1736 2842 1768 2873 p.
1793 2832 1842 2863 15.

163 2894 264 2925 fuisse
285 2898 395 2933 negat.
1109 2888 1126 2926 ξ
1156 2888 1185 2917 5.
1214 2885 1498 2926 Interpellantibus
1528 2904 1570 2910 --
1590 2885 1641 2916 his
1663 2885 1841 2917 inimicitiis
1863 2891 1926 2917 cet.

206 2947 297 2986 Resp.
332 2948 364 2976 te
394 2945 469 2976 milti
504 2944 552 2975 ita
590 2943 826 2975 commendavit.
857 2943 945 2974 Vere
975 2942 1022 2973 sie
1069 2940 1168 2980 uEgo
1190 2939 1290 2977 euim,
1312 2943 1486 2980 postquam
1508 2940 1643 2970 domum
1655 2938 1781 2970 duxisti
1794 2939 1926 2970 viduam

166 3000 306 3030 scribere
329 2998 434 3039 potuit
447 2997 597 3038 cogitans
610 2997 703 3027 illam
714 2996 907 3033 orationem,
923 3005 1023 3036 quam
1042 3015 1045 3027 ,
1063 2998 1101 3037 01,
1122 2992 1243 3023 liberos
1266 2992 1393 3023 inimici
1415 2992 1491 3029 mei,
1514 3001 1552 3023 ea
1574 2992 1728 3023 exclusus
1751 3001 1834 3028 sum,
1858 2991 1919 3023 etsi

166 3053 214 3084 M.
244 3053 413 3084 Antonius
445 3052 478 3083 in
504 3052 583 3083 aede
605 3050 752 3082 Telluris
776 3050 947 3081 habuerat.
971 3048 1022 3080 Cf.
1042 3031 1046 3083 l
1068 3046 1180 3077 animo
1200 3050 1257 3077 tuo
1280 3046 1519 3078 inhaererem.''
1541 3045 1643 3077 Gron.
1662 3059 1676 3071 u
1686 3045 1827 3077 Amicus
1841 3045 1924 3076 mihi

167 3106 255 3138 Phil.
277 3107 304 3138 Ι.
328 3106 357 3137 1.
1042 3087 1047 3123 l
1068 3099 1168 3138 fuisti,
1192 3100 1252 3131 etsi
1275 3105 1307 3131 te
1329 3100 1418 3131 domi
1441 3105 1515 3131 tuae
1531 3098 1709 3131 convenire
1721 3109 1786 3129 non
1800 3098 1926 3139 potui.''

210 3159 228 3198 ξ
251 3159 278 3190 2.
302 3158 397 3189 Nullo
419 3157 550 3197 nessotio.
573 3156 621 3188 Cf.
646 3157 685 3187 ad
707 3156 752 3187 X.
775 3157 823 3193 16,
848 3159 875 3187 3.
1044 3127 1048 3177 ι
1069 3153 1215 3184 Weiske.

2051 3138 2062 3179 ζ

2054 3185 2062 3200 ⁵

2049 3250 2062 3298 ἔ

2048 3301 2062 3334 s

2044 3448 2059 3501 ἐ
