2062 3565
736 169 844 212 LIB.
880 170 996 213 XVI.
1031 169 1115 212 ΕΡ.
1153 170 1224 211 16.
1771 170 1854 209 331

95 305 171 348 bus
215 304 538 347 coniunctissimi
585 320 800 361 permagna
834 321 896 347 res
929 306 1077 360 agitur,
1116 306 1255 347 Attici.
1305 304 1485 360 Cognovi
1519 319 1592 359 ego
1625 310 1695 346 tua
1728 303 1863 345 studia

94 380 137 421 in
171 378 334 429 amicos,
370 379 490 420 etiam
524 379 568 420 in
601 384 640 420 te
674 380 909 421 amicorum.
965 379 1145 421 Multum
1181 384 1293 435 potes
1327 394 1399 420 nos
1434 377 1541 434 apud
1576 377 1770 419 Plancum
1804 377 1864 418 iu-

48 469 50 472 *
95 467 201 494 vare.
250 451 359 494 Novi
407 451 701 493 humanitatem
750 457 878 493 tuam.
927 453 998 493 13.
1048 452 1139 493 Scio
1189 467 1309 507 quam
1358 452 1412 493 sis
1457 451 1595 492 amicis
1646 449 1863 492 iucundus.

95 525 228 567 Nemo
260 539 334 566 nos
366 525 410 566 in
440 518 519 566 bac
552 540 673 567 causa
705 525 796 581 plus
828 525 965 567 iuvare
1001 530 1133 580 potest
1166 540 1284 580 quam
1319 530 1380 566 tu.
1415 525 1468 566 Et
1491 539 1552 565 res
1574 524 1632 564 ita
1654 527 1715 564 est
1737 523 1862 573 firma,

95 602 143 640 ut
174 596 296 639 debet
327 612 428 648 esse,
463 612 582 652 quam
617 598 802 640 consules
847 598 896 639 de
930 597 1089 639 consilii
1123 599 1325 640 sententia
1357 598 1633 647 decreverunt,
1668 611 1790 649 quum
1825 602 1866 636 et
1904 607 1916 629 =··

93 662 182 726 lege
226 675 267 711 et
312 674 476 711 senatus
519 670 703 712 consulto
737 676 1038 725 cognoscerent.
1087 672 1238 712 Tamen
1272 671 1407 712 omnia
1440 671 1570 725 posita
1601 675 1790 725 putamus
1822 669 1865 710 in

95 743 237 786 Planci
280 744 343 785 tui
385 743 642 794 liberalitate,
687 759 807 799 quem
855 744 1019 799 quidem
1053 744 1295 786 arbitramur
1328 759 1454 799 quum
1487 743 1607 785 officii
1641 744 1703 785 sui
1737 748 1778 784 et
1810 743 1866 783 rei

95 817 281 874 publicae
325 830 446 858 causa
489 816 696 858 decretum
740 816 954 858 consulum
1001 816 1368 873 comprobaturum,
1408 821 1494 857 tum
1527 816 1699 859 libente:
1732 822 1866 858 nostra

97 905 218 933 causa
262 905 346 931 esse
393 889 611 932 facturum.
662 889 889 932 Adiuvabis
932 890 1072 945 igitur,
1119 891 1173 932 mi
1213 890 1380 945 Capito3
1427 889 1534 943 quod
1579 894 1625 931 ut
1658 890 1794 940 facias,
1829 897 1867 931 te

102 963 358 1005 vehementer
391 963 513 1004 etiam
545 968 665 1019 atque
699 963 819 1005 etiam
853 977 964 1018 rogo.
1893 969 1925 994 ¹0

146 1146 165 1187 ᾖ
193 1145 243 1179 17.
267 1145 379 1177 Attici.
410 1144 448 1177 Si
470 1144 588 1177 Cicero
611 1144 834 1176 necessarium
856 1149 963 1185 putas-
984 1137 989 1196 Ι
1009 1143 1148 1175 videtur.

103 1206 154 1232 set
183 1199 283 1231 amici
313 1208 436 1230 nomen
468 1199 597 1236 addere,
627 1197 809 1238 scripsisset
839 1197 964 1238 potius:
987 1231 989 1243 A
1053 1195 1130 1226 Esse
1143 1194 1322 1235 facturum.
1345 1191 1447 1224 Gron.
1460 1192 1686 1234 suspicabatur
1700 1194 1869 1225 antehaee

109 1253 141 1286 Τ.
170 1252 341 1295 Pomponii.
374 1252 441 1285 Sed
469 1252 569 1284 Attici
598 1262 617 1283 a
643 1251 787 1283 librariis
816 1251 964 1283 additum
987 1262 989 1269 ¹
1012 1248 1112 1279 verba
1135 1246 1348 1278 inserendum
1370 1254 1440 1276 esse
1462 1244 1507 1276 id.
