2062 3565
140 961 175 987 10

165 2060 178 2083 5

202 156 286 195 1:30
624 156 707 196 ΕΡ.
743 155 817 195 AD
850 155 896 194 T.
931 153 1280 194 POMPONIUM
1314 153 1578 194 ATTICUM.

201 290 434 344 significasti
480 315 536 319 —
578 290 626 330 de
672 289 803 338 domo,
854 289 943 342 quis
976 304 1038 329 me
1073 289 1254 329 miserior
1287 303 1368 328 uno
1402 288 1481 328 iam
1515 287 1623 328 fuit?
1657 288 1753 338 Oro,
1788 288 1966 340 obsecro,
2016 316 2021 321 -

200 364 384 418 ignosce:
435 378 515 404 non
562 377 726 417 possum
775 361 891 417 plura
931 360 1117 402 scribere.
1175 361 1342 407 Quanto
1386 375 1561 402 maerore
1607 375 1751 415 urgear
1786 360 1965 416 profecto

201 437 325 477 vides.
375 435 494 487 Quod
528 435 562 474 si
595 433 695 474 mihi
729 447 940 474 commune
975 448 1065 474 cum
1101 433 1242 474 ceteris
1276 438 1393 483 esset,
1429 433 1499 487 qui
1532 432 1720 474 videntur
1752 433 1795 474 in
1829 433 1965 474 eadem

200 524 318 549 causa
367 523 466 558 esse,
514 507 645 547 minor
694 521 781 547 mea
828 505 946 561 culpa
995 506 1199 546 videretur
1244 513 1284 546 et
1329 520 1375 546 eo
1419 504 1665 546 tolerabilior
1697 509 1802 546 esset
1812 523 1822 555 3
1856 517 1966 546 nunc

199 581 301 621 nihil
345 587 417 631 est,
468 579 575 634 quod
609 578 850 628 consoletur,
887 578 964 618 nisi
999 577 1097 633 quid
1129 583 1176 619 tu
1209 578 1345 628 efficis,
1381 578 1413 618 si
1447 577 1566 618 modo
1600 577 1831 618 etiamnunc
1865 576 1967 617 effici

198 658 342 708 potest,
385 659 432 693 ut
475 667 524 693 ne
570 666 647 706 qua
688 650 882 705 singulari
925 651 1074 692 afficiar
1108 650 1334 691 calamitate
1368 655 1408 691 et
1440 643 1602 691 iniuriass
1639 653 1680 690 4.
1713 649 1884 690 Tardius
1916 648 1966 690 ad

2016 650 2036 715 1¹7⁴>-
2018 600 2038 634 ’,’“

197 737 234 767 te
269 726 403 767 remisi
434 725 702 774 tabellarium,
738 723 843 778 quod
879 729 1054 779 potestas
1085 723 1272 764 mittendi
1307 739 1387 765 non
1422 723 1514 765 fuit.
1568 726 1604 764 A
1638 723 1720 764 tuis
1754 727 1794 763 et
1826 736 1966 763 numo·
2023 752 2026 779 3

196 815 282 840 run]
318 798 452 853 accepi
486 798 571 839 HS.
607 804 693 837 ΙΤλῑ.
727 808 765 837 et
800 797 1131 838 vestimentorum
1166 798 1272 851 quod
1307 813 1406 853 opus
1440 797 1530 838 fuit.
1565 795 1726 848 Quibus
1758 795 1836 837 tibi
1857 795 1966 836 vide-
2022 807 2028 844 j
2060 794 2062 798 ’

196 871 304 912 bitur
348 870 466 911 velim
511 870 580 911 des
624 871 759 911 literas
804 885 891 910 11160
937 870 1112 911 1101111116.
1168 870 1288 911 Nosti
1322 886 1430 911 meos
1465 869 1693 911 familiares.
1729 870 1771 911 Si
1805 869 1965 923 signum

195 945 400 999 requirent
433 947 504 984 aut
535 958 715 992 manum,
750 942 859 983 dices
894 957 955 983 me
992 947 1150 997 propter
1185 942 1389 984 custodias
1422 957 1468 983 ea
1501 942 1661 983 vitasse.

196 1122 281 1152 inter
307 1120 374 1151 Cic.
401 1120 494 1151 Fam.
518 1120 561 1151 X.
586 1120 635 1157 18,
660 1121 679 1151 2
701 1130 768 1151 cum
789 1120 911 1160 colleqa
934 1129 1058 1149 consen-
1084 1145 1086 1157 ,
1153 1120 1219 1159 §4
1243 1119 1337 1150 Dices
1360 1130 1405 1150 me
1420 1122 1551 1160 propter
1576 1118 1736 1150 custodias
1771 1129 1808 1149 ea
1839 1117 1966 1149 vitasse.

196 1174 304 1211 flente,
329 1174 410 1204 sieut
435 1173 549 1204 milites
571 1173 705 1214 jaciunt
739 1174 786 1212 (oz
820 1173 1059 1211 consentiunt),
1111 1172 1211 1203 Recte
1234 1172 1402 1218 scribitur,
1434 1173 1491 1203 sed
1520 1179 1630 1202 tamen
1661 1181 1764 1212 quum
1793 1175 1867 1212 post
1887 1170 1973 1202 dices
2024 1199 2026 1202 .
2060 1178 2062 1183 ·

196 1223 336 1254 hostibus
359 1223 477 1254 obviam
502 1223 561 1254 ire.
596 1223 645 1254 De
669 1223 770 1253 simili
796 1233 856 1254 usu
882 1234 911 1253 v.
948 1223 1060 1255 ποιεῖν
1112 1225 1145 1255 iu
1169 1224 1248 1256 Mss.
1273 1225 1340 1265 legi
1354 1224 1506 1255 videatur
1521 1225 1578 1261 vel,
1594 1224 1731 1255 fortasse
1746 1224 1862 1255 Cicero
1875 1224 1974 1265 scrip—

196 1288 227 1311 et.
250 1276 335 1322 δρᾶν
359 1280 398 1311 cs.
423 1279 547 1320 Plugk.
570 1279 611 1310 ad
634 1279 737 1319 Eurip
771 1278 899 1309 Alcest.
925 1288 953 1307 r.
979 1278 1017 1309 73
1031 1284 1061 1308 et
1088 1314 1089 1322 ¹
1111 1279 1168 1309 sit:
1211 1278 1300 1308 dicas
1337 1278 1427 1308 velim
1465 1289 1510 1308 me
1533 1296 1574 1300 —-
1603 1278 1728 1314 vitasse,
1765 1283 1801 1309 ut
1834 1277 1976 1309 coniecit

195 1336 391 1367 Stallbaum.
416 1336 457 1366 ad
479 1334 568 1366 Plat.
592 1333 691 1375 Soph.
718 1345 748 1375 p.
772 1335 833 1365 253
856 1335 900 1365 A.
1110 1333 1236 1369 Iiahnt,
1267 1333 1380 1373 Symb.
1416 1332 1496 1364 Crit.
1526 1343 1546 1373 p
1582 1334 1611 1363 8.
1635 1351 1676 1355 —
1699 1331 1864 1363 Custodias
1894 1332 1928 1363 h.
1953 1331 1975 1363 l.

236 1391 283 1421 De
305 1390 403 1427 domo,
426 1389 562 1421 fortasse
584 1395 622 1420 ut
644 1389 819 1430 diripiatur
841 1389 894 1419 vel
919 1389 1062 1429 pros-eri·
1088 1404 1089 1408 =
1112 1395 1181 1416 esse
1215 1385 1435 1426 Pompeianas
1465 1386 1583 1426 potius,
1613 1395 1712 1426 quam
1746 1383 1972 1422 Caesarianas,
2028 1419 2032 1422 ,
2060 1398 2062 1432 j

197 1445 290 1475 batur
312 1454 330 1475 3
353 1443 570 1480 Caesarianis,
594 1443 682 1482 quod
706 1443 745 1473 ad
769 1442 964 1482 Pompeium
987 1452 1059 1482 pro·
1089 1449 1091 1473 ε
1113 1440 1279 1470 Corradus
1302 1440 1443 1470 monuit.

197 1499 300 1530 fectus
323 1508 407 1530 51110.

813 1617 901 1657 [Π.
969 1617 1033 1666 (A.
1077 1614 1121 1654 U.
1161 1615 1202 1652 C.
1242 1614 1360 1667 706.)

263 1747 302 1786 1.
337 1744 447 1796 Quid
481 1745 547 1785 hic
581 1750 723 1798 agatur
758 1743 857 1783 scire
904 1742 1051 1797 poteris
1085 1757 1132 1782 ex
1167 1756 1227 1791 eo,
1262 1740 1332 1796 qui
1365 1740 1500 1781 literas
1535 1739 1687 1791 attulit,
1729 1755 1849 1795 quem
1885 1739 1974 1781 diu·
2031 1746 2044 1753 ³

200 1819 281 1859 tius
325 1818 454 1867 tenui,
501 1818 594 1871 quia
638 1816 817 1871 quotidie
861 1815 1014 1869 aliquid
1059 1815 1153 1856 novi
1198 1812 1542 1869 exspectabamus,
1576 1828 1707 1868 neque
1741 1828 1851 1855 nunc
1884 1813 1976 1854 mit-

199 1892 311 1933 tendi
357 1896 492 1932 tamen
542 1891 623 1931 ulla
673 1905 793 1931 causa
843 1888 920 1930 fuit
964 1896 1119 1943 praeter
1153 1902 1254 1938 eain,
1290 1887 1338 1928 de
1374 1902 1452 1941 qua
1484 1886 1560 1928 tibi
1595 1885 1761 1928 rescribi
1795 1885 1975 1936 voluisti,
2034 1886 2039 1910 ³

203 1965 306 2020 quod
343 1964 391 2005 ad
427 1964 520 2005 Kal.
556 1964 699 2016 Quint.
734 1963 921 2018 pertinet,
957 1961 1054 2016 quid
1088 1960 1244 2002 vellem.
1297 1960 1523 2014 Utrumque
1557 1956 1675 2014 grave
1710 1964 1786 2010 est,
1821 1963 1862 2000 et
1893 1963 1977 2000 tam
2027 1973 2040 2014 j.

200 2039 312 2093 gravi
344 2047 521 2093 tempore
557 2036 781 2093 periculum
814 2040 950 2076 tantae
987 2034 1180 2090 pecuniae
1215 2039 1255 2074 et
1285 2032 1410 2073 dubio
1443 2043 1575 2074 rerum
1598 2033 1710 2074 exitu
1739 2032 1832 2083 ista,
1857 2046 1976 2086 quam
2034 2075 2037 2077 ,

203 2111 359 2161 scribis,
407 2111 607 2167 abruptio.
658 2111 806 2162 Quare,
842 2116 887 2149 ut-
921 2108 1012 2158 3113,
1048 2107 1104 2148 516
1140 2106 1215 2148 1106
1252 2105 1314 2146 vel
1349 2106 1520 2146 maxime
1553 2110 1647 2146 tuae
1681 2104 1775 2146 fidei
1808 2104 1979 2146 benevo·
2032 2156 2035 2157 ⁷

203 2187 430 2240 lentiaeque
475 2184 663 2239 permitto
706 2190 746 2224 et
790 2182 899 2223 illius
934 2181 1101 2222 consilio
1135 2186 1175 2220 et
1209 2179 1422 2229 voluntati,
1458 2179 1523 2220 6111
1556 2179 1723 2220 miserae
1757 2179 1980 2221 6005011115-
2035 2177 2044 2221 f

206 2275 287 2300 sem
321 2258 478 2307 melius,
514 2257 547 2297 si
581 2262 717 2297 tecum
751 2255 847 2295 olim
881 2269 1014 2295 coram
1050 2254 1184 2308 potius
1220 2267 1339 2307 quam
1373 2267 1442 2307 per
1464 2252 1600 2293 literas
1623 2252 1672 2293 de
1695 2252 1824 2294 salute
1845 2257 1981 2294 nostra

207 2332 457 2386 fortunisque
506 2329 845 2370 deliberavissem.
899 2331 938 2368 2.
984 2326 1106 2373 Quod
1152 2341 1274 2381 negas
1319 2326 1580 2381 praecipuum
1626 2325 1726 2367 mihi
1758 2325 1887 2367 ullum
1919 2326 1980 2367 in·
2038 2352 2041 2353 ν

152 2419 190 2444 10
209 2403 462 2446 commodum
507 2401 752 2457 impendere,
805 2400 878 2441 etsi
929 2401 1005 2441 ista
1039 2415 1101 2440 res
1136 2398 1324 2440 nonnihil
1356 2397 1478 2439 habet
1512 2397 1812 2448 consolationis,
1846 2404 1981 2441 tamen
2032 2404 2035 2407 “

253 2582 274 2610 4
295 2578 431 2609 voluisti.
461 2576 553 2613 Quod
575 2577 619 2607 ad
639 2576 714 2607 Kal.
745 2576 872 2612 Qninct.
889 2575 1039 2616 pertinet,
1062 2574 1139 2616 quid
1158 2575 1277 2613 vellem,
1298 2577 1460 2617 utrumque
1474 2592 1514 2597 —-

259 2740 277 2779 ἓ
300 2739 329 2769 1.
355 2736 446 2778 Quod
465 2735 510 2767 ad
529 2735 604 2766 Kal.
629 2735 737 2775 Quint.
753 2736 906 2776 pertinet,
929 2734 1007 2776 quid
1014 2735 1078 2766 vel·
1101 2727 1103 2751 1
1124 2736 1306 2768 sententiae
1328 2735 1589 2766 conformatione
1611 2735 1712 2768 etiam
1730 2736 1904 2777 pertineret
1926 2745 1982 2768 ne·
2033 2744 2039 2750 ⁸

218 2793 286 2824 lem.
308 2791 458 2828 Dubitat,
480 2796 593 2820 utrum
618 2790 721 2821 altera
745 2790 831 2820 dotis
851 2789 966 2830 pensio
982 2788 1079 2820 Dola·
1123 2790 1301 2821 cessarium
1323 2795 1412 2830 puto.

220 2847 326 2878 bellae
348 2846 390 2876 sit
414 2844 579 2880 solvenda,
606 2853 647 2874 an
670 2843 780 2884 potius
802 2843 892 2874 filiae
913 2843 1079 2874 1031111110-
1164 2842 1213 2873 De
1235 2842 1340 2873 salute
1361 2845 1473 2874 nostra
1487 2842 1702 2884 fortunisque.
1727 2842 1842 2875 Cicero
1864 2843 1983 2884 plenus
2032 2842 2041 2884 ζ

221 2901 315 2931 nium
345 2898 579 2930 dirimendum.
620 2897 717 2935 Nam,
749 2898 777 2928 si
812 2897 898 2927 illud
926 2897 1079 2937 placeret,
1101 2888 1105 2952 i
1124 2896 1273 2939 στοργῆς
1297 2901 1329 2926 et
1351 2895 1481 2936 pietatis
1504 2895 1539 2926 in
1568 2895 1783 2926 matrimonio
1797 2895 1983 2927 carissimae
2028 2911 2041 2925 .-

222 2955 416 2986 imminebat
431 2961 573 2993 magnae
594 2953 751 2992 pecuniae
774 2953 915 2989 iactura3
939 2952 990 2982 sin
1007 2952 1080 2989 hoc,
1102 2979 1105 2992 ,
1124 2952 1213 2983 filiae
1235 2951 1290 2992 agi
1313 2952 1353 2982 de
1377 2962 1435 2982 sua
1459 2952 1564 2983 salute
1585 2952 1762 2990 iudicabat,
1793 2957 1824 2983 et
1852 2952 1984 2984 videbat

223 3008 337 3039 odium
360 3005 518 3042 Caesaris,
539 3005 592 3036 eui
609 3005 786 3036 Dolabella
801 3010 869 3036 erat
883 3005 1080 3042 carissimus,
1127 3016 1145 3036 a
1167 3014 1290 3046 genero
1312 3005 1456 3046 pendere
1479 3010 1593 3037 utrum
1614 3004 1763 3037 fortunas
1786 3005 1983 3037 suassalvas

224 3063 288 3095 sibi
309 3063 456 3094 timebat.
478 3060 662 3092 Illustraxdt
683 3060 774 3092 hunc
802 3061 913 3092 locum
934 3060 1081 3091 Wielan-
1125 3061 1262 3092 haberet
1283 3070 1325 3091 an
1348 3071 1428 3092 non.

225 3117 294 3153 dus,
318 3116 383 3147 vol.
405 3115 469 3146 IV.
490 3124 521 3155 p.
546 3113 603 3144 519
627 3123 716 3154 seqq.
752 3114 794 3145 In
823 3113 933 3145 verbis
966 3113 1080 3144 distin·
1168 3115 1187 3155 ξ
1209 3115 1238 3145 2.
1261 3113 1332 3145 Etsi
1352 3114 1417 3145 ista
1439 3124 1491 3145 res
1512 3114 1660 3146 nonnihil
1683 3114 1775 3146 habet
1797 3114 1983 3146 consolatio·

180 3174 183 3175 ’
227 3170 366 3206 mendis
389 3173 516 3199 secutus
539 3176 610 3197 sum
642 3167 822 3197 Klotzium.
853 3165 918 3197 Sed
948 3166 981 3196 in
1021 3166 1082 3196 hac
1126 3169 1186 3200 nis.
1220 3169 1272 3200 Ex
1296 3169 1450 3200 omnibns
1480 3170 1574 3201 libris
1602 3170 1737 3201 affertur
1768 3169 1858 3207 nihil,
1895 3168 1982 3210 quod

2027 2935 2041 2982 ἓ
