2062 3565
213 161 299 200 114<
611 156 695 198 ΕΡ.
731 155 806 196 ΑΙ)
839 154 884 194 Τ.
920 151 1270 194 POMPONIUM
1307 149 1568 191 ATTICUM.

211 294 423 335 crudelior.
461 296 502 334 4.
537 290 615 332 Sed
649 288 854 330 Antonius
889 286 1000 327 venit
1031 285 1119 326 heri
1151 284 1320 340 vesperi.
1354 283 1442 325 Iam
1475 283 1640 325 fortasse
1674 283 1723 325 ad
1757 298 1820 324 me
1842 283 1975 325 veniet

211 373 282 409 aut
313 383 363 408 110
396 366 439 407 1(1
473 364 649 419 quidem,
685 361 875 417 quoniam
909 359 1082 415 scripsit,
1118 358 1217 413 quid
1251 357 1337 399 fieri
1369 356 1502 398 vellet.
1538 356 1617 399 Sed
1649 356 1749 398 scies
1783 355 1975 398 continuo

211 441 306 496 quid
341 446 473 481 actum
509 439 574 480 sit.
609 438 696 479 Nos
729 437 809 477 iam
840 434 944 476 nihil
977 434 1054 475 nisi
1090 433 1260 474 occulte.
1312 431 1372 472 De
1406 430 1541 486 pueris
1575 430 1672 485 quid
1706 430 1848 484 agam?
1880 429 1976 470 Par·

208 529 306 555 vone
352 513 512 567 navigio
555 510 830 552 committam?
875 507 984 560 Quid
1028 507 1128 548 mihi
1173 505 1298 547 animi
1340 504 1385 545 in
1429 502 1657 558 navigando
1691 519 1829 545 censes
1863 503 1975 544 fore?

175 608 189 632 5
210 586 408 628 Recordor
451 582 555 626 enim
603 587 752 624 aestate
797 596 887 622 cum
931 580 1000 621 illo
1046 578 1297 620 Rhodiorum
1341 572 1582 634 ἀφράκτῳ
1629 576 1824 631 navigans
1857 590 1978 631 quam

160 969 192 994 10

210 660 349 701 fuerim
396 658 610 700 sollicitus:
653 655 751 711 qm'd
785 655 886 696 duro
918 659 1096 708 tempore
1130 652 1225 692 anni
1259 649 1479 692 actuariola
1512 649 1594 691 fore
1629 650 1791 691 censes?
1825 649 1862 691 O
1894 663 1977 690 rem

209 732 388 787 undique
423 731 629 772 miseram!
672 728 883 770 Trebatius
916 732 1001 769 erat
1032 741 1204 776 mecum,
1239 725 1298 766 vir
1331 724 1448 780 plane
1481 730 1522 764 et
1553 723 1652 764 civis
1686 722 1830 764 bonus.
1865 722 1978 774 Quae

209 807 274 847 ille
308 810 498 855 monstra,
534 803 592 844 dii
624 802 888 844 immortales!
934 801 1121 842 Etiamne
1154 798 1307 840 Balbus
1339 798 1383 838 in
1417 802 1599 838 senatum
1635 797 1769 838 venire
1804 795 1979 850 cogitet?

210 878 287 921 Sed
320 878 356 918 ei
390 878 468 933 ipsi
501 891 586 918 cras
620 875 670 917 ad
703 880 743 916 te
775 875 912 916 literas
946 872 1065 915 dabo.
1102 876 1142 913 ὃ.
1179 871 1413 913 Vettienum
1446 870 1546 911 mihi
1585 870 1773 919 3111100111,
1806 872 1854 909 ut
1886 867 1980 909 scri-

210 952 285 1002 bis,
320 952 377 992 ita
409 955 506 1005 puto
540 964 649 1000 0550,
684 963 776 989 00111
809 963 870 998 eo,
905 946 1013 1002 quod
1049 942 1320 1000 ἀποτόμως
1354 942 1404 984 3(1
1439 958 1501 984 1110
1535 943 1748 998 scripserat
1780 941 1829 983 de
1845 941 1981 983 numis

210 1023 411 1074 curandis,
459 1020 806 1080 θυμικώτερον
850 1035 957 1061 013111
990 1020 1159 1060 iocatus.
1211 1017 1260 1059 Id
1293 1022 1355 1067 tu,
1390 1016 1424 1058 si
1456 1016 1523 1058 ille
1557 1016 1673 1058 aliter
1707 1015 1905 1071 acceperit
1936 1029 1982 1056 ac

211 1096 364 1146 debuit,
410 1096 548 1137 lenies.
590 1095 830 1136 MoNE'rALI
876 1098 1011 1134 autem
1056 1091 1265 1146 adscripsi,
1310 1089 1419 1145 quod
1463 1089 1529 1130 ille
1564 1089 1614 1130 ad
1647 1104 1724 1140 me,
1759 1089 1853 1131 Pao
1887 1102 1979 1131 cos.

211 1170 287 1212 Sed
322 1170 513 1226 quoniam
546 1174 606 1211 est
639 1168 757 1210 homo
791 1174 832 1209 et
864 1182 937 1208 nos
971 1165 1119 1221 diligit,
1143 1165 1228 1220 ipse
1253 1179 1413 1219 quoque
1437 1179 1459 1204 a
1482 1163 1599 1205 nobis
1626 1163 1832 1218 diligatur.
1866 1162 1981 1204 Vale.

255 1360 273 1398 ξ
296 1361 324 1390 4.
350 1358 415 1390 Sed
444 1358 483 1389 A.
506 1357 593 1388 venit
625 1357 694 1388 heri
724 1356 853 1397 resperi.
888 1355 1076 1387 Antonium
1100 1374 1102 1394 5
1125 1360 1177 1386 tur
1199 1360 1319 1391 autem,
1342 1355 1430 1395 quod
1454 1354 1580 1385 Balbus
1602 1353 1703 1384 homo
1719 1351 1910 1390 Gaditanus,
1928 1352 1985 1383 sed

214 1413 343 1445 venisse
367 1412 400 1443 in
424 1422 463 1443 ea
484 1412 566 1448 loca,
589 1411 645 1442 sed
669 1421 736 1442 non
761 1410 890 1441 venisse
915 1409 948 1439 in
986 1408 1076 1439 Cice·
1125 1418 1143 1438 3
1176 1407 1336 1448 Pompeio
1370 1407 1451 1437 olim
1490 1406 1622 1437 civitate
1657 1406 1808 1437 Romana
1835 1405 1985 1443 donatus,

214 1467 303 1497 ronis
327 1466 517 1497 cumanum
541 1473 584 1495 ex
614 1473 663 1504 ep.
694 1464 743 1500 12,
775 1464 803 1493 l.
839 1464 887 1500 13,
919 1463 947 1492 2.
980 1462 1028 1498 15,
1059 1463 1077 1491 3
1100 1471 1102 1514 f
1125 1468 1254 1492 tantum
1278 1461 1364 1501 apud
1389 1459 1563 1491 Caesarem
1587 1464 1703 1500 potest,
1726 1464 1761 1489 ut
1784 1458 1818 1489 in
1834 1464 1985 1490 senatum

214 1518 427 1551 manifestum
451 1524 501 1549 est
544 1517 621 1548 Non
647 1516 829 1547 audiendus
853 1515 956 1555 igitur
979 1516 1015 1545 C.
1039 1513 1078 1544 F.
1100 1532 1102 1543 ι
1125 1515 1190 1555 legi
1226 1514 1346 1554 cupiat.
1380 1513 1419 1543 In
1443 1515 1585 1544 senatum
1609 1514 1714 1543 venire
1735 1512 1768 1543 h.
1791 1512 1812 1543 1.
1837 1521 1904 1543 non
1938 1517 1987 1543 est

216 1572 387 1609 Mulierus,
421 1571 478 1612 qui
502 1570 536 1600 in
561 1569 682 1600 Philol.
707 1568 807 1600 xix.
831 1568 889 1600 327
915 1568 948 1598 h.
972 1568 981 1597 1
1026 1567 1078 1597 vei
1100 1553 1103 1593 ἓ

218 1638 278 1658 aeon„
301 1626 525 1661 inserendum,
550 1624 602 1655 vel
627 1634 683 1654 nee
704 1634 764 1663 pro
787 1623 844 1653 sed
866 1622 1079 1653 scribendum

218 1680 356 1711 monuit.

262 1733 331 1764 Cum
356 1733 412 1764 illo
436 1743 469 1763 o:
494 1742 569 1763 00111
591 1732 661 1762 filio
683 1740 766 1761 11100.
800 1730 873 1760 Nisi
897 1730 979 1760 forte
1002 1728 1080 1759 scri-

220 1788 363 1818 bendum
395 1796 459 1816 eum
490 1785 567 1816 illis.
602 1785 689 1814 Nam
721 1793 737 1814 e
772 1782 888 1814 Cilicia
917 1782 1079 1813 decedens

220 1841 396 1871 Cicerones
418 1848 535 1879 pueros
559 1847 669 1868 secum
692 1837 861 1872 habuerat,
893 1842 927 1865 ut
950 1840 1080 1865 constat

221 1904 238 1924 0
261 1893 409 1934 pluribus
432 1892 580 1933 epistolis
604 1891 679 1921 libri
705 1891 766 1927 VI,
791 1896 821 1920 et
846 1899 935 1920 nune
955 1889 1079 1928 cogitat

221 1947 261 1976 de
283 1945 496 1986 navigatione
519 1944 636 1975 Rhodo
659 1943 822 1974 Athenas,
849 1942 909 1972 VI.
935 1941 963 1978 8,
986 1943 1006 1971 4

263 1999 451 2031 Aulam-{ala
480 2009 512 2029 a:
552 2008 653 2039 parvo
686 1997 830 2035 navigio,
865 1996 953 2037 quod
982 1995 1079 2026 remis

223 2057 341 2096 agitur.
363 2055 462 2086 XVI.
491 2056 519 2091 3,
544 2056 572 2084 8.

265 2108 410 2141 Etiamne
436 2107 473 2138 B.
496 2107 529 2136 z'n
543 2108 686 2138 senatum
708 2105 813 2136 venire
831 2106 971 2144 coyz'tet?
994 2104 1082 2135 Puto

226 2162 419 2193 Ciceronem
452 2159 599 2200 posuisse
633 2158 851 2188 indicativum
884 2157 1010 2198 coqz'tal,
1047 2162 1084 2187 ut

227 2218 301 2249 fecit
326 2217 358 2247 in
381 2216 434 2247 his
456 2215 713 2256 quaestionibus,
732 2223 815 2254 quae
832 2214 1083 2244 admirationem

227 2278 258 2302 et
287 2272 437 2302 dolorem
466 2269 654 2309 significant
684 2269 724 2299 de
754 2278 802 2305 eo,
841 2269 930 2308 quod
959 2274 1085 2308 praeter

1125 1569 1159 1598 in
1182 1567 1308 1598 curiam
1332 1566 1455 1603 venire,
1490 1572 1527 1596 ut
1550 1565 1583 1596 in
1610 1565 1715 1596 Catal.
1738 1566 1765 1595 Ι.
1790 1565 1818 1602 1,
1842 1565 1870 1602 2,
1893 1563 1986 1595 Fam.

1126 1624 1188 1654 lv,
1213 1623 1239 1659 1,
1265 1623 1280 1653 1
1306 1628 1338 1653 et
1362 1621 1503 1662 saepius,
1536 1622 1593 1652 sed
1616 1621 1647 1651 in
1677 1623 1818 1651 senatum
1847 1620 1920 1662 leqz',
1952 1620 1986 1650 in

1126 1677 1277 1707 ordinem
1308 1675 1510 1707 senatorium
1540 1674 1665 1706 referri.
1701 1673 1864 1705 Similiter
1893 1674 1987 1715 poni-

1126 1735 1178 1760 tur
1200 1729 1234 1759 in
1256 1720 1338 1759 'cn-at.
1363 1739 1394 1769 p.
1419 1728 1550 1765 Flacco,
1574 1728 1623 1764 42,
1654 1727 1713 1758 ubi
1741 1727 1782 1758 de
1810 1725 1988 1758 Heraclide

1127 1784 1256 1820 dicitur,
1280 1792 1355 1814 eum
1384 1782 1506 1813 Temni
1532 1781 1566 1812 in
1599 1786 1749 1812 senatum
1778 1779 1891 1811 venire
1920 1789 1987 1810 non

1127 1838 1288 1878 potuisse:
1330 1836 1415 1866 idem
1453 1835 1593 1866 traditur
1621 1835 1662 1865 de
1689 1834 1888 1870 Nicomede;
1917 1838 1988 1864 tum

1128 1891 1290 1931 sequitur:
1319 1888 1481 1929 Lysanias
1504 1888 1638 1928 adeptus
1660 1892 1710 1919 est
1729 1886 1879 1918 ordinem
1898 1896 1989 1918 50113-

1130 1945 1262 1976 torium.

1174 1997 1212 2028 Ei
1234 1997 1294 2037 istsi
1317 2006 1348 2026 o:
1375 1996 1547 2040 Trebatio,
1565 2005 1583 2025 3
1603 2004 1670 2035 quo
1692 1994 1786 2035 plura
1801 1994 1914 2026 audire
1935 2004 1989 2035 po-

1131 2051 1218 2082 teris.

1178 2104 1196 2143 §
1221 2105 1250 2134 5.
1274 2101 1324 2134 Cf.
1354 2112 1404 2143 ep.
1439 2103 1466 2138 5,
1497 2102 1516 2131 2
1545 2101 1576 2131 11Δ
1610 2100 1630 2131 l.
1654 2100 1848 2131 Vettienum
1877 2099 1991 2131 Cicero

1135 2157 1316 2198 appellarat
1337 2154 1531 2191 monetalem,
1567 2154 1656 2194 quod
1677 2163 1795 2184 numos
1828 2159 1916 2185 certo
1943 2153 1996 2184 dic

1138 2212 1222 2243 solvi
1253 2211 1399 2241 iusserat.
1444 2208 1559 2240 Cicero
1595 2208 1655 2238 illo
1689 2213 1835 2249 tempore
1863 2207 1999 2238 nolebat

1134 2275 1193 2305 pro
1222 2263 1355 2295 Consule
1376 2262 1451 2299 dici,
1480 2262 1536 2292 sed
1552 2260 1737 2301 Imperator.
1761 2260 1848 2291 Vide
1864 2259 1998 2300 inscrip-

229 2324 419 2365 opinionem
441 2322 570 2353 accidit.
605 2321 645 2352 cf.
669 2321 764 2352 Rosc.
787 2322 866 2352 Am.
892 2322 932 2352 32
953 2321 1088 2351 eliamne
1139 2318 1245 2349 tiones
1276 2317 1488 2358 epistolarum
1522 2314 1673 2355 Pompeii
1706 2313 1822 2352 (Vm.
1852 2313 1889 2344 11
1926 2314 1998 2355 A.),

228 2378 273 2408 ad
298 2377 448 2408 subsellia
477 2386 543 2407 cum
565 2376 663 2416 ferro
697 2378 789 2417 atqve
821 2376 894 2406 telis
928 2375 1087 2406 venistis?
1141 2372 1238 2404 Balbi
1270 2371 1385 2410 (VIII.
1411 2370 1448 2401 15
1472 2370 1531 2407 A),
1566 2368 1714 2400 Caesaris
1746 2367 1821 2407 (IX,
1845 2367 1864 2397 6
1885 2367 1930 2398 A.
1953 2366 1997 2398 X.

230 2431 308 2462 ibid.
331 2430 369 2462 97
394 2429 529 2460 etiamne
550 2428 582 2458 in
606 2430 667 2458 tam
689 2428 867 2468 perspicuis
898 2428 986 2459 rebus
1016 2438 1088 2459 con·
1141 2428 1159 2458 8
1182 2428 1238 2468 B).

229 2484 350 2514 ieclura
373 2481 527 2522 capienda
551 2482 626 2512 est?
640 2487 676 2512 ut
693 2481 903 2512 scribendum
922 2491 965 2512 ex
978 2490 1087 2512 emen-

231 2536 363 2567 datione
386 2534 550 2574 Madvigii
573 2532 635 2574 Op.
653 2534 717 2564 Ac.
732 2544 779 2574 pr.
795 2545 826 2574 p.
839 2534 911 2565 184.
933 2534 1089 2574 Indigna-

833 2655 936 2695 XII.

1184 2480 1238 2511 Est
1261 2480 1358 2510 homo.
1383 2478 1433 2509 Cf.
1456 2478 1565 2508 adnot.
1589 2478 1629 2508 ad
1652 2477 1697 2507 ΙΙ.
1724 2477 1752 2512 2,
1775 2476 1806 2506 2.

1003 2656 1069 2708 (A.
1112 2654 1157 2694 [s.
1195 2655 1236 2693 c,
1277 2652 1393 2705 705.)

298 2786 338 2824 1.
386 2781 591 2834 Quidnam
632 2783 728 2823 mihi
765 2781 946 2824 fut-urum
980 2786 1067 2823 est?
1103 2786 1173 2822 aut
1206 2780 1297 2835 quis
1330 2793 1393 2820 me
1426 2793 1508 2819 11011
1542 2777 1670 2819 solum
1702 2776 1900 2822 infelicior
1932 2772 2001 2817 sed

234 2858 311 2897 13111
356 2855 476 2896 etiam
519 2854 694 2910 turpior!
742 2855 993 2896 Nominatim
1039 2854 1087 2895 de
1129 2868 1192 2894 me
1237 2851 1314 2893 sibi
1357 2851 1596 2906 imperatum
1640 2849 1740 2891 dicit
1785 2848 2000 2898 Antonius,

233 2944 306 2971 nec
341 2944 401 2969 me
436 2937 572 2969 tamen
604 2929 689 2983 ipse
724 2928 856 2970 adhuc
891 2928 1059 2978 viderat,
1095 2927 1164 2969 sed
1198 2926 1273 2967 1100
1306 2923 1494 2966 Trebatio
1528 2924 1717 2966 narravit.
1752 2922 1863 2975 Quid
1886 2935 2002 2977 agam

276 3117 293 3154 ξ
318 3117 345 3147 1.
368 3114 432 3146 Sibi
453 3115 635 3154 imperatum
669 3125 687 3146 a
720 3116 870 3154 Caesare,
899 3125 942 3147 ne
972 3115 1094 3147 sineret

235 3170 426 3200 Cicer-onem
451 3168 618 3199 discedere
649 3179 690 3200 ex
717 3170 823 3202 ltalia.
854 3170 894 3201 cf.
918 3179 967 3211 ep.
991 3171 1039 3207 10,
1063 3170 1093 3200 2.

1181 3114 1330 3156 Reqz'nus.
1366 3111 1494 3145 Orellio
1516 3110 1588 3143 sine
1610 3120 1705 3143 causa
1728 3120 1851 3144 nomen
1874 3119 2002 3152 suspec-

1138 3173 1210 3199 tum
1232 3173 1310 3199 erat.
1343 3166 1550 3198 Menam-atur
1573 3164 1610 3197 C.
1643 3165 1809 3197 Ant-istius
1841 3164 2001 3203 Reginus.
