2062 3565
681 156 788 198 LIB.
824 156 876 198 Χ.
913 157 995 200 ΕΡ.
1035 159 1102 199 18.
1144 160 1212 200 11.
1753 163 1833 203 1111

69 304 174 334 eram
217 304 305 340 nec,
349 290 384 331 si
426 291 715 347 impetrassem,
751 292 991 335 crediturus.
1027 294 1112 336 Nos
1147 301 1280 336 tamen
1315 295 1466 351 aliquid
1501 295 1833 350 excogitul›i1nus.

71 365 112 406 3.
143 363 218 414 Tu,
251 377 412 418 quaeso,
457 365 491 406 si
525 365 622 420 quid
655 366 698 408 in
744 367 976 423 Hispaniis;
1011 368 1090 410 iam
1124 369 1231 410 enim
1265 370 1412 424 poterit
1445 370 1589 421 audiri,
1624 377 1663 411 et
1697 387 1833 413 omncs

66 437 124 479 ita
155 441 401 492 exspectant,
446 442 507 489 ut,
542 439 575 480 si
619 440 644 480 †
668 446 772 482 recte
807 440 970 492 fuerint,
1017 441 1118 483 nihil
1152 443 1303 498 negotii
1339 444 1519 485 futurum
1555 451 1711 500 putent.
1751 446 1832 500 Ego

68 514 200 552 autem
243 524 318 551 nec
362 511 528 553 retentis
577 512 627 554 iis
667 514 890 556 confectam
934 530 1016 556 rem
1067 521 1178 570 puto,
1214 531 1343 571 neque
1377 517 1534 558 amissis
1567 518 1830 573 desperatam.

67 583 209 626 Silium
242 588 283 625 et
315 583 494 626 Ocellam
527 595 568 627 et
600 592 752 629 ceteros
785 588 902 630 credo
936 588 1169 630 retardatos.
1201 590 1255 630 'l'e
1289 604 1446 644 quoqu«¹
1482 608 1503 632 a¹
1537 592 1676 632 Curtio
1711 592 1832 647 impv—
1875 606 1884 624 ⁷»

6 711 10 713 -
68 649 163 698 diri‘
177 656 306 708 video,
340 657 430 708 etsi,
466 660 698 716 ut'opiuor,
734 660 856 704 habes
889 663 914 704 †
940 659 1341 707 EKITAONON.

106 828 126 860 6
146 828 246 862 video.
270 828 341 861 Etsi
364 848 405 854 —
433 828 562 869 κέλητα
591 828 729 867 ἄοκνον.

64 983 170 1024 priore
193 983 266 1015 loco
288 986 465 1026 expunxit.
487 986 598 1018 Aliter
619 986 700 1018 haec
723 987 811 1027 expl.
835 986 925 1018 Orel-

65 1035 138 1073 lius,
162 1037 220 1068 sed
236 1046 275 1069 eu
296 1038 379 1070 ratio
403 1039 485 1070 dura
507 1043 564 1070 est.
587 1038 733 1070 Facilius
755 1039 786 1071 ei
807 1048 924 1070 conce-

971 986 1077 1027 potuit
1106 987 1238 1018 Atticus
1268 988 1424 1028 suspicari
1457 987 1540 1019 illud
1574 988 1623 1019 ius
1653 989 1831 1029 significari

971 1040 1191 1081 appellatione
1214 1041 1284 1082 equi
1307 1041 1458 1082 impiyri?
1479 1041 1594 1073 Fuerit
1609 1052 1686 1074 sane
1699 1043 1831 1074 Atticus

63 1088 139 1121 dam
168 1089 256 1122 iuter
284 1101 329 1122 me
358 1090 737 1133 imperatum'excidisse
760 1091 799 1123 ei.
834 1092 924 1124 Caet.
972 1104 1093 1135 magua
1122 1095 1309 1135 sagacitate,
1341 1105 1407 1126 uon
1438 1101 1547 1127 tamen
1579 1101 1647 1127 emt
1675 1095 1831 1137 Oedipus.

63 1140 104 1172 cf.
127 1151 178 1183 ep.
201 1143 239 1174 15
265 1143 295 1174 h.
320 1144 351 1181 l.,
376 1145 394 1176 3
971 1147 1076 1178 Aliud
1108 1147 1210 1187 igitur
1239 1149 1422 1179 eruendum
1454 1158 1470 1179 e
1493 1149 1678 1190 corruptela
1701 1149 1831 1186 codicis,

104 1194 123 1234 ξ
146 1195 176 1226 3·
188 1193 222 1226 Si
236 1196 464 1238 rectefiaeerint.
484 1212 496 1223 υ
509 1197 598 1229 Fort..
615 1200 759 1228 retentae
763 1197 926 1238 ficet-int?
971 1200 1070 1241 idque
1093 1200 1263 1238 eiusmodi,
1287 1211 1353 1242 quo
1378 1201 1520 1242 apertius
1534 1202 1717 1242 explicetur
1731 1202 1833 1243 diplo-

63 1245 165 1280 Orell.
971 1254 1067 1285 matis
1085 1254 1174 1286 illius
1190 1255 1293 1286 notio.
1316 1255 1469 1287 Fortasse
1484 1255 1603 1297 aliquis
1619 1261 1715 1296 poeta
1730 1256 1834 1297 diplo-

105 1300 299 1333 Retardatos
329 1317 342 1328 n
353 1303 551 1345 interceptos
580 1304 738 1335 custodiis
760 1304 926 1336 Caesaria-
948 1322 950 1339 ι
971 1319 1034 1345 ma,
1057 1319 1121 1350 quo
1146 1310 1216 1341 viae
1233 1310 1455 1347 recluduntur,
1475 1309 1497 1341 d
1537 1311 1663 1350 'gual-at
1676 1316 1831 1351 tanquam

64 1355 124 1394 uis,
148 1361 184 1387 ut
206 1356 298 1388 exire
320 1367 388 1388 non
411 1358 571 1398 possint?
593 1358 620 1389 1.
643 1357 682 1388 F.
704 1357 902 1389 Gronovius.
947 1356 950 1418 ἑ
971 1357 1086 1409 κὶῄδα
1114 1357 1224 1401 ὅδιον,
1265 1362 1324 1393 etsi
1347 1362 1410 1393 hoc
1444 1366 1515 1394 totu
1581 1363 1615 1393 in
1645 1363 1832 1393 coniectura

105 1406 212 1438 Ηαῦθδ
244 1410 261 1446 †
279 1409 557 1443 EKITAONON·
597 1411 709 1443 Reieci
743 1412 926 1444 BOSianum
973 1418 1116 1459 positum
1151 1419 1246 1450 nullo
1282 1424 1477 1459 argumento
1518 1419 1647 1450 munire
1685 1429 1831 1460 possum.

11 1459 15 1482 ἶ
63 1460 188 1499 κέλητα
216 1458 354 1506 ἄοκνον,
391 1467 479 1506 quod
509 1466 626 1498 nititur
655 1467 736 1499 falsa
770 1468 925 1510 interpre-
974 1471 1148 1511 Quomodo
1172 1471 1305 1503 Curtius
1339 1473 1547 1513 impediverit
1583 1472 1741 1509 Atticum,
1765 1483 1832 1503 non

61 1521 185 1554 tatione
218 1532 288 1554 voc.
318 1523 499 1564 diplomatis
534 1526 568 1557 in
599 1535 649 1567 ep.
681 1526 729 1563 17,
760 1528 789 1563 4,
820 1532 856 1558 ut
885 1527 924 1558 ad

62 1584 140 1607 eum
168 1576 290 1625 locum,
307 1580 487 1612 ostendam.
524 1579 590 1612 Sed
619 1581 848 1619 concedamus,
878 1581 925 1612 ibi

60 1627 115 1670 agi
128 1629 168 1662 de
184 1629 340 1664 facultate
354 1633 471 1664 utendi
484 1643 582 1665 cursu
597 1633 739 1674 publico,
758 1634 925 1674 quomodo

971 1525 1132 1556 solvendo
1155 1525 1331 1565 pecuniam
1353 1525 1383 1556 ei
1406 1525 1560 1562 debitam,
1584 1535 1626 1556 an
1646 1525 1711 1556 alio
1725 1526 1831 1562 modo,

971 1589 1038 1610 non
1063 1579 1174 1620 liquet.

667 1740 786 1782 XIV.
851 1740 912 1793 (A.
954 1740 995 1782 U.
1031 1739 1073 1782 0.
1112 1740 1225 1794 705.)

125 1860 164 1900 1.
200 1858 236 1900 O
271 1856 394 1898 vitam
427 1856 632 1898 miseram!
669 1856 878 1910 maiusque
912 1855 1062 1897 malum
1094 1860 1176 1896 tam
1210 1854 1281 1897 diu
1313 1855 1468 1906 timere,
1504 1871 1623 1912 quam
1643 1864 1703 1899 est
1725 1859 1825 1900 illud

0 1950 14 1983 ,ῃ
58 1932 206 1989 ipsum,
251 1929 359 1986 quod
399 1930 584 1971 timetur!
634 1930 808 1981 Servius,
854 1934 901 1970 1113
945 1934 1063 1971 3111363
1107 1929 1262 1984 scripsi,
1312 1943 1436 1983 quum
1480 1930 1652 1972 venisset
1697 1932 1737 1973 N
1741 1934 1826 1974 onis

0 2428 13 2501 “οἺ.1
0 2410 4 2415 “
0 2287 14 2398 ιῖ;“.,“.’1’

0 2653 17 2965 ηΙῘ’Κυ““,κΜ““
0 2565 14 2646 ‘wey
0 2513 17 2554 ¹¹⁷.

57 2004 195 2055 Maiis,
230 2003 422 2060 postridie
455 2003 506 2046 ad
538 2019 601 2046 me
634 2004 759 2045 venit.
804 2003 870 2045 Ne
903 2003 1058 2045 diutius
1091 2008 1131 2044 te
1163 2007 1336 2054 teneam,
1370 2003 1522 2045 nuliius
1555 2005 1711 2047 consilii
1746 2008 1826 2048 exi-

57 2082 146 2120 tum
177 2077 420 2120 invenimus.
453 2078 677 2134 Nunquam
710 2077 794 2119 vidi
826 2077 1032 2119 hominem
1063 2076 1398 2134 perturbatiorem
1431 2081 1555 2128 metu,
1589 2093 1717 2133 neque
1741 2079 1826 2120 1161·-
1869 2087 1883 2111 ⁵

0 2149 18 2198 5²
59 2151 146 2193 cule
194 2150 415 2207 quidquam
459 2150 642 2202 timebat,
687 2151 794 2207 quod
839 2167 920 2194 non
966 2156 1070 2193 esset
1111 2151 1352 2199 timendum,
1397 2151 1511 2192 illum
1555 2151 1633 2194 sibi
1664 2152 1825 2203 iratum,

61 2224 167 2267 hunc
199 2239 280 2266 non
314 2225 501 2276 amicum,
535 2224 768 2266 horribilem
801 2225 1012 2280 utriusque
1045 2225 1267 2274 victoriam,
1313 2239 1437 2280 quum
1472 2230 1631 2281 propter
1663 2225 1826 2267 alterius

59 2297 351 2349 crudelitatem,
386 2297 551 2340 alterius
583 2298 808 2352 audaciam,
841 2304 931 2341 tum
963 2303 1124 2355 propter
1156 2298 1366 2353 utriusque
1400 2298 1676 2341 difficultatem
1711 2315 1825 2355 pecu—

55 2370 237 2420 niariam,
270 2385 372 2426 quae
405 2371 491 2412 erui
524 2386 723 2426 nusquam
758 2372 837 2414 nisi
870 2388 918 2414 ex
951 2372 1198 2428 privatorum
1230 2370 1348 2412 bonis
1384 2377 1529 2426 posset.
1565 2374 1697 2428 Atque
1729 2373 1823 2414 hae(-

57 2443 115 2486 ita
156 2443 294 2485 multis
337 2457 430 2485 cum
471 2443 646 2485 lacrimis
689 2444 945 2500 loquebatur,
991 2449 1038 2487 ut
1085 2460 1158 2500 ego
1203 2444 1367 2485 mirarer
1411 2460 1476 2485 eas
1519 2450 1601 2487 tam
1635 2445 1825 2488 diuturna

59 2516 217 2558 miseria
259 2530 340 2557 non
371 2517 587 2558 exaruisse.
637 2517 744 2560 Mihi
777 2519 942 2574 quidem
975 2520 1094 2561 etiam
1128 2518 1331 2574 lippitudo
1364 2518 1476 2568 haec,
1513 2526 1672 2575 propter
1706 2535 1822 2574 quam

99 2662 119 2693 9
140 2672 201 2704 qua
227 2662 296 2694 erui
317 2679 359 2685 —
382 2662 421 2693 11
441 2667 571 2705 propter
592 2675 682 2707 quam
706 2675 768 2697 non
791 2685 832 2690 -—

98 2804 118 2843 §
140 2804 168 2835 1.
191 2803 239 2835 Ne
252 2803 374 2836 diutius
387 2807 418 2834 te
430 2805 564 2834 teneam.
583 2805 726 2842 Quodin
738 2806 918 2838 Ven·.Act.
943 2806 945 2830 ἴ
966 2809 1110 2836 mutatus
1141 2804 1185 2835 ita
1219 2803 1358 2840 videtur,
1393 2808 1428 2833 ut
1451 2803 1526 2834 huic
1551 2802 1650 2833 verbo
1673 2802 1824 2832 conveni-

60 2857 105 2889 11.
134 2858 161 2890 I.
192 2860 234 2890 34
262 2859 416 2890 scribitur
441 2857 490 2889 Ne
511 2857 631 2889 diutius
654 2862 776 2890 teneam
799 2860 920 2891 omisso
967 2863 1025 2888 ret.
1055 2857 1143 2887 Nam
1172 2855 1242 2886 erui
1271 2855 1379 2896 aliqua
1414 2865 1448 2885 re
1469 2854 1535 2885 dici
1558 2863 1650 2895 posse
1674 2864 1731 2894 pro
1753 2853 1824 2884 Iibe-

57 2920 119 2949 voe,
148 2922 216 2943 non
248 2918 298 2944 est
327 2916 525 2952 argumento
553 2914 584 2943 te
617 2913 650 2944 h.
673 2913 694 2944 l.
718 2923 789 2945 esse
811 2914 921 2946 delen·
942 2934 945 2970 Ι
966 2911 1035 2942 ran·
1057 2911 1165 2953 aliqua
1188 2920 1222 2941 re
1244 2915 1369 2942 temere
1392 2910 1556 2940 affirmant
1578 2915 1650 2949 post
1678 2909 1822 2939 Bosium.

57 2963 146 3002 dum,
168 2969 207 3002 ut
227 2964 425 2996 nonuemini
447 2964 555 2995 visum
585 2969 643 2996 est.
667 2965 843 2998 Obiectum
866 2967 919 2997 ad-
942 2974 945 2993 ι
967 2964 1182 3005 scribuntque
1204 2973 1265 3005 qua
1287 2962 1367 2994 erui.

57 3017 146 3049 ditur
165 3017 260 3049 Fam.
282 3018 345 3049 VI.
369 3018 418 3054 16,
446 3019 481 3049 3:
505 3017 575 3048 Non
599 3019 707 3051 tenebo
729 3022 761 3051 le
765 3019 923 3061 pluribus.
943 3011 945 3064 Ξ
1009 3016 1175 3057 la'ppitudo
1197 3033 1238 3039 -—
1259 3015 1328 3046 sine
1350 3015 1418 3046 ulla
1441 3014 1571 3045 lacrima
1595 3015 1649 3044 est.
1680 3013 1823 3043 Labora-

101 3068 189 3110 Quae
224 3070 293 3102 erui
320 3089 361 3094 -
377 3071 488 3111 posset
521 3080 556 3101 οε
601 3081 686 3112 quae
730 3072 805 3104 tolli
845 3082 920 3104 nus·
943 3066 945 3109 ἒ
969 3069 1023 3100 bat
1044 3069 1148 3109 igitur
1169 3068 1377 3109 lippitudine,
1398 3076 1483 3108 quae
1515 3067 1634 3098 dicitur
1655 3065 1748 3096 arida
1773 3066 1823 3096 vel

0 3110 6 3146 ῗ
59 3130 157 3162 quem
189 3140 230 3146 —
255 3127 373 3164 posset.
413 3122 455 3154 In
492 3123 586 3154 libris
625 3124 705 3156 Mss.
735 3134 779 3156 ex
808 3125 921 3156 ERVI
942 3112 945 3161 1
966 3121 1060 3158 sicca,
1089 3120 1147 3153 Gr.
1172 3110 1437 3163 ξηροφθαλμία,
1461 3119 1501 3150 (16
1529 3128 1591 3159 qua
1616 3117 1683 3157 agit
1707 3115 1821 3149 Celsa:

0 3174 9 3200 ν’-
59 3174 182 3207 factum
210 3182 259 3208 est
292 3176 421 3213 FRV13
455 3176 575 3209 deinde
597 3187 691 3208 casus
715 3178 945 3220 pmnominis.
971 3177 1030 3209 Vl.
1055 3179 1084 3216 6,
1108 3178 1157 3208 29.
1188 3177 1274 3209 Fun.
1299 3177 1342 3208 H.
1366 3177 1406 3207 N.
1431 3175 1604 3207 xxvui.
1630 3174 1697 3206 169.

1850 2467 1882 2492 10
