2062 3565
149 122 235 162 :312
546 120 631 161 ΕΡ.
667 119 742 160 ΑΙ)
776 119 822 159 T.
857 117 1210 159 POMPONIUM
1243 116 1510 158 A'H‘ICUM.

148 272 188 297 se
224 256 356 296 venire
392 254 534 305 velim3
569 254 697 294 Bruto
731 253 840 294 enim
872 253 1027 308 placere
1072 268 1113 294 se
1146 268 1169 294 a
1200 267 1264 293 me
1299 251 1517 293 conveniri.
1552 252 1588 293 O
1621 266 1704 293 rem
1737 250 1914 292 odiosam

147 335 188 371 et
220 327 567 384 inexplicabilem!
603 327 710 368 Puto
742 342 806 368 me
839 341 933 382 ergo
965 327 1134 378 iturum,
1170 331 1210 368 et
1242 325 1337 368 inde
1373 326 1556 377 Romam,
1591 324 1670 367 nisi
1706 323 1804 378 quid
1827 338 1913 364 mu-

147 407 247 445 15310.
283 400 522 444 Summatim
546 399 679 441 adhuc
702 399 753 441 ad
776 404 840 451 te3
866 399 1070 441 nihildum
1093 399 1201 440 enim
1219 414 1242 440 a
1260 397 1402 440 Balbo.
1438 398 1545 440 Tuas
1562 398 1688 452 igitui-
1711 400 1914 453 exspectO,

149 491 222 518 nec
255 480 434 517 actorum
469 473 612 524 solum,
648 473 717 514 sed
751 473 871 514 etiam
906 473 1150 515 futurorum.

149 651 229 682 agro
251 641 403 672 Aricino.
427 640 477 673 Cf.
500 649 597 681 supra
620 639 682 670 VI.
707 639 734 676 1,
758 639 808 669 25.

192 693 385 725 Summatim.
409 693 460 725 Cf.
483 692 526 723 V.
551 692 599 729 16,
625 693 651 722 l.
674 690 768 722 Fam.
793 691 838 722 X.
865 692 914 729 28,
940 694 968 722 3.

1104 635 1264 667 Nibildum
1285 647 1306 666 a
1329 636 1441 668 Balbo.
1474 636 1552 668 uSc.
1575 644 1754 677 cognoram
1776 634 1818 665 de
1839 641 1916 664 con-

1060 692 1144 724 siliis
1166 692 1343 724 Antonii.''
1365 692 1466 724 Gron.

792 823 838 864 V.
905 824 970 876 (A.
1013 824 1058 864 U.
1097 825 1139 864 C.
1178 824 1296 878 710.)

215 953 254 991 1.
303 952 339 991 Α
379 950 507 991 Bruto
551 949 787 991 tabellarius
828 949 962 991 rediit.
1013 951 1166 993 Attulit
1199 956 1239 993 et
1272 951 1322 993 ab
1356 966 1402 992 eo
1436 956 1475 993 et
1509 951 1661 993 Cassio.
1695 949 1920 992 Consilium

149 1038 281 1065 meum
326 1038 472 1077 magno
519 1038 636 1079 opere
681 1023 912 1078 exquirunt,
958 1023 1112 1066 Brutus
1158 1025 1335 1080 quidem,
1382 1030 1520 1067 utrum
1566 1024 1614 1066 de
1660 1023 1833 1066 duobus.
1883 1022 1920 1064 O

150 1114 233 1141 rem
277 1098 487 1139 miseram!
537 1097 661 1139 Plane
705 1112 787 1138 non
820 1096 949 1138 habeo
983 1098 1081 1153 quid
1115 1098 1302 1140 scribam.
1356 1099 1499 1153 Itaque
1532 1098 1692 1140 silentio
1725 1102 1824 1153 puto
1856 1110 1919 1137 me

114 1191 128 1216 5
150 1187 333 1222 usurum,
381 1172 461 1213 nisi
505 1171 602 1226 quid
647 1171 756 1213 aliud
797 1170 875 1212 tibi
920 1171 1092 1213 videtur.
1145 1172 1216 1214 Sin
1257 1171 1333 1213 tibi
1380 1171 1477 1227 quid
1512 1171 1623 1213 Venit
1653 1171 1698 1213 in
1731 1175 1920 1221 mentem,

151 1246 280 1288 scribe
326 1260 487 1300 quaeso.
536 1244 699 1286 Cassius
743 1259 832 1285 vero
867 1244 1122 1286 vehementer
1155 1249 1242 1286 orat
1275 1260 1320 1286 ac
1353 1245 1468 1301 petit,
1503 1249 1550 1286 ut
1584 1245 1767 1286 Hirtium
1801 1259 1921 1300 quam

150 1321 347 1377 optimum
390 1319 547 1361 faciam.
599 1319 749 1361 Sanum
790 1320 938 1373 putas?
993 1319 1018 1359 †
1046 1314 1161 1362 “Ore
1202 1320 1330 1370 νᾶυς
1373 1315 1647 1378 ἄνθρακες.
1697 1318 1921 1375 Epistolam

152 1394 228 1436 tibi
279 1394 383 1435 misi.
422 1396 462 1434 2.
497 1393 554 1434 st
587 1398 633 1433 tu
668 1392 716 1433 de
751 1393 956 1448 provincia
989 1393 1109 1434 Bruti
1143 1398 1183 1434 et
1216 1392 1345 1434 Cassii
1378 1408 1447 1448 per
1481 1396 1644 1433 senatus
1679 1391 1920 1443 consultum,

150 1469 208 1510 ita
242 1467 382 1509 scribit
415 1471 455 1507 et
488 1465 655 1507 Balbus.
691 1466 744 1507 Et
779 1466 939 1508 Hirtius
974 1466 1134 1521 quidem
1171 1482 1211 1507 se
1246 1467 1331 1520 (ait)
1367 1472 1551 1507 acturum
1588 1490 1644 1494 —
1669 1465 1819 1506 etenim
1840 1466 1921 1507 iam

98 1557 131 1585 lo
150 1540 195 1581 in
245 1540 473 1582 Tusculano
529 1544 589 1580 est
623 1564 678 1568 —
715 1539 893 1595 mihique
931 1546 977 1581 ut
1011 1539 1137 1581 absim
1173 1539 1427 1582 vehementer
1461 1543 1599 1580 auctor
1633 1544 1706 1591 est,
1734 1539 1802 1581 1110
1835 1540 1922 1596 quj-

152 1615 243 1656 dem
282 1613 450 1670 periculi
495 1627 628 1663 causa,
680 1612 786 1667 quod
834 1612 911 1655 sibi
955 1614 1076 1655 etiam
1124 1613 1247 1655 fuisse
1281 1614 1394 1666 dicit,
1428 1630 1502 1670 ego
1536 1619 1685 1665 autem,
1720 1613 1842 1654 etiam
1875 1618 1923 1654 ut

194 1790 211 1822 7
235 1779 272 1819 Ὀ
302 1782 451 1831 ’γναφεὺς
479 1773 693 1830 ἀνθρακεύς.
725 1802 766 1806 -
789 1785 806 1814 9
830 1786 860 1814 et
884 1784 1004 1815 Balbus
1027 1787 1057 1816 et
1082 1785 1226 1822 Hirtias;
1256 1785 1308 1828 qui
1330 1785 1461 1827 quidem,
1498 1794 1532 1815 se
1553 1786 1703 1814 actutum.
1739 1783 1862 1814 Etenim
1882 1800 1923 1806 —

155 1845 193 1876 10
216 1847 246 1876 et
269 1844 328 1875 ille
350 1841 472 1884 quidem
493 1858 534 1864 —

195 2018 213 2057 ξ
237 2017 263 2047 ].
289 2015 407 2046 Attulit
430 2017 461 2046 et
480 2014 518 2045 ab
541 2024 575 2045 eo
598 2017 627 2045 et
658 2013 778 2045 Cassio.
804 2013 901 2044 Prius
918 2016 948 2043 et
960 2013 1012 2044 de-

154 2071 298 2107 lendum,
338 2069 389 2100 vel
431 2080 451 2099 a
487 2067 597 2100 Cassio
631 2068 842 2100 scribendum
874 2072 931 2104 est,
962 2067 1014 2098 vel

156 2124 268 2155 etiam:
294 2122 405 2153 attulit
429 2122 542 2152 literas
565 2121 603 2151 ab
625 2131 660 2151 eo
682 2122 712 2151 et
739 2120 856 2150 Cassio.

203 2177 307 2208 Utrum
331 2177 369 2207 de
384 2176 509 2212 dnobus,
531 2186 574 2206 sc.
587 2181 699 2207 utrum
716 2175 856 2206 Romam
868 2175 1014 2210 redeant,

157 2242 199 2262 311
222 2236 310 2261 1110111
328 2236 561 2260 veteranorum
573 2229 677 2259 coacti
692 2228 838 2258 Lanuvii
849 2233 1016 2258 maneant.

159 2283 208 2316 Cf.
232 2283 370 2324 epistola
394 2292 412 2312 a
434 2283 541 2313 Bruto
564 2287 596 2312 et
619 2281 734 2312 Cassio
757 2280 820 2311 hoc
843 2280 914 2320 ipso
930 2290 1017 2310 311110

159 2343 235 2368 ante
258 2336 332 2367 Kal.
357 2335 472 2366 Iunias
494 2335 580 2371 data,
602 2333 696 2364 Fam.
719 2333 784 2364 XI.
807 2333 834 2363 2.

204 2389 281 2420 Ora!
304 2399 342 2419 (τε
358 2388 456 2429 petit.
484 2387 644 2427 Quamvis
674 2387 824 2418 usitatius
852 2394 936 2418 05501
971 2387 1018 2418 in·

160 2453 253 2476 verso
277 2443 392 2474 ordine
397 2441 480 2482 petil
494 2443 587 2482 atq-ue
601 2442 682 2478 orat,
696 2448 783 2472 recte
803 2446 912 2471 tamen
927 2439 1017 2472 Orel-

160 2498 223 2528 lius
246 2500 345 2536 negat
367 2495 430 2526 1100
453 2498 641 2525 constanter
663 2493 839 2530 observari,
868 2503 947 2525 usus
978 2493 1017 2524 si-

159 2550 232 2581 mili
255 2548 408 2590 exemplo
441 2556 459 2578 e
495 2546 588 2578 Caes.
620 2546 659 2577 B.
684 2545 719 2577 C.
744 2546 771 2576 Ι.
806 2546 844 2576 32
873 2548 945 2577 orat
981 2558 1018 2577 ac

152 2604 309 2645 postulat.
331 2602 408 2633 Non
432 2611 511 2643 opus
542 2605 589 2631 est
622 2600 725 2639 igitur
754 2600 892 2632 coniect.
922 2601 1018 2631 Lam-

162 2658 231 2688 bini
253 2658 350 2687 erral.
376 2655 460 2686 Petit
481 2659 541 2686 cet.

192 2701 238 2741 40
258 2720 292 2741 τε
321 2709 405 2745 ναῦς
431 2699 619 2752 ἄνθρακες.
656 2709 706 2738 lta
735 2708 891 2749 scriptum
915 2713 963 2739 est
985 2708 1018 2738 in
1042 2719 1043 2724 ¹

163 2767 313 2807 margine
337 2764 585 2801 Cratandrinae,
621 2773 681 2795 nec
716 2764 858 2794 multum
880 2764 1021 2794 distabat

162 2819 320 2859 scriptura
343 2817 442 2855 Med„
464 2821 545 2848 teste
569 2816 728 2854 Victorio,
748 2817 805 2857 qui
819 2816 896 2847 inde
914 2816 1017 2847 eruit:

163 2866 178 2901 ‘o
224 2863 401 2904 θησαυοὸς
443 2861 630 2912 ἄνθρακες,
667 2867 836 2897 thesaurus
871 2866 1020 2895 carbones
1044 2867 1045 2870 ’

161 2929 235 2957 sunt
258 2936 290 2956 o:
314 2926 454 2963 Hirtius,
477 2934 576 2966 quem
599 2924 723 2955 bonum
746 2924 852 2954 civem
876 2932 946 2954 esse
964 2934 1019 2964 pu-
1043 2922 1045 2952 ἶ

163 2988 245 3018 tant,
268 2980 416 3020 sequitur
436 2983 544 3020 partes
565 2977 717 3014 Antonii,
740 2977 892 3017 nihilque
925 2977 1021 3007 nobis
1043 2985 1045 2995 ³

163 3041 193 3064 et
216 3034 263 3064 rei
284 3033 435 3074 publicae
447 3032 588 3073 prodest.
610 3031 721 3071 Magis
734 3031 795 3061 hoc
807 3030 891 3061 mihi
905 3030 1019 3071 placet,
1044 3030 1046 3042 '

163 3098 261 3128 «1113111
285 3087 375 3117 Bosii
399 3085 578 3117 restitutio:
603 3081 619 3117 ὃ
648 3081 792 3130 γναφεὺς
810 3082 1018 3127 ἀνθρακεύς,

154 3145 244 3186 fullo
267 3144 538 3185 carbomriusfil,
562 3143 649 3184 quod
673 3142 906 3183 explicandum
926 3151 941 3172 e
957 3141 1020 3172 fab.

1062 2014 1188 2055 Aesopi
1213 2014 1250 2044 12
1285 2014 1335 2045 ed.
1372 2013 1444 2045 Cor.
1471 2012 1645 2044 Sententia
1674 2017 1776 2044 esset:
1807 2011 1924 2043 fmstra

1063 2077 1125 2109 ego
1147 2068 1295 2099 Hirtium
1317 2067 1471 2099 dealbare
1493 2077 1517 2097 5.
1530 2077 1629 2108 quam
1643 2066 1805 2108 optimum
1817 2065 1922 2096 facere

1063 2123 1193 2159 stude03
1229 2121 1314 2152 nihil
1348 2121 1492 2162 proficio.
1537 2120 1614 2159 Quo
1650 2120 1757 2161 magis
1784 2119 1922 2150 honesta

1064 2176 1235 2218 praecipio.
1261 2186 1298 2208 eo
1323 2176 1518 2207 deteriorem
1540 2175 1650 2206 reddo.

1107 2230 1124 2270 ξ
1147 2229 1175 2260 2.
1205 2228 1242 2259 Ut
1265 2230 1298 2259 ln
1322 2228 1362 2259 de
1379 2228 1545 2268 provincia
1568 2232 1627 2259 cet.
1653 2237 1687 2257 o:
1724 2227 1770 2257 Ut
1792 2232 1827 2258 tu
1850 2228 1925 2258 scri-

1066 2284 1114 2315 bis
1137 2284 1177 2314 de
1201 2283 1379 2324 provinciis
1403 2283 1436 2313 iu
1461 2288 1655 2323 sequentem
1675 2291 1800 2312 annum
1820 2281 1925 2312 Bruto

1065 2342 1097 2368 et
1119 2336 1232 2368 Cassio
1254 2336 1470 2367 decernendis
1494 2335 1526 2365 in
1555 2340 1670 2366 senatu
1695 2339 1806 2365 actum
1818 2334 1867 2371 iri,
1881 2334 1925 2364 ita

1065 2396 1095 2422 et
1119 2391 1245 2422 Balbus
1268 2391 1379 2422 scribit
1423 2389 1462 2419 El
1492 2388 1623 2419 Hirtius
1653 2387 1776 2430 quidem
1811 2398 1845 2418 se
1878 2387 1926 2417 ait

1065 2448 1216 2483 acturum,
1241 2463 1281 2468 —-
1303 2445 1417 2475 etenim
1446 2443 1506 2474 iam
1540 2443 1573 2474 in
1609 2443 1784 2474 Tusculano
1817 2445 1862 2474 est
1885 2461 1925 2466 —-

1065 2498 1199 2540 mihique
1221 2504 1282 2529 cet.
1305 2498 1350 2529 ita
1365 2497 1537 2538 sequentia
1549 2496 1689 2527 correxi.
1711 2496 1800 2527 Nam
1818 2505 1925 2536 neque

1064 2554 1213 2589 actutum,
1236 2562 1301 2593 quo
1325 2552 1427 2583 semel
1449 2560 1528 2582 usus
1551 2555 1598 2581 est
1612 2549 1727 2581 Cicero
1739 2549 1828 2581 Phil.
1841 2549 1925 2580 XII.

1066 2607 1115 2644 26,
1138 2607 1171 2637 h.
1195 2606 1216 2636 l.
1241 2605 1337 2637 facile
1361 2605 1521 2646 explicari
1543 2609 1651 2644 potest
1673 2609 1706 2634 et
1739 2603 1850 2634 durior
1883 2602 1925 2634 el-

1042 2695 1043 2698 *
1066 2660 1158 2702 lipsis
1182 2665 1229 2692 est
1259 2660 1292 2690 in
1321 2659 1446 2690 verbis:
1484 2658 1536 2700 qui
1565 2656 1688 2699 quidem
1717 2666 1750 2687 se
1773 2659 1926 2688 acturum.

1042 2747 1043 2751 ,
1070 2715 1154 2754 Quis
1165 2714 1253 2746 enim
1264 2723 1330 2744 non
1341 2723 1382 2744 ex
1392 2713 1442 2750 iis,
1450 2721 1534 2754 qnae
1546 2712 1756 2753 praecedunt,
1765 2716 1924 2743 assumet:

1067 2769 1185 2806 scribit,
1209 2778 1313 2809 quum
1334 2773 1444 2798 tamen
1468 2766 1494 2797 is
1517 2766 1574 2807 qui
1597 2775 1673 2796 cum
1696 2764 1856 2796 Cicerone
1889 2764 1924 2795 in

1068 2824 1258 2856 Tusculano
1281 2829 1359 2859 erat,
1383 2832 1449 2853 non
1473 2822 1513 2852 ad
1525 2831 1601 2852 eum
1617 2820 1769 2857 scribere,
1781 2820 1838 2851 sed
1849 2829 1924 2850 cum

1069 2888 1108 2909 eo
1126 2876 1217 2918 loqui
1234 2874 1406 2906 debuerit?
1430 2875 1538 2905 Immo
1556 2874 1676 2904 diserte
1693 2872 1926 2903 declarandum

1069 2936 1138 2962 erat
1172 2930 1235 2960 hoc
1259 2928 1407 2959 Hirtium
1431 2937 1498 2958 non
1529 2926 1679 2962 scribere,
1712 2925 1769 2956 sed
1800 2924 1908 2956 dicere
1916 2939 1924 2962 3

1043 2998 1046 3025 1
1069 2985 1102 3015 id
1125 2984 1214 3024 quod
1235 2983 1273 3013 fit
1295 2992 1333 3013 ea
1357 2982 1494 3018 ratione,
1517 2990 1616 3021 quam
1632 2978 1795 3020 proposui.
1820 2979 1862 3009 In
1873 2978 1926 3009 his

1069 3043 1180 3067 autem
1202 3035 1286 3066 nihil
1309 3034 1443 3066 discessi
1465 3044 1482 3064 a
1505 3033 1576 3064 cod.
1597 3031 1697 3067 Med„
1732 3030 1765 3060 in
1795 3040 1861 3071 quo
1894 3039 1926 3062 et

1069 3090 1121 3132 qu'i
1143 3094 1219 3120 ante
1240 3087 1358 3130 quidem
1383 3088 1474 3118 deest
1496 3092 1527 3118 et
1550 3087 1691 3116 acturum
1714 3083 1847 3124 legitur.

1113 3143 1175 3173 Ille
1197 3141 1315 3184 quidem
1340 3148 1400 3173 cet.
1425 3141 1463 3172 In
1489 3140 1576 3172 Med.
1589 3140 1700 3169 auctor
1716 3138 1746 3167 εί
1762 3136 1826 3174 ille,
1839 3138 1925 3169 unde
