2062 3565
737 146 840 188 ΜΒ.
877 146 967 186 XV.
1003 145 1087 187 ΕΡ.
1124 148 1164 186 2.
1201 150 1241 186 15.
1789 145 1870 183 :307

115 283 214 326 bene
247 288 381 325 actum
415 297 505 323 cum
537 282 606 323 illo
641 281 824 323 arbitror.
873 282 984 334 Quos
1020 292 1151 323 tamen
1186 280 1383 323 secundos
1420 280 1582 322 heredes
1614 280 1713 322 scirc
1739 279 1876 321 vellem

114 365 154 398 et
186 355 293 398 diem
325 355 573 396 testamenti.

114 521 202 561 liqna
227 520 346 550 bonam
369 519 510 551 afferunt
544 520 760 550 sententiam:
800 520 857 556 Ea,
889 529 973 560 quae
1021 528 1070 552 est
1093 521 1206 552 iratior
1228 522 1390 559 Antonin,
1416 527 1451 552 ut
1472 522 1593 552 dieitur
1615 531 1664 562 ep.
1688 522 1718 556 6.
1749 522 1774 552 l.

117 576 239 607 Rornae
263 575 355 611 liunt,
377 575 538 615 imprimis
561 575 694 616 rapinae
717 576 758 605 ad
777 574 857 615 Opis
872 575 974 606 sactae
1066 575 1155 605 Scire
1180 576 1298 607 vellem.
1322 576 1486 607 Usitmius
1509 582 1593 607 esset
1614 576 1696 606 scire
1720 575 1819 606 velim.

114 629 227 678 (KIV.
254 629 301 665 14,
325 629 359 668 5)
392 638 525 659 movere
555 628 709 659 videntur
741 628 886 659 Hirtium
920 628 974 667 (cf.
1066 628 1153 658 Diem
1177 629 1358 660 testamenti
1383 636 1476 660 vocat
1506 635 1643 670 tempus,
1679 630 1762 660 intra
1796 629 1881 669 qum!

115 682 153 713 ad
179 681 276 713 XIV.
300 682 349 719 21,
373 683 408 721 4)
439 682 495 722 qui
518 687 686 722 propterea
712 682 848 713 fortasse
872 681 976 713 factus
998 695 1000 697 ·
1024 682 1160 713 heredes
1183 682 1348 714 debebant
1369 691 1503 714 cernere
1525 682 1749 714 hereditatem.

725 788 813 829 ΠΙ.
881 790 946 842 (A.
990 789 1034 829 (s.
1074 790 1114 828 C.
1154 789 1272 843 710.)

181 907 221 946 1.
269 918 329 946 XI.
375 905 468 946 Kal.
513 903 648 958 accepi
692 904 735 945 in
755 919 759 924 ⁴
781 904 938 945 Atinati
988 903 1088 945 duas
1135 904 1323 958 epistolas
1368 910 1473 956 tuas,
1526 905 1673 961 quibus
1729 905 1887 947 duabus

121 979 216 1020 meis
261 978 519 1034 respondisti.
564 978 655 1019 Una
696 983 780 1019 erat
826 992 898 1019 xv.
945 978 1052 1029 Kal„
1098 978 1221 1019 altera
1266 992 1348 1020 ΧΠ.
1384 979 1491 1020 data.
1543 980 1606 1021 Ad
1642 980 1884 1035 superiorem

118 1054 243 1108 igitur
289 1052 412 1108 prius.
459 1055 653 1093 Accurres
694 1051 735 1092 in
770 1051 1059 1101 Tusculanum,
1094 1056 1141 1092 ut
1173 1051 1328 1102 scribis,
1364 1068 1442 1107 quo
1476 1069 1537 1094 1116
1574 1067 1631 1095 vr.
1667 1053 1760 1094 Kal.
1797 1068 1889 1094 ven-

119 1134 255 1167 turum
300 1124 536 1167 arbitrabar.
589 1123 709 1176 Quod
753 1123 894 1165 scribis
939 1123 1159 1179 parendum
1196 1124 1429 1175 victoribus,
1464 1141 1545 1167 non
1579 1127 1679 1168 mihi
1713 1126 1889 1182 quidem,
1931 1144 1945 1168 5

121 1200 187 1241 cui
232 1205 328 1241 sunt
370 1199 497 1240 multa
542 1199 710 1254 potiora.
757 1199 864 1239 Nam
897 1198 980 1248 illa,
1017 1213 1116 1252 quae
1152 1197 1384 1249 recordaris,
1419 1199 1592 1241 Lentulo
1626 1205 1667 1242 et
1700 1201 1892 1242 Marcello

122 1273 355 1315 consulibus
400 1278 489 1314 acta
534 1273 577 1314 in
622 1272 717 1314 aede
752 1272 967 1328 Apollinis,
1003 1288 1076 1314 nec
1110 1287 1230 1314 causa
1263 1272 1400 1314 eadem
1434 1280 1495 1314 est
1527 1289 1599 1315 nec
1633 1275 1762 1316 simile
1794 1281 1892 1316 tem-

122 1362 208 1402 pus,
253 1346 485 1402 praesertim
533 1361 658 1401 quum
703 1345 942 1387 Marcellum
987 1344 1139 1386 scribas
1173 1345 1349 1400 aliosque
1384 1346 1601 1389 discedere.
1648 1348 1737 1389 Erit
1769 1349 1894 1403 igitur

121 1419 238 1462 uobis
284 1435 416 1462 coram
463 1419 714 1461 odorandum
750 1424 791 1460 et
824 1419 1168 1470 constituendum,
1204 1425 1346 1461 tutone
1380 1421 1529 1462 Romae
1563 1436 1647 1462 csse
1680 1422 1894 1476 possimus.

122 1493 230 1534 Novi
274 1498 498 1535 conventus
539 1492 787 1534 habitatores
821 1508 914 1534 sane
949 1499 1124 1534 movent.
1175 1493 1225 1534 In
1258 1494 1414 1548 magnis
1448 1495 1555 1536 enim
1590 1509 1794 1536 versamur
1827 1510 1895 1536 an·
1919 1509 1952 1536 10

123 1565 282 1620 gustiis.
333 1556 422 1608 Etsi
465 1567 543 1608 ista
587 1566 720 1622 parvi:
768 1567 866 1620 quin
907 1571 948 1607 et
993 1566 1141 1607 maiora
1175 1568 1484 1609 contemnimus.
1521 1571 1561 1609 2.
1597 1568 1741 1610 Calvae
1775 1574 1896 1610 testa-

123 1626 304 1681 mentum
347 1640 532 1694 cognovi,
578 1638 755 1680 hominis
788 1639 919 1694 turpis
952 1653 997 1680 ac
1031 1638 1197 1680 sordidi.
1247 1639 1402 1681 Tabula
1434 1641 1647 1683 Demonici
1680 1641 1786 1697 quod
1820 1641 1898 1683 tibi

124 1717 239 1755 curae
284 1719 359 1765 ert,
404 1717 578 1768 gratum.
629 1713 689 1753 De
734 1712 760 1754 †
779 1711 882 1753 malo
927 1712 1068 1767 scripsi
1111 1712 1191 1753 iam
1225 1712 1377 1768 pridem
1413 1713 1464 1754 ad
1499 1714 1747 1757 Dolabellam
1783 1730 1898 1757 accu-

167 1879 204 1910 11
229 1881 246 1916 †
268 1877 331 1909 Sed
351 1878 380 1909 si
400 1878 466 1910 ista
488 1896 528 1901 —-

170 2039 188 2078 ξ
213 2038 240 2069 1.
264 2037 303 2068 In
328 2036 466 2068 Atinati.
499 2037 528 2068 E
554 2036 712 2078 scriptura
735 2037 858 2068 codicis
881 2036 991 2068 arche-

130 2093 199 2134 typi
222 2093 416 2124 continuata
439 2092 562 2123 factum
587 2096 635 2123 est
657 2092 692 2122 in
716 2092 787 2123 cod.
811 2092 914 2123 Torn.
938 2102 992 2122 ac-

129 2146 197 2186 cepi
219 2145 296 2176 nati.
320 2145 441 2176 Bosius
463 2149 557 2176 acute
579 2145 664 2176 vidit
686 2144 757 2175 nati
789 2154 860 2176 esse
891 2145 992 2185 gerni·
1016 2158 1019 2196 ἰ
1044 2147 1121 2178 illa:
1147 2150 1256 2178 tutone
1278 2148 1394 2179 Romae
1416 2158 1483 2179 esse
1499 2149 1668 2189 possimus.

132 2201 288 2237 nandum,
313 2198 572 2240 Ciceronemque
595 2199 784 2240 scripsisse:
823 2199 938 2239 Accepi
960 2198 994 2228 z‘n
1086 2200 1154 2231 Sed
1168 2201 1197 2230 si
1218 2201 1282 2232 ista
1299 2203 1406 2242 parvi.
1442 2201 1560 2235 Orellii
1583 2203 1725 2243 suspicio
1748 2203 1778 2233 si
1800 2209 1908 2234 ortum

132 2253 268 2284 Atinati.
305 2252 463 2284 Sinuessa
497 2258 553 2284 aut
593 2253 775 2284 Minturnis
811 2253 993 2284 Tusculum
1018 2264 1021 2298 g
1044 2264 1114 2286 esse
1138 2264 1181 2286 ex
1203 2256 1254 2285 st!
1293 2257 1382 2297 quod
1404 2262 1453 2288 est
1474 2256 1645 2287 silentium
1666 2256 1820 2294 iubentis,
1850 2257 1910 2287 mi-

135 2307 348 2338 tendentibus
371 2307 433 2338 iter
455 2311 523 2338 erat
545 2315 602 2348 per
624 2316 741 2347 agrum
763 2307 946 2338 Atinatem.
1018 2300 1021 2334 ἶ
1044 2310 1134 2340 nime
1159 2310 1276 2350 placet.
1306 2309 1380 2349 Ego
1411 2309 1439 2339 si
1472 2320 1539 2340 non
1576 2309 1819 2350 corrigendum,
1853 2310 1910 2340 sed

181 2359 238 2389 vm·
270 2362 344 2390 sunt
379 2359 476 2390 multa
503 2359 643 2399 potiora.
684 2359 838 2390 Fortasse
866 2360 997 2400 scripsit
1044 2363 1225 2394 delendum
1247 2363 1417 2404 putabam.
1453 2363 1579 2394 Lenius
1602 2362 1723 2394 Peerlk
1765 2373 1823 2404 pro
1855 2364 1913 2393 secl

137 2412 233 2442 'nulio
249 2412 388 2452 potiora.
436 2411 528 2450 Quid
558 2413 656 2450 enim,
690 2412 719 2443 si
751 2421 865 2453 parere
893 2412 999 2443 nollet
1022 2441 1023 2463 3
1046 2417 1075 2447 si
1098 2418 1227 2458 reponit
1250 2417 1329 2455 Etsi,
1353 2417 1450 2459 idque
1473 2418 1590 2459 recepi.

137 2465 326 2503 victoribus,
351 2465 413 2506 ipsi
435 2465 688 2505 relinquebatur
700 2472 828 2506 praeter
841 2466 998 2497 exsilium
1022 2475 1025 2502 ι
1089 2469 1106 2509 ξ
1129 2470 1159 2501 2,
1185 2469 1300 2501 Calvae
1323 2473 1552 2501 testamentum,
1577 2469 1793 2507 „cumb-dam,
1818 2478 1853 2502 ut
1867 2472 1911 2502 vi-

138 2525 192 2550 aut
217 2517 328 2550 mors?
372 2520 495 2550 Contra
516 2518 598 2549 Fam
633 2518 698 2550 XI.
729 2518 778 2556 27,
808 2519 836 2556 6,
872 2520 927 2550 ubi
965 2519 1025 2551 in*

1024 2542 1025 2556 1
1048 2525 1152 2562 detur,
1176 2524 1306 2555 clientis
1330 2524 1510 2562 Ciceronis,
1539 2525 1595 2566 qui
1626 2535 1692 2556 non
1727 2532 1819 2565 grate
1842 2525 1910 2566 pie-

138 2573 288 2604 Medieeo
310 2579 360 2604 est
382 2573 478 2604 multo
499 2572 681 2609 occultiora,
705 2579 792 2604 recte
816 2583 903 2604 nunc
923 2574 999 2605 scri·
1049 2587 1113 2618 qne
1136 2583 1333 2609 testamento
1356 2588 1431 2610 eum
1464 2586 1654 2620 prosecutus
1684 2581 1787 2610 erat.”
1822 2580 1838 2609 Ι
1874 2578 1910 2609 F.

141 2627 225 2656 bunt
247 2626 351 2657 multa.
1024 2602 1028 2662 l

1049 2630 1246 2663 Gronovius.

181 2678 259 2708 Nam
282 2678 340 2708 illa
367 2695 406 2700 —
428 2678 462 2708 in
495 2679 574 2709 aede
605 2678 778 2719 Apollonis.
820 2679 1004 2710 Nan-antur
1095 2683 1213 2715 Tabula
1238 2684 1409 2716 hemonia-i.
1446 2686 1546 2718 Recte
1574 2686 1701 2726 Popina
1730 2685 1911 2726 suspicaba-

141 2731 182 2762 ab
204 2731 275 2772 ipso
298 2730 438 2763 Caesare
460 2732 500 2763 de
524 2732 563 2762 B.
588 2730 624 2763 C.
650 2732 677 2762 Ι.
697 2732 789 2763 1-5,
812 2732 1002 2769 Marcellus,

1052 2744 1105 2769 tur
1127 2738 1307 2779 significari
1332 2740 1480 2770 tabulam
1502 2740 1740 2771 auctionariam
1773 2739 1910 2769 alicuius

141 2794 238 2826 ‘luem
274 2795 362 2817 nunc
395 2786 562 2817 discedere
583 2786 625 2816 ab
658 2795 697 2816 ¹11⁴
701 2786 739 2817 be
772 2786 900 2824 scribit,
932 2787 1005 2827 (sed
1026 2790 1029 2835 ξ
1052 2791 1211 2822 debitoris
1235 2792 1416 2830 Ciceronis,
1439 2803 1539 2833 quam
1562 2793 1693 2823 Atticus
1716 2792 1788 2822 ideo
1800 2792 1910 2821 obser-

143 2843 199 2869 aut
222 2848 288 2869 non
311 2838 461 2870 discessit
484 2844 542 2869 aut
566 2838 656 2869 brevi
678 2839 786 2869 rediit.
815 2838 855 2870 cf.
891 2849 941 2880 ep.
967 2839 1005 2871 12
1027 2838 1029 2861 ἶ
1052 2844 1160 2875 vabat,
1207 2844 1255 2876 De
1278 2844 1387 2875 tabula
1412 2855 1471 2886 pro
1503 2845 1654 2876 auctione
1685 2845 1725 2874 cs.
1759 2845 1798 2874 ad
1830 2843 1911 2874 XII.

144 2896 244 2932 extr.)
268 2898 317 2924 est
339 2893 427 2925 idem
450 2893 507 2925 ille
530 2892 569 2925 C.
592 2893 780 2930 Marcellus,
813 2895 871 2935 qui
893 2904 921 2925 a.
945 2894 1004 2927 705
1027 2883 1030 2939 ἶ
1053 2898 1103 2934 40,
1127 2898 1156 2928 4.

145 2955 220 2976 cum
242 2945 280 2976 L.
305 2945 452 2977 Lentulo
475 2946 591 2977 consul
613 2945 729 2978 fuerat.

187 2997 269 3029 Novi
285 3001 452 3030 conventus
463 2999 658 3030 habitatores
673 3006 750 3031 sunt
766 3000 877 3031 coloni
895 3000 1004 3040 proxi-

147 3061 199 3084 me
222 3053 445 3094 superioribus
467 3053 583 3085 diebus
606 3054 648 3084 ab
673 3055 822 3086 Antonio
843 3055 877 3085 in
891 3065 1007 3095 agrum

149 3104 358 3146 Campanum
379 3107 521 3138 deducti.
547 3106 634 3136 Phil·
656 3107 700 3138 Π.
725 3117 754 3138 c·
777 3108 817 3138 39
841 3117 888 3148 sq·
913 3107 1007 3146 Quae
1031 3120 1033 3142 2
1058 3112 1170 3151 Matio,
1203 3120 1302 3154 atque
1325 3113 1405 3144 haec
1429 3113 1533 3144 resero
1556 3113 1595 3142 ml
1630 3112 1725 3142 illum
1757 3111 1911 3147 Marium,

149 3164 346 3199 sequuntur:
373 3159 411 3189 In
436 3159 555 3200 nmquis
578 3160 656 3190 enim
680 3170 840 3192 rer-mmm·
853 3160 1008 3202 anqustiis
1058 3166 1097 3196 nd
1120 3176 1220 3206 quem
1243 3172 1317 3196 sunt
1342 3166 1454 3196 literae
1472 3164 1553 3195 Fani
1585 3164 1661 3195 VH.
1680 3164 1768 3194 1—4.
1805 3163 1914 3193 Str-ne-

1645 3219 1729 3260 202²

1041 2049 1109 2070 non
1132 2040 1304 2072 continent
1326 2051 1468 2078 causam,
1507 2052 1566 2072 cur
1596 2041 1646 2072 illi
1669 2047 1824 2073 moveant
1847 2042 1902 2073 Ci-

1041 2102 1205 2124 ceronem.
1239 2094 1372 2126 Rectius
1394 2095 1474 2126 haec
1500 2095 1600 2126 verba
1622 2094 1812 2136 legerentur
1835 2102 1905 2136 post

1096 2951 1144 2982 De
1166 2954 1183 2987 †
1204 2952 1295 2982 malo.
1320 2953 1361 2983 In
1384 2952 1444 2983 hac
1468 2961 1546 2983 voce
1570 2952 1670 2982 latere
1694 2960 1814 2981 110111611
1839 2960 1912 2990 pro-

1029 3038 1031 3050 ‹
1055 3005 1162 3046 prium
1187 3011 1312 3037 certum
1336 3011 1394 3036 est.
1432 3006 1516 3036 Cum
1539 3004 1692 3036 Manutio
1715 3004 1852 3044 aliisque
1874 3003 1913 3033 de

1058 3058 1162 3090 ‚llario
1183 3060 1325 3090 scribere
1348 3059 1445 3095 malo,
1475 3069 1572 3098 quam
1607 3067 1682 3087 cum
1714 3056 1845 3088 Mureto
1874 3056 1914 3087 cle
