2062 3565
163 154 247 193 252

561 151 645 192 ΕΡ.
681 150 756 191 AD
789 149 835 190 Τ.
869 147 1220 190 POMPONIUM
1253 147 1518 190 ATTICUM.

160 288 325 339 Balbus,
372 286 441 328 sed
473 284 601 328 Balbo
649 283 834 341 placebat
874 284 1144 340 propinquum
1178 284 1285 326 diem
1317 288 1358 326 et
1389 284 1539 327 Romae
1551 303 1563 337 ;
1599 286 1633 327 si
1665 285 1809 328 Caesar
1842 300 1923 326 mo-

158 366 326 412 raretur,
358 374 474 416 posse
507 358 614 400 diem
647 357 812 400 differri.
857 357 935 400 Sed
978 357 1013 399 is
1046 357 1210 413 quidem
1243 357 1381 400 adesse
1413 357 1587 400 videtur.
1619 359 1765 400 Totum
1798 358 1923 413 igitur

161 434 381 476 considera.
416 432 556 474 Placet
588 431 696 473 enim
729 432 930 473 Vestorio.

160 599 194 630 in
216 608 314 630 causa
335 597 472 636 Siliana,
506 597 599 629 Fam.
630 596 712 628 VII.
748 597 786 628 21
819 602 852 628 et
880 597 915 628 in
949 597 968 627 l.
992 595 1045 634 2,'

160 654 179 694 ξ
201 655 253 685 44.
277 653 345 694 Dig
379 653 420 685 de
442 653 526 694 orig.
550 653 611 684 iur.
641 662 709 684 non
733 657 791 689 est,
816 652 905 693 quod
926 651 1022 683 dubi·
1043 668 1045 670 >

161 714 277 740 temus.
302 708 352 740 Cf.
376 708 526 740 Rudorfii
548 708 624 739 hist.
654 707 735 738 iuris
756 707 818 738 Ro.
849 706 867 746 ξ
891 706 942 737 65.
988 706 1023 737 Is
1043 738 1045 751 Α,

161 762 292 794 videtur
314 761 540 793 inventarium
563 760 679 792 fecisse
704 760 866 791 bonorum
889 758 1020 790 Cluvia-
1043 754 1046 791 f

161 825 292 846 norum.
321 814 435 846 Verba
456 813 496 844 de
519 816 602 844 auct.
622 822 741 854 pro-scr.
765 813 806 844 ad
827 813 1023 854 praeceden—

160 868 207 900 tia
227 868 331 909 vulgo
352 867 511 899 referunt.
536 867 610 908 Ego
631 876 708 897 cum
719 866 934 907 sequentibus
950 865 1023 896 iun-

160 931 239 963 gere
260 921 373 959 malui,
395 928 434 953 ut
456 920 623 953 Corradus
646 929 776 962 quoque
811 919 932 951 rectius
966 929 1022 960 pu-

159 978 258 1009 tabat.

202 1032 326 1071 Romae,
350 1043 417 1064 non
440 1031 600 1069 Puteolis,
624 1031 684 1063 ubi
705 1030 847 1063 Cluvius
869 1030 1006 1061 obierat.

1109 597 1207 629 Posse
1228 597 1307 629 diem
1330 598 1468 640 εἶργεν-η’,
1497 607 1565 630 non
1593 598 1705 630 minus
1738 604 1825 630 reete
1848 599 1926 630 dici-

1067 657 1122 682 tur
1143 662 1243 693 quam
1258 652 1414 693 proferri,
1438 652 1527 693 quod
1556 651 1744 685 Gronovius
1772 653 1925 691 malebat,

1067 710 1125 736 aut
1144 714 1236 745 posse
1257 705 1291 736 in
1313 705 1411 736 alium
1434 705 1514 736 diem
1537 715 1600 736 rem
1627 705 1763 748 differri,
1797 706 1887 747 quod
1907 715 1925 737 e

1067 759 1229 800 scriptura
1251 758 1340 790 Med.
1364 758 1460 790 facile
1482 758 1552 790 erui
1564 763 1681 799 potest.
1698 757 1751 791 Cf.
1776 759 1817 790 de
1830 769 1926 800 prov.

1067 823 1157 844 cons.
1181 813 1221 844 28
1253 812 1313 844 alii
1334 815 1452 853 tempus
1473 812 1671 855 differebant.
1703 813 1794 845 Phil.
1825 813 1926 845 VIII.

1067 868 1106 899 23
1130 879 1219 909 quum
1243 869 1360 908 tempus
1382 867 1538 910 differret.

1117 919 1268 952 Vestorio.
1298 920 1520 962 Argentarius
1551 920 1609 952 ille
1639 921 1768 962 saepius
1801 921 1836 952 in
1865 921 1926 952 hac

1068 984 1102 1006 re
1125 975 1327 1006 nominatur.
1352 974 1402 1007 Cf.
1420 984 1470 1016 ep.
1493 976 1544 1013 45,
1567 976 1597 1006 3.
1620 975 1671 1012 46,
1696 974 1714 1006 3
1737 980 1770 1007 et
1792 976 1819 1006 5.

697 1134 952 1180 XXXVIII.
1017 1135 1163 1203 (14.0.
1198 1134 1239 1177 0.
1278 1135 1392 1190 709.)

227 1258 266 1297 1.
311 1257 418 1297 Ante
455 1254 587 1296 lucem
630 1269 755 1310 quum
799 1252 1014 1295 scriberem
1057 1255 1195 1293 contra
1240 1251 1474 1307 Epicuseos,
1508 1251 1558 1293 de
1591 1251 1730 1293 eodem
1765 1253 1851 1294 oleo
1885 1258 1926 1295 et

161 1345 280 1386 opera
312 1329 471 1371 exaravi
504 1329 639 1371 nescio
673 1328 770 1383 quid
804 1327 855 1370 ad
887 1332 927 1369 te
960 1331 1000 1368 et
1033 1331 1126 1368 ante
1159 1325 1290 1368 lucem
1315 1325 1422 1367 dedi.
1457 1325 1614 1368 Deinde
1639 1341 1763 1382 quum
1787 1341 1926 1369 somno

161 1403 332 1459 repetito
376 1401 496 1444 simul
539 1417 632 1444 011111
664 1402 745 1444 8010
777 1405 1031 1457 experrectus

1066 1415 1206 1451 essem,
1241 1399 1360 1441 datur
1390 1399 1491 1441 mihi
1524 1399 1694 1455 epistola
1726 1414 1749 1440 a
1781 1400 1926 1442 sororis

133 1481 254 1518 5tuae
285 1475 382 1527 filio,
418 1490 538 1531 quam
569 1476 697 1531 ipsam
740 1474 817 1516 tibi
860 1474 964 1525 misi,
1000 1473 1114 1515 cuius
1147 1477 1208 1514 est
1241 1473 1485 1528 principium
1518 1488 1600 1514 11011
1633 1473 1720 1514 81110
1753 1474 1926 1516 maxima

161 1549 419 1592 contumelia.
454 1548 532 1590 Sed
565 1548 731 1590 fortasse
764 1544 856 1591 οὐκ
890 1544 1163 1600 ἐπέστησεν.
1214 1547 1289 1589 Est
1322 1550 1457 1588 autem
1491 1546 1569 1588 sic:
1611 1574 1632 1598 ῃ
1643 1547 1731 1602 Ego
1772 1548 1798 1592 †
1818 1547 1926 1590 0111111

161 1623 361 1679 quidquid
392 1638 475 1664 11011
507 1622 610 1664 belle
642 1623 686 1663 in
718 1627 758 1663 te
793 1621 874 1663 dici
907 1625 1040 1677 potest

1061 1653 1069 1661 .
1092 1653 1100 1661 .
1123 1653 1130 1661 .
1154 1619 1193 1661 .'’
1238 1619 1360 1661 Posse
1393 1619 1482 1661 vult
1513 1620 1557 1661 in
1588 1635 1652 1662 me
1684 1621 1812 1664 multa
1844 1621 1925 1664 dici

161 1713 243 1740 non
290 1697 408 1748 belle,
453 1696 521 1738 sed
566 1711 613 1737 ea
654 1711 695 1737 se
738 1700 860 1751 negat
901 1693 1133 1751 approbare.
1187 1694 1276 1735 Hoc
1322 1693 1540 1749 quidquam
1572 1698 1665 1749 pote
1697 1694 1925 1751 impurius?

162 1772 248 1813 Iam
295 1776 425 1812 cetera
467 1769 575 1825 leges
620 1795 677 1799 -—
722 1769 814 1810 misi
857 1768 964 1810 enim
1014 1768 1063 1809 ad
1107 1772 1146 1809 te
1193 1793 1265 1817 —,
1299 1766 1591 1822 iudicabisque.
1646 1767 1766 1810 Bruti
1797 1769 1924 1810 nostri

111 1863 142 1888 10
161 1844 408 1900 quotidianis
457 1843 708 1899 assiduisque
751 1842 955 1894 laudibus,
1008 1857 1106 1898 quas
1151 1841 1201 1882 ab
1244 1856 1290 1883 eo
1334 1840 1383 1882 de
1415 1841 1534 1883 nobis
1565 1840 1703 1883 haberi
1736 1842 1924 1899 permulti

161 1918 261 1960 mihi
293 1918 640 1968 renuntiaverunt,
675 1921 917 1958 commotum
950 1917 1074 1958 istum
1107 1914 1324 1970 aliquando
1357 1915 1561 1971 scripsisse
1594 1915 1747 1971 aliquid
1779 1914 1828 1957 ad
1861 1930 1924 1957 me

161 1991 293 2042 credo,
338 1997 378 2032 et
419 1990 469 2032 ad
513 1996 567 2042 te,
610 1989 733 2045 idque
778 1997 826 2031 ut
868 1990 990 2031 sciam
1035 1989 1170 2031 facies.
1221 1989 1328 2030 Nam
1369 1987 1419 2029 ad
1463 1993 1616 2044 patrem
1649 1988 1698 2030 de
1731 2003 1793 2030 me
1826 1987 1924 2043 quid

161 2064 364 2121 scripserit
405 2064 561 2115 nesci03
608 2063 656 2104 de
696 2068 823 2104 matre
869 2078 988 2118 quam
1030 2063 1117 2118 pie!
1171 2061 1467 2113 l[Volueram’ss
1501 2061 1650 2116 inquit,
1690 2089 1711 2113 a
1725 2066 1772 2102 ut
1805 2076 1923 2116 quam

158 2139 377 2196 plurimum
414 2143 549 2179 tecum
593 2152 734 2189 essem,
775 2136 948 2178 conduci
992 2135 1091 2177 mihi
1136 2135 1313 2185 domum,
1363 2140 1402 2176 et
1434 2134 1475 2175 id
1509 2134 1560 2175 ad
1592 2140 1632 2176 te
1667 2135 1920 2190 scripseram:

102 2230 135 2256 15
156 2211 385 2267 neglexisti.
433 2210 497 2251 Ita
541 2210 674 2251 minus
718 2209 891 2250 multum
937 2224 1017 2250 una
1058 2208 1220 2249 erimus.
1271 2207 1378 2248 Nam
1411 2222 1484 2262 ego
1516 2208 1635 2249 istam
1669 2208 1831 2250 domum
1866 2209 1923 2250 vi-

158 2283 249 2325 dere
283 2298 366 2325 11011
397 2298 584 2338 possum:
621 2298 698 2337 qua
731 2282 779 2324 de
813 2296 933 2323 031183
966 2281 1058 2323 8018.

1063 2281 1090 2299 ’'
1125 2281 1243 2322 Hanc
1278 2285 1412 2322 autem
1446 2295 1606 2322 causam
1639 2286 1751 2337 pater
1785 2282 1923 2324 odium

198 2442 219 2472 4
242 2441 283 2473 mi
305 2440 440 2482 epistola
462 2458 504 2463 —
526 2440 566 2471 10
590 2439 781 2471 laudibusne
803 2457 844 2462 —
867 2439 905 2470 11
929 2438 974 2470 ad
994 2438 1068 2470 me?
1097 2437 1199 2471 Credo
1221 2440 1253 2470 et
1287 2457 1316 2462 -

201 2583 219 2623 ξ
243 2583 272 2613 l.
298 2581 396 2623 Quum
413 2580 576 2612 scriberem
590 2583 702 2612 contra
720 2579 900 2621 Epicureos.
923 2579 1017 2611 Libri
1038 2581 1042 2614 1

158 2637 199 2667 de
220 2635 362 2666 Finibus
384 2634 453 2665 13111
475 2634 616 2665 absoluti
640 2639 744 2665 erant.
765 2643 815 2674 ep.
838 2633 887 2671 19,
910 2634 929 2662 4
949 2633 1017 2664 111.

159 2688 331 2720 Scribebat
353 2696 443 2718 nune
466 2687 650 2718 secundum
673 2686 797 2717 librum
826 2685 1018 2727 disputatio-

158 2752 241 2773 num
263 2741 540 2772 hseulanarum.

199 2791 285 2828 oim
299 2792 482 2828 ἐπέστησεν
511 2802 546 2823 0:
585 2802 651 2823 non
681 2791 822 2824 advertit
856 2791 1016 2830 animum,

160 2862 227 2884 non
249 2851 402 2883 consulto
423 2850 470 2882 sic
493 2850 631 2891 scripsit.

202 2905 266 2947 qu
290 2905 370 2937 enim
391 2923 434 2928 -—
454 2904 550 2944 Quae
570 2904 624 2935 his
653 2904 820 2935 adduntur
841 2913 903 2934 non
922 2902 1017 2944 probo

158 2959 257 2991 hodie
279 2959 315 2990 in
337 2959 432 2990 nullo
454 2958 540 2989 libro
573 2956 648 2988 MS.
677 2957 844 2997 leguntur.
888 2956 1017 2988 Desunt

159 3017 246 3044 certe
267 3013 303 3044 in
324 3013 414 3044 Med.
436 3012 471 3043 111
493 3010 742 3043 oxoniensibus
764 3010 842 3042 etin
856 3011 927 3041 cod.
940 3011 1017 3042 His-

160 3077 254 3108 pano.
277 3066 456 3107 Ingeniose
478 3064 622 3098 Orellius
639 3065 789 3106 putabat:
813 3063 878 3105 qu
893 3064 1017 3095 minime

159 3118 311 3161 quidquid
341 3129 402 3150 non
434 3118 515 3150 belle
548 3128 568 3148 a
588 3120 632 3149 >te
654 3117 718 3148 dici
744 3119 851 3158 potest
873 3118 1015 3158 approbo,

161 3172 261 3205 verbo
284 3172 337 3205 vel
359 3183 436 3205 casu
458 3171 512 3204 vel
535 3171 685 3203 consulto
708 3171 839 3203 omisso.

1108 2575 1176 2607 Hoc
1198 2575 1366 2617 quidquam
1370 2577 1445 2616 pote
1458 2574 1609 2616 impurius
1619 2574 1638 2604 ,Ρ
1653 2573 1730 2606 Pote
1742 2584 1801 2616 pro
1805 2577 1923 2616 potest,

1064 2630 1152 2671 quod
1173 2629 1316 2670 legimus
1338 2639 1469 2671 quoque
1491 2629 1553 2660 IV.
1578 2629 1626 2666 13,
1644 2629 1658 2659 1
1675 2634 1724 2660 est
1739 2638 1757 2660 e
1773 2638 1924 2661 sermone

1063 2684 1179 2724 plebis,
1201 2688 1237 2714 ut
1258 2683 1292 2714 in
1315 2683 1404 2714 dieto
1425 2682 1641 2714 mulierculae
1664 2682 1699 2713 in
1722 2683 1839 2720 Bruto,
1863 2682 1923 2714 172

1064 2747 1126 2767 non
1142 2738 1218 2777 pote
1239 2735 1378 2766 minori&

1106 2789 1265 2821 Laudibus
1287 2807 1329 2812 -
1340 2789 1511 2830 scripsisse.
1534 2788 1744 2820 Infinitivum
1756 2798 1815 2829 pro
1827 2788 1922 2828 scrip-

1063 2845 1135 2876 sisti
1157 2845 1284 2876 dudum
1307 2845 1348 2875 ab
1366 2844 1452 2875 Italo
1475 2844 1619 2884 quodam
1638 2843 1824 2875 restitutum
1847 2852 1922 2874 con-

1062 2898 1207 2930 firmavit
1229 2897 1341 2930 Oxon.
1363 2897 1406 2936 Q.
1427 2908 1465 2928 ne
1486 2903 1561 2938 post
1582 2896 1729 2927 laudibus
1764 2896 1799 2927 in
1832 2896 1922 2928 Med.

1063 2952 1211 2983 additum
1233 2951 1342 2982 delevi
1366 2956 1399 2982 et-
1419 2951 1455 2981 in
1479 2950 1588 2982 verbis
1610 2949 1855 2990 distinguendis
1879 2950 1921 2980 ab

1063 3005 1190 3039 Orellio
1210 3005 1355 3036 discessi.

1109 3058 1272 3090 Volueram
1294 3063 1356 3090 cet.
1386 3057 1472 3089 Sunt
1494 3057 1594 3088 verba
1629 3056 1670 3095 Q.
1701 3056 1762 3087 filii
1795 3057 1837 3087 ad
1869 3067 1922 3097 pa-

1063 3120 1156 3150 trem,
1178 3121 1263 3153 quae
1284 3112 1339 3143 hic
1361 3122 1437 3143 011111
1458 3111 1558 3143 fratre
1579 3121 1638 3142 suo
1649 3110 1920 3142 communicarat.

1105 3167 1123 3207 ξ
1146 3165 1175 3196 2.
1198 3162 1342 3212 Πότερον
1372 3162 1455 3211 δίκᾳ
1484 3177 1516 3198 κ.
1547 3176 1579 3197 τ.
1613 3161 1646 3196 λ.
1670 3163 1807 3195 Pindari
1821 3163 1920 3196 verba
