2062 3565
148 146 234 186 250
548 146 633 188 ΕΡ.
668 146 744 187 AD
776 146 823 187 Τ.
857 145 1208 187 POMPONIUM
1241 145 1505 188 ATTICUM.

691 329 898 374 XXXIV.
963 333 1030 387 (A.
1071 332 1116 373 U.
1155 333 1197 374 C.
1235 332 1354 387 709.)

203 449 394 490 Asturam
429 448 520 489 veni
553 459 652 489 vul.
687 446 780 488 Kal.
815 447 984 489 Vitandi
1017 447 1125 489 enim
1158 447 1299 489 caloris
1332 462 1452 490 causa
1483 450 1658 492 Lanuvii
1691 462 1762 491 111.
1788 450 1904 492 horas

141 522 430 577 acquieveram.
472 521 534 562 Tu
577 520 710 572 velim,
756 521 789 562 si
821 535 939 576 grave
983 536 1065 564 non
1105 522 1194 573 erit,
1243 522 1390 563 efficias
1422 537 1473 564 ne
1506 527 1598 565 ante
1632 524 1772 565 Nonas
1806 523 1905 565 mihi

138 596 234 638 illue
267 595 511 638 veniendum
544 595 610 636 sit.
657 593 707 635 Id
740 597 853 650 potes
886 609 955 650 per
987 594 1208 650 Egnatium
1243 595 1481 637 Maximum.
1528 596 1637 638 Illud
1668 596 1712 638 in
1747 596 1900 652 primis,

110 683 123 708 5
140 674 186 710 ut
227 684 319 711 cum
363 668 540 711 Publilio
586 683 647 709 me
696 668 722 711 †
739 682 863 723 paene
910 667 1075 710 absente
1121 669 1322 719 conficias,
1367 668 1416 710 de
1450 684 1530 724 quo
1562 684 1664 725 quae
1698 669 1803 711 fama
1836 669 1902 720 sit,

138 741 300 784 scribes.

391 826 441 867 Id
465 827 642 879 populus
674 831 790 868 curat
823 825 988 867 scilieet.

137 903 233 945 Non
274 903 498 947 mehercule
542 905 726 948 arbitror.
776 906 939 948 Etenim
983 904 1079 946 haec
1126 904 1339 946 decantata
1371 910 1456 946 erat
1487 904 1638 947 fabula.
1688 903 1765 947 Sed
1799 919 1904 946 com·

136 977 242 1032 plere
286 978 473 1033 paginam
521 979 643 1021 volui.
693 979 806 1026 Quid
851 979 990 1036 plura?
1034 979 1126 1034 Ipse
1161 979 1267 1021 enim
1303 978 1459 1030 adsum,
1492 979 1572 1021 nisi
1604 977 1701 1034 quid
1736 982 1782 1019 tu
1816 992 1903 1033 pro-

81 1064 120 1091 10
135 1065 264 1106 rogas,
300 1052 449 1108 Scripsi
483 1053 589 1095 enim
623 1053 673 1095 ad
707 1058 747 1094 te
781 1052 830 1095 de
863 1052 1003 1094 hortis.

175 1218 328 1249 Asturam
346 1219 416 1250 veni
438 1217 527 1249 VIII
538 1218 615 1250 Kal.
636 1219 774 1251 Falsum
785 1219 992 1261 supplemen-
1016 1222 1019 1248 Γ
1087 1217 1139 1250 Me
1161 1221 1177 1256 †
1193 1228 1297 1259 paene
1318 1218 1455 1248 absente.
1500 1215 1606 1247 Paene
1634 1217 1744 1257 inepte
1774 1216 1904 1248 additur

135 1276 206 1302 tum
227 1270 295 1303 Iul.
311 1272 432 1304 Bosius
451 1277 538 1305 recte
557 1273 701 1304 sustulit.
726 1272 912 1304 Dicendum
925 1277 994 1303 erat
1016 1279 1018 1318 1
1043 1279 1078 1304 et
1109 1282 1152 1304 ex
1182 1282 1274 1304 mero
1303 1271 1476 1304 scribentis
1505 1280 1614 1303 errore
1641 1281 1709 1302 mea
1735 1281 1816 1312 pene
1844 1281 1903 1312 pro

139 1326 249 1362 Quint.
272 1326 371 1366 Quod
394 1326 571 1359 Schutzius
593 1327 637 1358 ob
660 1337 698 1359 ea
712 1336 797 1368 quae
812 1331 994 1368 sequuntur
1016 1341 1017 1347 1
1043 1337 1089 1358 me
1119 1327 1248 1358 absente
1277 1332 1389 1358 ortum
1411 1326 1550 1357 videtur.
1588 1324 1637 1357 Cf.
1668 1324 1901 1366 Wesenbergii

131 1378 256 1410 vitandi
278 1380 358 1410 enim
380 1385 442 1411 cet.
464 1380 518 1411 hic
541 1379 663 1421 vesperi
676 1380 838 1412 excidisse
848 1380 992 1421 putabat,
1016 1383 1017 1388 ¹
1042 1381 1183 1412 Emend.
1209 1391 1229 1421 p
1265 1381 1315 1411 64.
1340 1380 1475 1410 Frustra
1497 1390 1542 1410 me
1565 1379 1704 1418 absente,
1717 1379 1818 1420 plane
1832 1389 1901 1410 con-

134 1443 199 1464 non
225 1443 301 1464 cum
331 1433 509 1464 Wielando
538 1440 665 1465 certum
695 1433 847 1464 dixerim.
905 1433 992 1464 Nam
1031 1433 1132 1474 ficia-5
1154 1433 1296 1464 coniecit
1316 1432 1466 1463 Moserus
1480 1430 1595 1472 Symb.
1614 1431 1694 1462 erit.
1713 1431 1815 1462 VIII.
1832 1433 1901 1472 p.8.

132 1485 268 1518 sortasse
289 1486 422 1518 volebat
444 1487 620 1527 explicare,
654 1496 713 1517 cur
734 1496 801 1517 non
825 1496 843 1516 a
878 1486 911 1516 d.
937 1484 989 1516 IX
1016 1484 1017 1487 '
1041 1490 1222 1530 Eleganter
1251 1498 1311 1520 nec
1340 1493 1450 1519 tamen
1475 1497 1551 1519 vere
1574 1487 1824 1529 Peerlkampius
1846 1497 1901 1518 vo—

129 1540 216 1577 Kal„
250 1540 308 1571 sed
338 1539 493 1580 postridie
525 1540 659 1571 demum
691 1539 849 1570 Asturam
880 1548 990 1579 pel've·
1042 1543 1144 1575 lebat:
1169 1553 1215 1573 me
1233 1543 1404 1583 praesente
1427 1541 1563 1572 absente.
1589 1540 1639 1572 Cf.
1652 1540 1803 1582 ep.47,3,
1817 1550 1900 1582 quae

133 1596 228 1627 nei-it.
1014 1600 1016 1603 ’
1041 1597 1101 1627 hac
1127 1596 1266 1636 epistola
1289 1601 1437 1635 tempore
1458 1594 1548 1635 prior
1570 1598 1627 1625 est.

173 1648 222 1679 Ne
243 1651 318 1680 ante
340 1648 449 1679 Nonas
473 1648 547 1679 milei
569 1649 648 1679 illue
676 1653 720 1685 (0³
757 1648 910 1683 Romam.
940 1656 990 1676 ve
1084 1650 1126 1682 Id
1140 1651 1277 1691 populu-s·
1301 1651 1391 1680 curat
1413 1649 1547 1679 scilicet.
1583 1648 1668 1679 Davi
1692 1654 1771 1679 sunt
1793 1657 1810 1680 e
1833 1649 1896 1680 Te·

130 1702 276 1734 »tiendum
299 1702 351 1734 sit.
375 1702 569 1735 Ciceronem
589 1702 715 1734 diutius
745 1702 889 1733 Asturae
920 1710 990 1732 esse
1014 1728 1015 1733 ,
1040 1704 1139 1736 lentii
1162 1703 1292 1735 Andlia
1314 1702 1392 1740 1-2,
1417 1703 1466 1732 14.

130 1759 334 1799 cogitantem
365 1759 419 1799 (cf.
447 1768 578 1800 quoque
601 1758 695 1790 Fam.
729 1759 791 1789 VI.
815 1758 853 1788 19
888 1759 987 1795 extr.)
1081 1756 1201 1797 Scripsi
1223 1775 1263 1779 —
1286 1756 1330 1787 ad
1351 1758 1382 1786 te
1411 1755 1450 1786 de
1473 1754 1581 1785 hortis.
1605 1754 1683 1786 Vid.
1713 1763 1761 1796 ep.
1783 1755 1834 1792 46,
1864 1724 1892 1785 3.

127 1811 274 1853 Lepidus
299 1812 365 1843 iam
381 1817 456 1844 ante
470 1812 548 1844 Kal.
563 1813 596 1843 in
616 1812 733 1844 urbem
753 1811 892 1842 vocavit.
909 1810 986 1842 Vid.
1012 1815 1014 1818 ⁴
1039 1812 1153 1852 Atque
1175 1820 1193 1842 e
1215 1810 1324 1842 veihis
1347 1809 1497 1850 complere
1512 1808 1664 1850 paqinam
1685 1808 1772 1840 volui
1793 1808 1895 1839 mani

131 1875 179 1907 ep.
202 1866 243 1899 47
267 1867 306 1898 B.
1011 1885 1015 1932 Ι
1039 1866 1159 1898 festum
1182 1871 1229 1897 est
1250 1865 1336 1896 hanc
1359 1864 1531 1906 epistolam
1552 1873 1622 1895 esse
1644 1863 1728 1895 alius
1758 1868 1893 1905 partem.

172 1918 236 1951 Per
257 1919 426 1961 Eqnatium
451 1919 630 1950 Max-imum.
661 1919 801 1950 Temere
823 1919 864 1950 de
886 1918 990 1949 homi·
1011 1934 1014 1972 ι
1041 1920 1238 1952 Addendam
1259 1929 1377 1951 censeo
1399 1917 1617 1960 praecedenti.

131 1976 182 2008 nis
204 1976 403 2018 cognomine
425 1976 536 2018 plures
558 1975 727 2007 dubitasse
750 1975 858 2006 video.

549 2080 720 2124 XXXV
749 2086 789 2123 et
822 2079 1026 2123 XXXVI.
1091 2083 1157 2134 (A.
1199 2081 1243 2121 U.
1281 2081 1322 2120 C.
1361 2081 1477 2133 709.)

194 2200 234 2240 1.
285 2199 321 2240 Ο
364 2213 446 2239 rem
493 2197 722 2253 indignam!
767 2196 942 2238 Gentiljs
985 2201 1081 2238 tuus
1123 2194 1261 2236 urbem
1296 2198 1429 2248 auget,
1465 2208 1583 2248 quam
1617 2192 1693 2233 hoc
1728 2190 1892 2233 biennio

129 2272 301 2328 primum
344 2272 459 2322 vidit,
505 2276 545 2312 et
592 2271 628 2312 ei
671 2285 811 2326 parum
854 2284 999 2324 magna
1042 2269 1126 2310 visa
1169 2273 1241 2319 est,
1288 2282 1388 2322 quae
1433 2267 1552 2308 etiam
1585 2267 1718 2322 ipsum
1753 2280 1892 2320 capere

127 2345 317 2402 potuerit.
365 2346 454 2387 Hac
501 2345 548 2386 de
592 2360 633 2386 re
672 2344 798 2399 igitur
838 2347 1024 2398 exspecto
1068 2341 1204 2383 literas
1236 2348 1341 2383 tuas.
1379 2343 1419 2382 2.
1455 2340 1627 2382 Varroni
1661 2338 1803 2381 scribis
1835 2343 1889 2390 te,

92 2435 106 2459 5
129 2419 248 2461 simul
292 2434 337 2460 ac
380 2419 547 2460 venerit.
598 2417 694 2459 Dati
739 2417 865 2472 igitur
910 2416 991 2457 iam
1024 2420 1131 2466 sunt,
1166 2431 1240 2456 nec
1273 2414 1350 2456 tibi
1383 2415 1586 2469 integrum
1619 2418 1680 2455 est
1692 2430 1702 2463 3
1737 2411 1823 2463 hui,
1858 2412 1892 2453 si

129 2493 229 2535 scias
263 2496 414 2548 quanto
446 2491 623 2547 periculo
655 2492 749 2532 tuo!
786 2495 856 2531 aut
887 2490 1053 2531 fortasse
1085 2488 1223 2530 literae
1257 2503 1366 2530 meae
1401 2493 1440 2529 te
1463 2486 1730 2528 retardarunt.
1767 2485 1891 2540 (Eosi

170 2661 188 2691 6
211 2658 274 2691 Sed
295 2669 350 2690 eas
375 2676 416 2682 —

173 2803 308 2835 Gentilis
331 2805 412 2834 tuus.
447 2802 510 2834 His
533 2803 641 2834 verbis
671 2808 786 2843 putant
817 2803 984 2843 designari
1006 2804 1010 2819 ¹
1077 2801 1213 2832 Varroni
1233 2800 1345 2831 scribis
1367 2802 1410 2837 te,
1431 2799 1525 2830 simul
1546 2808 1585 2830 ac
1616 2798 1747 2829 veneris.
1770 2807 1814 2828 sc.
1837 2797 1890 2828 da-

129 2858 343 2890 architectum
365 2856 615 2892 Atheniensem,
640 2856 733 2887 cuius
753 2866 851 2898 opera
865 2856 985 2887 Caesar
1029 2862 1140 2888 turum
1162 2855 1275 2886 libros.

129 2916 275 2944 uteretur
296 2911 331 2942 in
364 2911 445 2942 urbe
474 2910 634 2951 augenda.
671 2910 764 2948 Quae
792 2915 983 2951 sequuntur,
1071 2909 1136 2939 Aut
1149 2908 1296 2949 fortasse
1318 2906 1535 2938 retardarunt.
1558 2906 1635 2937 Non
1648 2905 1814 2937 immerito
1826 2905 1890 2936 hoc

129 2967 278 2998 indicant
298 2965 466 2997 hominem
501 2965 654 3006 proximo
688 2965 823 2996 biennio
853 2965 986 2996 civitate
1008 2975 1010 2985 ¹
1030 2963 1180 3004 displicet
1201 2962 1344 2999 Mosero,
1367 2961 1484 3002 Symb.
1506 2960 1587 2992 Crit.
1610 2959 1711 2991 VIII.
1732 2969 1762 2999 p.
1789 2959 1818 2996 9,
1830 2959 1888 2999 qui

130 3021 280 3052 Romana
301 3018 401 3050 fuisse
422 3018 591 3049 donatum.
613 3017 728 3049 Iocose
751 3027 866 3048 omnes
882 3017 1011 3048 Attici'
1008 3011 1010 3013 ¹
1030 3017 1151 3049 reiecta
1173 3015 1329 3047 Ascensii
1350 3014 1552 3046 correctione
1583 3015 1617 3044 at
1627 3012 1783 3053 fortasse,
1812 3012 1888 3042 scri·

132 3073 273 3114 gentiles
295 3072 453 3113 appellari
474 3075 625 3112 poterant
659 3072 699 3102 T.
725 3070 903 3111 Pomponii
925 3072 988 3102 At·
1008 3071 1011 3110 ῑ
1033 3070 1176 3101 bendum
1197 3068 1366 3109 proponit:
1398 3077 1441 3097 an
1454 3066 1601 3106 fortasse
1621 3066 1645 3096 l.
1667 3075 1708 3095 m.
1730 3066 1761 3095 te
1787 3067 1888 3096 retar-

130 3127 197 3166 tioi,
218 3132 257 3158 ut
280 3125 395 3158 Cicero
417 3126 527 3157 iocans
543 3124 696 3157 Servium
710 3125 862 3156 Tullium
873 3133 986 3164 regem
1008 3113 1012 3156 l
1030 3123 1165 3154 darunt.
1162 3122 1179 3144 θ
1201 3122 1331 3153 Deinde
1352 3131 1411 3162 pro
1433 3121 1577 3158 si,1·ecte
1591 3119 1745 3150 Klotzius
1759 3119 1888 3160 scripsit

132 3178 275 3222 appellat
292 3178 444 3221 qentz'lem
464 3188 561 3210 suum
586 3179 684 3210 Tusc.
711 3179 734 3211 Ι
760 3179 810 3209 38.
1010 3175 1109 3214 Etsi,
1133 3185 1236 3216 quum
1259 3179 1366 3217 posti
1353 3173 1541 3206 Wlanutium
1565 3173 1716 3204 eder'etul
1738 3170 1809 3202 Sed.
