<?xml version="1.0" encoding="UTF-8"?>
<!DOCTYPE html PUBLIC "-//W3C//DTD XHTML 1.0 Transitional//EN"
    "http://www.w3.org/TR/xhtml1/DTD/xhtml1-transitional.dtd">
<html xmlns="http://www.w3.org/1999/xhtml" xml:lang="en" lang="en">
 <head>
  <title>
</title>
<meta http-equiv="Content-Type" content="text/html;charset=utf-8" />
  <meta name='ocr-system' content='tesseract 3.04.00' />
  <meta name='ocr-capabilities' content='ocr_page ocr_carea ocr_par ocr_line ocrx_word'/>
</head>
<body>
  <div class='ocr_page' id='page_1' title='image "./epistolarumadtpo02ciceuoft_0113.png"; bbox 0 0 2062 3565; ppageno 0'>
   <div class='ocr_carea' id='block_1_1' title="bbox 741 160 1814 210">
    <p class='ocr_par' dir='ltr' id='par_1_1' title="bbox 741 160 1814 210">
     <span class='ocr_line' id='line_1_1' title="bbox 741 160 1814 210; baseline 0.006 -8"><span class='ocrx_word' id='word_1_1' title='bbox 741 160 847 202; x_wconf 77' lang='lat' dir='ltr'>LIB.</span> <span class='ocrx_word' id='word_1_2' title='bbox 883 162 936 203; x_wconf 78' lang='lat' dir='ltr'>X.</span> <span class='ocrx_word' id='word_1_3' title='bbox 972 163 1055 204; x_wconf 86' lang='grc' dir='ltr'>ΕΡ.</span> <span class='ocrx_word' id='word_1_4' title='bbox 1092 171 1132 204; x_wconf 60' lang='lat'>8.</span> <span class='ocrx_word' id='word_1_5' title='bbox 1735 173 1814 210; x_wconf 68' lang='grc' dir='ltr'><strong>111εὲ</strong></span> 
     </span>
    </p>
   </div>
   <div class='ocr_carea' id='block_1_2' title="bbox 57 294 1814 359">
    <p class='ocr_par' dir='ltr' id='par_1_2' title="bbox 57 294 1814 359">
     <span class='ocr_line' id='line_1_2' title="bbox 57 294 1814 359; baseline 0.005 -21"><span class='ocrx_word' id='word_1_6' title='bbox 57 294 197 338; x_wconf 81' lang='lat' dir='ltr'>fefellit</span> <span class='ocrx_word' id='word_1_7' title='bbox 242 309 288 336; x_wconf 84' lang='lat' dir='ltr'>ea</span> <span class='ocrx_word' id='word_1_8' title='bbox 335 310 397 336; x_wconf 90' lang='grc'><strong>1116</strong></span> <span class='ocrx_word' id='word_1_9' title='bbox 446 310 520 346; x_wconf 86' lang='lat' dir='ltr'>res,</span> <span class='ocrx_word' id='word_1_10' title='bbox 568 311 669 350; x_wconf 87' lang='lat' dir='ltr'>quae</span> <span class='ocrx_word' id='word_1_11' title='bbox 702 296 866 338; x_wconf 84' lang='lat' dir='ltr'>fortasse</span> <span class='ocrx_word' id='word_1_12' title='bbox 900 312 981 339; x_wconf 90' lang='lat' dir='ltr'>non</span> <span class='ocrx_word' id='word_1_13' title='bbox 1014 298 1168 350; x_wconf 89' lang='lat' dir='ltr'>debuit,</span> <span class='ocrx_word' id='word_1_14' title='bbox 1203 301 1270 341; x_wconf 87' lang='lat' dir='ltr'>sed</span> <span class='ocrx_word' id='word_1_15' title='bbox 1306 300 1468 344; x_wconf 85' lang='lat' dir='ltr'>fefellit:</span> <span class='ocrx_word' id='word_1_16' title='bbox 1506 319 1640 359; x_wconf 85' lang='lat' dir='ltr'>pacem</span> <span class='ocrx_word' id='word_1_17' title='bbox 1679 307 1814 359; x_wconf 80' lang='lat' dir='ltr'>putavi</span> 
     </span>
    </p>
   </div>
   <div class='ocr_carea' id='block_1_3' title="bbox 11 367 1817 429">
    <p class='ocr_par' dir='ltr' id='par_1_3' title="bbox 11 367 1817 429">
     <span class='ocr_line' id='line_1_3' title="bbox 11 367 1817 429; baseline 0.006 -19"><span class='ocrx_word' id='word_1_18' title='bbox 11 391 13 394; x_wconf 93' lang='lat'>·</span> <span class='ocrx_word' id='word_1_19' title='bbox 57 367 153 420; x_wconf 84' lang='lat' dir='ltr'>fore,</span> <span class='ocrx_word' id='word_1_20' title='bbox 185 381 288 423; x_wconf 83' lang='lat' dir='ltr'>quae</span> <span class='ocrx_word' id='word_1_21' title='bbox 320 368 354 409; x_wconf 91' lang='lat' dir='ltr'>si</span> <span class='ocrx_word' id='word_1_22' title='bbox 387 373 504 419; x_wconf 84' lang='lat' dir='ltr'>esset,</span> <span class='ocrx_word' id='word_1_23' title='bbox 537 369 684 411; x_wconf 87' lang='lat' dir='ltr'>iratum</span> <span class='ocrx_word' id='word_1_24' title='bbox 718 370 818 412; x_wconf 90' lang='lat' dir='ltr'>mihi</span> <span class='ocrx_word' id='word_1_25' title='bbox 852 371 1058 414; x_wconf 75' lang='lat' dir='ltr'>Gaesarem</span> <span class='ocrx_word' id='word_1_26' title='bbox 1093 389 1191 425; x_wconf 86' lang='lat' dir='ltr'>esse,</span> <span class='ocrx_word' id='word_1_27' title='bbox 1232 389 1356 429; x_wconf 86' lang='lat' dir='ltr'>quum</span> <span class='ocrx_word' id='word_1_28' title='bbox 1390 376 1495 418; x_wconf 89' lang='lat' dir='ltr'>idem</span> <span class='ocrx_word' id='word_1_29' title='bbox 1530 378 1681 419; x_wconf 84' lang='lat' dir='ltr'>amicus</span> <span class='ocrx_word' id='word_1_30' title='bbox 1714 384 1817 420; x_wconf 68' lang='lat' dir='ltr'>esset</span> 
     </span>
    </p>
   </div>
   <div class='ocr_carea' id='block_1_4' title="bbox 52 442 1873 653">
    <p class='ocr_par' dir='ltr' id='par_1_4' title="bbox 52 442 1873 653">
     <span class='ocr_line' id='line_1_4' title="bbox 53 442 1820 500; baseline 0.005 -14"><span class='ocrx_word' id='word_1_31' title='bbox 53 442 260 499; x_wconf 87' lang='lat' dir='ltr'>&#39;Pompeio,</span> <span class='ocrx_word' id='word_1_32' title='bbox 293 442 420 483; x_wconf 86' lang='lat' dir='ltr'>nolui.</span> <span class='ocrx_word' id='word_1_33' title='bbox 465 443 669 485; x_wconf 80' lang='lat' dir='ltr'>senseram</span> <span class='ocrx_word' id='word_1_34' title='bbox 705 445 811 486; x_wconf 86' lang='lat' dir='ltr'>enim</span> <span class='ocrx_word' id='word_1_35' title='bbox 845 460 965 500; x_wconf 77' lang='lat' dir='ltr'>quain</span> <span class='ocrx_word' id='word_1_36' title='bbox 999 447 1120 488; x_wconf 87' lang='lat' dir='ltr'>iidem</span> <span class='ocrx_word' id='word_1_37' title='bbox 1155 453 1300 490; x_wconf 78' lang='lat' dir='ltr'>essent.</span> <span class='ocrx_word' id='word_1_38' title='bbox 1351 451 1437 491; x_wconf 83' lang='lat' dir='ltr'>Hoc</span> <span class='ocrx_word' id='word_1_39' title='bbox 1472 466 1609 493; x_wconf 79' lang='lat' dir='ltr'>verens</span> <span class='ocrx_word' id='word_1_40' title='bbox 1641 453 1682 493; x_wconf 89' lang='lat' dir='ltr'>in</span> <span class='ocrx_word' id='word_1_41' title='bbox 1717 453 1820 494; x_wconf 82' lang='lat' dir='ltr'>hanc</span> 
     </span>
     <span class='ocr_line' id='line_1_5' title="bbox 56 513 1818 577; baseline 0.005 -19"><span class='ocrx_word' id='word_1_42' title='bbox 56 513 285 558; x_wconf 70' lang='lat' dir='ltr'>tarditatem</span> <span class='ocrx_word' id='word_1_43' title='bbox 333 515 474 557; x_wconf 82' lang='lat' dir='ltr'>incidi.</span> <span class='ocrx_word' id='word_1_44' title='bbox 521 516 599 557; x_wconf 87' lang='lat' dir='ltr'>Sed</span> <span class='ocrx_word' id='word_1_45' title='bbox 649 533 837 573; x_wconf 85' lang='lat' dir='ltr'>assequor</span> <span class='ocrx_word' id='word_1_46' title='bbox 884 520 1031 570; x_wconf 85' lang='lat' dir='ltr'>omnia,</span> <span class='ocrx_word' id='word_1_47' title='bbox 1076 521 1109 562; x_wconf 90' lang='lat' dir='ltr'>si</span> <span class='ocrx_word' id='word_1_48' title='bbox 1159 536 1345 577; x_wconf 87' lang='lat' dir='ltr'>propero;</span> <span class='ocrx_word' id='word_1_49' title='bbox 1381 523 1414 563; x_wconf 84' lang='lat' dir='ltr'>si</span> <span class='ocrx_word' id='word_1_50' title='bbox 1449 528 1628 575; x_wconf 86' lang='lat' dir='ltr'>cunctor,</span> <span class='ocrx_word' id='word_1_51' title='bbox 1664 526 1818 568; x_wconf 83' lang='lat' dir='ltr'>amitto.</span> 
     </span>
     <span class='ocr_line' id='line_1_6' title="bbox 52 587 1873 653; baseline 0.005 -25"><span class='ocrx_word' id='word_1_52' title='bbox 52 589 102 629; x_wconf 60' lang='lat'>16.</span> <span class='ocrx_word' id='word_1_53' title='bbox 147 587 202 629; x_wconf 79' lang='lat' dir='ltr'>Et</span> <span class='ocrx_word' id='word_1_54' title='bbox 242 591 393 639; x_wconf 82' lang='lat' dir='ltr'>tamen,</span> <span class='ocrx_word' id='word_1_55' title='bbox 440 589 495 630; x_wconf 89' lang='lat' dir='ltr'>mi</span> <span class='ocrx_word' id='word_1_56' title='bbox 539 589 688 639; x_wconf 81' lang='lat' dir='ltr'>Attice,</span> <span class='ocrx_word' id='word_1_57' title='bbox 735 593 905 645; x_wconf 84' lang='lat' dir='ltr'>auguria</span> <span class='ocrx_word' id='word_1_58' title='bbox 938 607 1095 648; x_wconf 86' lang='lat' dir='ltr'>quoque</span> <span class='ocrx_word' id='word_1_59' title='bbox 1130 609 1191 635; x_wconf 87' lang='lat' dir='ltr'>me</span> <span class='ocrx_word' id='word_1_60' title='bbox 1223 594 1397 636; x_wconf 85' lang='grc'><strong>1116111111</strong></span> <span class='ocrx_word' id='word_1_61' title='bbox 1431 596 1600 650; x_wconf 81' lang='lat' dir='ltr'>quadam</span> <span class='ocrx_word' id='word_1_62' title='bbox 1636 614 1703 653; x_wconf 80' lang='lat' dir='ltr'>sp(</span> <span class='ocrx_word' id='word_1_63' title='bbox 1739 615 1817 641; x_wconf 87' lang='lat' dir='ltr'>non</span> <span class='ocrx_word' id='word_1_64' title='bbox 1858 612 1873 638; x_wconf 76' lang='lat'><strong>⁶</strong></span> 
     </span>
    </p>
   </div>
   <div class='ocr_carea' id='block_1_5' title="bbox 0 647 1816 716">
    <p class='ocr_par' dir='ltr' id='par_1_5' title="bbox 0 647 1816 716">
     <span class='ocr_line' id='line_1_7' title="bbox 0 647 1816 716; baseline 0.006 -14"><span class='ocrx_word' id='word_1_65' title='bbox 0 696 19 714; x_wconf 53' lang='grc'>,.</span> <span class='ocrx_word' id='word_1_66' title='bbox 53 647 192 712; x_wconf 75' lang='lat' dir='ltr'>dub1a,</span> <span class='ocrx_word' id='word_1_67' title='bbox 235 675 310 702; x_wconf 90' lang='grc'><strong>1166</strong></span> <span class='ocrx_word' id='word_1_68' title='bbox 353 661 451 702; x_wconf 87' lang='lat' dir='ltr'>haec</span> <span class='ocrx_word' id='word_1_69' title='bbox 491 661 649 716; x_wconf 81' lang='lat' dir='ltr'>collegii</span> <span class='ocrx_word' id='word_1_70' title='bbox 695 663 821 704; x_wconf 88' lang='lat' dir='ltr'>nostri</span> <span class='ocrx_word' id='word_1_71' title='bbox 865 663 915 704; x_wconf 87' lang='lat' dir='ltr'>ab</span> <span class='ocrx_word' id='word_1_72' title='bbox 961 665 1088 715; x_wconf 84' lang='lat' dir='ltr'>Attio,</span> <span class='ocrx_word' id='word_1_73' title='bbox 1123 666 1191 707; x_wconf 84' lang='lat' dir='ltr'>sed</span> <span class='ocrx_word' id='word_1_74' title='bbox 1225 666 1293 707; x_wconf 80' lang='lat' dir='ltr'>ina</span> <span class='ocrx_word' id='word_1_75' title='bbox 1328 668 1507 709; x_wconf 75' lang='lat' dir='ltr'>Platonis</span> <span class='ocrx_word' id='word_1_76' title='bbox 1541 668 1589 709; x_wconf 88' lang='lat' dir='ltr'>de</span> <span class='ocrx_word' id='word_1_77' title='bbox 1623 674 1663 713; x_wconf 82' lang='grc'>11</span> <span class='ocrx_word' id='word_1_78' title='bbox 1668 686 1816 713; x_wconf 79' lang='lat' dir='ltr'>ranms</span> 
     </span>
    </p>
   </div>
   <div class='ocr_carea' id='block_1_6' title="bbox 54 733 1818 866">
    <p class='ocr_par' dir='ltr' id='par_1_6' title="bbox 54 733 1818 866">
     <span class='ocr_line' id='line_1_8' title="bbox 54 733 1817 797; baseline 0.005 -20.014"><span class='ocrx_word' id='word_1_79' title='bbox 54 733 181 777; x_wconf 74' lang='lat' dir='ltr'>Nullo</span> <span class='ocrx_word' id='word_1_80' title='bbox 213 733 320 775; x_wconf 90' lang='lat' dir='ltr'>enim</span> <span class='ocrx_word' id='word_1_81' title='bbox 353 733 472 775; x_wconf 91' lang='lat' dir='ltr'>modo</span> <span class='ocrx_word' id='word_1_82' title='bbox 506 749 619 789; x_wconf 88' lang='lat' dir='ltr'>posse</span> <span class='ocrx_word' id='word_1_83' title='bbox 655 735 768 776; x_wconf 88' lang='lat' dir='ltr'>video</span> <span class='ocrx_word' id='word_1_84' title='bbox 802 741 905 777; x_wconf 87' lang='lat' dir='ltr'>stare</span> <span class='ocrx_word' id='word_1_85' title='bbox 937 737 1061 779; x_wconf 91' lang='lat' dir='ltr'>istum</span> <span class='ocrx_word' id='word_1_86' title='bbox 1095 738 1263 789; x_wconf 89' lang='lat' dir='ltr'>diutius,</span> <span class='ocrx_word' id='word_1_87' title='bbox 1298 740 1396 794; x_wconf 88' lang='lat' dir='ltr'>quin</span> <span class='ocrx_word' id='word_1_88' title='bbox 1430 741 1514 796; x_wconf 86' lang='lat' dir='ltr'>ipse</span> <span class='ocrx_word' id='word_1_89' title='bbox 1548 757 1616 797; x_wconf 84' lang='lat' dir='ltr'>per</span> <span class='ocrx_word' id='word_1_90' title='bbox 1640 758 1679 783; x_wconf 76' lang='lat' dir='ltr'>se</span> <span class='ocrx_word' id='word_1_91' title='bbox 1698 744 1817 785; x_wconf 85' lang='lat' dir='ltr'>etiam</span> 
     </span>
     <span class='ocr_line' id='line_1_9' title="bbox 54 806 1818 866; baseline 0.005 -16"><span class='ocrx_word' id='word_1_92' title='bbox 54 806 340 863; x_wconf 56' lang='lat' dir='ltr'>‘languentibus</span> <span class='ocrx_word' id='word_1_93' title='bbox 372 807 490 850; x_wconf 88' lang='lat' dir='ltr'>nobis</span> <span class='ocrx_word' id='word_1_94' title='bbox 523 808 733 860; x_wconf 71' lang='lat' dir='ltr'>concidat,</span> <span class='ocrx_word' id='word_1_95' title='bbox 767 809 916 865; x_wconf 82' lang='lat' dir='ltr'><strong>quippe</strong></span> <span class='ocrx_word' id='word_1_96' title='bbox 950 810 1019 864; x_wconf 90' lang='lat' dir='ltr'>qui</span> <span class='ocrx_word' id='word_1_97' title='bbox 1054 811 1358 853; x_wconf 82' lang='lat' dir='ltr'>florentissimus</span> <span class='ocrx_word' id='word_1_98' title='bbox 1393 828 1438 854; x_wconf 87' lang='lat' dir='ltr'>ac</span> <span class='ocrx_word' id='word_1_99' title='bbox 1471 829 1611 865; x_wconf 86' lang='lat' dir='ltr'>novus,</span> <span class='ocrx_word' id='word_1_100' title='bbox 1638 829 1712 866; x_wconf 80' lang='lat' dir='ltr'>VL,</span> <span class='ocrx_word' id='word_1_101' title='bbox 1738 830 1818 858; x_wconf 85' lang='lat' dir='ltr'>vn.</span> 
     </span>
    </p>
   </div>
   <div class='ocr_carea' id='block_1_7' title="bbox 5 879 1872 1014">
    <p class='ocr_par' dir='ltr' id='par_1_7' title="bbox 5 879 1872 1014">
     <span class='ocr_line' id='line_1_10' title="bbox 5 879 1817 937; baseline 0.005 -16"><span class='ocrx_word' id='word_1_102' title='bbox 5 880 27 886; x_wconf 76' lang='grc'>““</span> <span class='ocrx_word' id='word_1_103' title='bbox 54 879 197 922; x_wconf 86' lang='lat' dir='ltr'>diebus</span> <span class='ocrx_word' id='word_1_104' title='bbox 242 881 320 936; x_wconf 87' lang='lat' dir='ltr'>ipsi</span> <span class='ocrx_word' id='word_1_105' title='bbox 367 880 427 922; x_wconf 91' lang='lat' dir='ltr'>illi</span> <span class='ocrx_word' id='word_1_106' title='bbox 476 881 610 936; x_wconf 80' lang='lat' dir='ltr'>egenti</span> <span class='ocrx_word' id='word_1_107' title='bbox 659 896 704 922; x_wconf 87' lang='lat' dir='ltr'>ac</span> <span class='ocrx_word' id='word_1_108' title='bbox 750 881 928 937; x_wconf 74' lang='lat' dir='ltr'><strong>perditae</strong></span> <span class='ocrx_word' id='word_1_109' title='bbox 968 882 1224 925; x_wconf 71' lang='lat' dir='ltr'>multitudini</span> <span class='ocrx_word' id='word_1_110' title='bbox 1270 884 1312 925; x_wconf 90' lang='lat' dir='ltr'>in</span> <span class='ocrx_word' id='word_1_111' title='bbox 1347 885 1483 927; x_wconf 88' lang='lat' dir='ltr'>odium</span> <span class='ocrx_word' id='word_1_112' title='bbox 1518 886 1817 930; x_wconf 86' lang='lat' dir='ltr'>acerbissimum</span> 
     </span>
     <span class='ocr_line' id='line_1_11' title="bbox 20 951 1872 1014; baseline 0.004 -19"><span class='ocrx_word' id='word_1_113' title='bbox 20 951 219 1014; x_wconf 10' lang='grc'><strong>1116116111,</strong></span> <span class='ocrx_word' id='word_1_114' title='bbox 254 954 324 1009; x_wconf 85' lang='grc'><strong>(1111</strong></span> <span class='ocrx_word' id='word_1_115' title='bbox 357 954 527 996; x_wconf 86' lang='lat' dir='ltr'>duarum</span> <span class='ocrx_word' id='word_1_116' title='bbox 561 969 693 996; x_wconf 88' lang='lat' dir='ltr'>rerum</span> <span class='ocrx_word' id='word_1_117' title='bbox 726 953 1023 997; x_wconf 67' lang='lat' dir='ltr'>simulationem</span> <span class='ocrx_word' id='word_1_118' title='bbox 1057 960 1140 997; x_wconf 88' lang='lat' dir='ltr'>tam</span> <span class='ocrx_word' id='word_1_119' title='bbox 1173 957 1253 998; x_wconf 88' lang='lat' dir='ltr'>cito</span> <span class='ocrx_word' id='word_1_120' title='bbox 1284 958 1473 1009; x_wconf 86' lang='lat' dir='ltr'>amiserit,</span> <span class='ocrx_word' id='word_1_121' title='bbox 1498 961 1819 1003; x_wconf 81' lang='lat' dir='ltr'>mansuetudinis</span> <span class='ocrx_word' id='word_1_122' title='bbox 1838 975 1872 1002; x_wconf 86' lang='grc' dir='ltr'>ιο</span> 
     </span>
    </p>
   </div>
   <div class='ocr_carea' id='block_1_8' title="bbox 52 1026 889 1079">
    <p class='ocr_par' dir='ltr' id='par_1_8' title="bbox 10 1026 889 1079">
     <span class='ocr_line' id='line_1_12' title="bbox 52 1026 889 1079; baseline 0.001 -10.951"><span class='ocrx_word' id='word_1_123' title='bbox 52 1027 96 1069; x_wconf 82' lang='grc'>111</span> <span class='ocrx_word' id='word_1_124' title='bbox 139 1026 320 1079; x_wconf 85' lang='grc' dir='ltr'><strong>Μ616110,</strong></span> <span class='ocrx_word' id='word_1_125' title='bbox 365 1027 597 1069; x_wconf 84' lang='lat' dir='ltr'>divitiarum</span> <span class='ocrx_word' id='word_1_126' title='bbox 637 1027 680 1069; x_wconf 90' lang='lat' dir='ltr'>in</span> <span class='ocrx_word' id='word_1_127' title='bbox 726 1028 889 1069; x_wconf 85' lang='lat' dir='ltr'>aerario.</span> 
     </span>
    </p>
   </div>
   <div class='ocr_carea' id='block_1_9' title="bbox 0 1135 29 1210">
    <p class='ocr_par' dir='ltr' id='par_1_9' title="bbox 0 1135 29 1210">
     <span class='ocr_line' id='line_1_13' title="bbox 0 1135 29 1177; baseline 0 -7"><span class='ocrx_word' id='word_1_128' title='bbox 0 1135 29 1177; x_wconf 50' lang='grc' dir='ltr'>’ζ’</span> 
     </span>
     <span class='ocr_line' id='line_1_14' title="bbox 0 1173 26 1210; baseline 0 -7"><span class='ocrx_word' id='word_1_129' title='bbox 0 1173 26 1210; x_wconf 69' lang='grc' dir='ltr'>ἰζ</span> 
     </span>
    </p>
   </div>
   <div class='ocr_carea' id='block_1_10' title="bbox 0 1311 29 1358">
    <p class='ocr_par' dir='ltr' id='par_1_10' title="bbox 0 1311 29 1358">
     <span class='ocr_line' id='line_1_15' title="bbox 0 1311 29 1358; baseline 0 -4"><span class='ocrx_word' id='word_1_130' title='bbox 0 1311 29 1358; x_wconf 51' lang='grc' dir='ltr'><strong>ἦ</strong></span> 
     </span>
    </p>
   </div>
   <div class='ocr_carea' id='block_1_11' title="bbox 0 1418 25 1443">
    <p class='ocr_par' dir='ltr' id='par_1_11' title="bbox 0 1418 25 1443">
     <span class='ocr_line' id='line_1_16' title="bbox 0 1418 25 1443; baseline 0 -5"><span class='ocrx_word' id='word_1_131' title='bbox 0 1418 25 1443; x_wconf 62' lang='grc' dir='ltr'>ἓν,</span> 
     </span>
    </p>
   </div>
   <div class='ocr_carea' id='block_1_12' title="bbox 0 1499 26 1524">
    <p class='ocr_par' dir='ltr' id='par_1_12' title="bbox 0 1499 26 1524">
     <span class='ocr_line' id='line_1_17' title="bbox 0 1499 26 1524; baseline 0 0"><span class='ocrx_word' id='word_1_132' title='bbox 0 1499 26 1524; x_wconf 61' lang='grc' dir='ltr'>*ι</span> 
     </span>
    </p>
   </div>
   <div class='ocr_carea' id='block_1_13' title="bbox 27 1677 1814 1742">
    <p class='ocr_par' dir='ltr' id='par_1_13' title="bbox 27 1677 1814 1742">
     <span class='ocr_line' id='line_1_18' title="bbox 27 1677 1814 1742; baseline 0.001 -14"><span class='ocrx_word' id='word_1_133' title='bbox 27 1677 278 1728; x_wconf 57' lang='grc' dir='ltr'>Ιπιπλεῖστον</span> <span class='ocrx_word' id='word_1_134' title='bbox 309 1684 395 1726; x_wconf 81' lang='grc' dir='ltr'>τοῦ</span> <span class='ocrx_word' id='word_1_135' title='bbox 428 1682 760 1742; x_wconf 67' lang='grc' dir='ltr'><em>γενησομένου</em></span> <span class='ocrx_word' id='word_1_136' title='bbox 804 1679 1012 1742; x_wconf 77' lang='grc' dir='ltr'><em>ἄριστος</em></span> <span class='ocrx_word' id='word_1_137' title='bbox 1044 1680 1296 1740; x_wconf 76' lang='grc' dir='ltr'><strong>εἰκαστής,</strong></span> <span class='ocrx_word' id='word_1_138' title='bbox 1329 1690 1464 1727; x_wconf 84' lang='lat' dir='ltr'>tamen</span> <span class='ocrx_word' id='word_1_139' title='bbox 1495 1686 1640 1728; x_wconf 78' lang='lat' dir='ltr'>incidit</span> <span class='ocrx_word' id='word_1_140' title='bbox 1672 1687 1715 1728; x_wconf 89' lang='lat' dir='ltr'>in</span> <span class='ocrx_word' id='word_1_141' title='bbox 1747 1703 1814 1729; x_wconf 87' lang='lat' dir='ltr'>eos</span> 
     </span>
    </p>
   </div>
   <div class='ocr_carea' id='block_1_14' title="bbox 10 1024 1869 1377">
    <p class='ocr_par' dir='ltr' id='par_1_14' title="bbox 51 1024 1869 1377">
     <span class='ocr_line' id='line_1_19' title="bbox 940 1024 1818 1085; baseline 0.007 -15"><span class='ocrx_word' id='word_1_142' title='bbox 940 1029 1026 1070; x_wconf 85' lang='lat' dir='ltr'>Iam</span> <span class='ocrx_word' id='word_1_143' title='bbox 1060 1028 1208 1085; x_wconf 88' lang='lat' dir='ltr'>quibus</span> <span class='ocrx_word' id='word_1_144' title='bbox 1241 1036 1379 1072; x_wconf 72' lang='lat' dir='ltr'>utatur</span> <span class='ocrx_word' id='word_1_145' title='bbox 1413 1032 1473 1073; x_wconf 74' lang='lat' dir='ltr'>vel</span> <span class='ocrx_word' id='word_1_146' title='bbox 1507 1033 1625 1074; x_wconf 87' lang='lat' dir='ltr'>sociis</span> <span class='ocrx_word' id='word_1_147' title='bbox 1659 1035 1718 1074; x_wconf 83' lang='lat' dir='ltr'>vel</span> <span class='ocrx_word' id='word_1_148' title='bbox 1746 1024 1818 1076; x_wconf 69' lang='lat' dir='ltr'>nii-</span> 
     </span>
     <span class='ocr_line' id='line_1_20' title="bbox 52 1099 1817 1156; baseline 0.002 -14"><span class='ocrx_word' id='word_1_149' title='bbox 52 1100 203 1150; x_wconf 68' lang='lat' dir='ltr'>metris,</span> <span class='ocrx_word' id='word_1_150' title='bbox 238 1099 272 1141; x_wconf 90' lang='lat' dir='ltr'>si</span> <span class='ocrx_word' id='word_1_151' title='bbox 304 1099 334 1141; x_wconf 91' lang='lat' dir='ltr'>ii</span> <span class='ocrx_word' id='word_1_152' title='bbox 367 1099 606 1156; x_wconf 72' lang='lat' dir='ltr'>provincias,</span> <span class='ocrx_word' id='word_1_153' title='bbox 641 1099 674 1140; x_wconf 91' lang='lat' dir='ltr'>si</span> <span class='ocrx_word' id='word_1_154' title='bbox 708 1114 790 1140; x_wconf 88' lang='lat' dir='ltr'>rem</span> <span class='ocrx_word' id='word_1_155' title='bbox 823 1099 1027 1154; x_wconf 88' lang='lat' dir='ltr'>publicam</span> <span class='ocrx_word' id='word_1_156' title='bbox 1061 1106 1216 1156; x_wconf 87' lang='lat' dir='ltr'>regent,</span> <span class='ocrx_word' id='word_1_157' title='bbox 1240 1116 1410 1156; x_wconf 87' lang='lat' dir='ltr'>quorum</span> <span class='ocrx_word' id='word_1_158' title='bbox 1428 1118 1544 1144; x_wconf 89' lang='lat' dir='ltr'>nemo</span> <span class='ocrx_word' id='word_1_159' title='bbox 1561 1103 1640 1145; x_wconf 92' lang='lat' dir='ltr'>duo</span> <span class='ocrx_word' id='word_1_160' title='bbox 1663 1119 1817 1146; x_wconf 83' lang='lat' dir='ltr'>menses</span> 
     </span>
     <span class='ocr_line' id='line_1_21' title="bbox 51 1170 1817 1232; baseline 0.002 -18"><span class='ocrx_word' id='word_1_161' title='bbox 51 1173 184 1230; x_wconf 89' lang='lat' dir='ltr'>potuit</span> <span class='ocrx_word' id='word_1_162' title='bbox 215 1172 502 1228; x_wconf 85' lang='lat' dir='ltr'>patrimonium</span> <span class='ocrx_word' id='word_1_163' title='bbox 537 1186 654 1213; x_wconf 91' lang='lat' dir='ltr'>suum</span> <span class='ocrx_word' id='word_1_164' title='bbox 687 1170 937 1227; x_wconf 75' lang='lat' dir='ltr'>gubernare?</span> <span class='ocrx_word' id='word_1_165' title='bbox 975 1173 1013 1213; x_wconf 85' lang='lat'>7.</span> <span class='ocrx_word' id='word_1_166' title='bbox 1049 1173 1145 1215; x_wconf 86' lang='lat' dir='ltr'>Non</span> <span class='ocrx_word' id='word_1_167' title='bbox 1179 1179 1275 1215; x_wconf 88' lang='lat' dir='ltr'>sunt</span> <span class='ocrx_word' id='word_1_168' title='bbox 1297 1175 1431 1216; x_wconf 89' lang='lat' dir='ltr'>omnia</span> <span class='ocrx_word' id='word_1_169' title='bbox 1455 1176 1692 1231; x_wconf 84' lang='lat' dir='ltr'>colligenda,</span> <span class='ocrx_word' id='word_1_170' title='bbox 1717 1193 1817 1232; x_wconf 86' lang='lat' dir='ltr'>quae</span> 
     </span>
     <span class='ocr_line' id='line_1_22' title="bbox 10 1243 1817 1305; baseline 0.002 -17.093"><span class='ocrx_word' id='word_1_171' title='bbox 10 1244 98 1288; x_wconf 87' lang='lat' dir='ltr'>tu</span> <span class='ocrx_word' id='word_1_172' title='bbox 130 1245 360 1287; x_wconf 89' lang='lat' dir='ltr'>acutissime</span> <span class='ocrx_word' id='word_1_173' title='bbox 392 1244 600 1300; x_wconf 86' lang='lat' dir='ltr'>perspicis,</span> <span class='ocrx_word' id='word_1_174' title='bbox 635 1243 704 1285; x_wconf 88' lang='lat' dir='ltr'>sed</span> <span class='ocrx_word' id='word_1_175' title='bbox 738 1249 872 1286; x_wconf 85' lang='lat' dir='ltr'>tamen</span> <span class='ocrx_word' id='word_1_176' title='bbox 906 1259 951 1286; x_wconf 85' lang='lat' dir='ltr'>ea</span> <span class='ocrx_word' id='word_1_177' title='bbox 985 1261 1087 1301; x_wconf 88' lang='lat' dir='ltr'>pone</span> <span class='ocrx_word' id='word_1_178' title='bbox 1122 1252 1214 1288; x_wconf 87' lang='lat' dir='ltr'>ante</span> <span class='ocrx_word' id='word_1_179' title='bbox 1248 1248 1408 1288; x_wconf 88' lang='lat' dir='ltr'>oculos:</span> <span class='ocrx_word' id='word_1_180' title='bbox 1444 1249 1523 1289; x_wconf 82' lang='lat' dir='ltr'>iam</span> <span class='ocrx_word' id='word_1_181' title='bbox 1557 1249 1758 1305; x_wconf 81' lang='lat' dir='ltr'>intelliges</span> <span class='ocrx_word' id='word_1_182' title='bbox 1775 1251 1817 1292; x_wconf 91' lang='lat' dir='ltr'>id</span> 
     </span>
     <span class='ocr_line' id='line_1_23' title="bbox 51 1317 1869 1377; baseline 0.001 -16"><span class='ocrx_word' id='word_1_183' title='bbox 51 1333 219 1375; x_wconf 85' lang='lat' dir='ltr'>regnum</span> <span class='ocrx_word' id='word_1_184' title='bbox 252 1318 319 1360; x_wconf 88' lang='lat' dir='ltr'>vix</span> <span class='ocrx_word' id='word_1_185' title='bbox 352 1322 539 1359; x_wconf 87' lang='lat' dir='ltr'>semestre</span> <span class='ocrx_word' id='word_1_186' title='bbox 573 1332 657 1359; x_wconf 90' lang='lat' dir='ltr'>esse</span> <span class='ocrx_word' id='word_1_187' title='bbox 687 1332 816 1372; x_wconf 87' lang='lat' dir='ltr'>posse.</span> <span class='ocrx_word' id='word_1_188' title='bbox 852 1317 972 1370; x_wconf 74' lang='lat' dir='ltr'>Quod</span> <span class='ocrx_word' id='word_1_189' title='bbox 1005 1319 1039 1360; x_wconf 89' lang='lat' dir='ltr'>si</span> <span class='ocrx_word' id='word_1_190' title='bbox 1073 1334 1135 1360; x_wconf 92' lang='lat' dir='ltr'>me</span> <span class='ocrx_word' id='word_1_191' title='bbox 1168 1319 1365 1371; x_wconf 80' lang='lat' dir='ltr'>fefellerit,</span> <span class='ocrx_word' id='word_1_192' title='bbox 1401 1322 1542 1377; x_wconf 52' lang='lat' dir='ltr'>feram</span> <span class='ocrx_word' id='word_1_193' title='bbox 1572 1323 1676 1364; x_wconf 87' lang='lat' dir='ltr'>sicut</span> <span class='ocrx_word' id='word_1_194' title='bbox 1698 1323 1816 1365; x_wconf 89' lang='lat' dir='ltr'>multi</span> <span class='ocrx_word' id='word_1_195' title='bbox 1838 1338 1869 1364; x_wconf 73' lang='lat'>15</span> 
     </span>
    </p>
   </div>
   <div class='ocr_carea' id='block_1_15' title="bbox 0 1389 1816 1521">
    <p class='ocr_par' dir='ltr' id='par_1_15' title="bbox 0 1389 1816 1521">
     <span class='ocr_line' id='line_1_24' title="bbox 0 1389 1816 1446; baseline 0.002 -12"><span class='ocrx_word' id='word_1_196' title='bbox 0 1389 24 1419; x_wconf 58' lang='lat'>⁰·</span> <span class='ocrx_word' id='word_1_197' title='bbox 51 1391 262 1434; x_wconf 75' lang='lat' dir='ltr'>clarissimi</span> <span class='ocrx_word' id='word_1_198' title='bbox 293 1390 477 1432; x_wconf 90' lang='lat' dir='ltr'>homines</span> <span class='ocrx_word' id='word_1_199' title='bbox 509 1391 553 1431; x_wconf 87' lang='lat' dir='ltr'>in</span> <span class='ocrx_word' id='word_1_200' title='bbox 584 1405 626 1432; x_wconf 85' lang='lat' dir='ltr'>re</span> <span class='ocrx_word' id='word_1_201' title='bbox 660 1389 823 1446; x_wconf 86' lang='lat' dir='ltr'>publica</span> <span class='ocrx_word' id='word_1_202' title='bbox 855 1391 1095 1433; x_wconf 81' lang='lat' dir='ltr'>excellentes</span> <span class='ocrx_word' id='word_1_203' title='bbox 1127 1393 1322 1444; x_wconf 88' lang='lat' dir='ltr'>tulerunt,</span> <span class='ocrx_word' id='word_1_204' title='bbox 1357 1394 1435 1435; x_wconf 82' lang='lat' dir='ltr'>nisi</span> <span class='ocrx_word' id='word_1_205' title='bbox 1468 1394 1567 1436; x_wconf 84' lang='lat' dir='ltr'>forte</span> <span class='ocrx_word' id='word_1_206' title='bbox 1592 1410 1653 1436; x_wconf 84' lang='lat' dir='ltr'>me</span> <span class='ocrx_word' id='word_1_207' title='bbox 1677 1396 1816 1437; x_wconf 85' lang='lat' dir='ltr'>Sarda-</span> 
     </span>
     <span class='ocr_line' id='line_1_25' title="bbox 0 1443 1815 1521; baseline 0.001 -14"><span class='ocrx_word' id='word_1_208' title='bbox 0 1443 29 1494; x_wconf 39' lang='grc' dir='ltr'>μ’</span> <span class='ocrx_word' id='word_1_209' title='bbox 49 1465 185 1521; x_wconf 86' lang='lat' dir='ltr'>napali</span> <span class='ocrx_word' id='word_1_210' title='bbox 228 1464 354 1506; x_wconf 88' lang='lat' dir='ltr'>vicem</span> <span class='ocrx_word' id='word_1_211' title='bbox 401 1464 464 1520; x_wconf 90' lang='lat' dir='ltr'>[in</span> <span class='ocrx_word' id='word_1_212' title='bbox 507 1478 579 1505; x_wconf 87' lang='lat' dir='ltr'>suo</span> <span class='ocrx_word' id='word_1_213' title='bbox 611 1462 779 1518; x_wconf 88' lang='lat' dir='ltr'>lectulo]</span> <span class='ocrx_word' id='word_1_214' title='bbox 815 1465 915 1505; x_wconf 82' lang='lat' dir='ltr'>mori</span> <span class='ocrx_word' id='word_1_215' title='bbox 949 1465 1065 1506; x_wconf 86' lang='lat' dir='ltr'>malle</span> <span class='ocrx_word' id='word_1_216' title='bbox 1100 1467 1300 1508; x_wconf 84' lang='lat' dir='ltr'>censueris</span> <span class='ocrx_word' id='word_1_217' title='bbox 1334 1482 1452 1521; x_wconf 87' lang='lat' dir='ltr'>quam</span> <span class='ocrx_word' id='word_1_218' title='bbox 1487 1467 1604 1509; x_wconf 86' lang='lat' dir='ltr'>exilio</span> <span class='ocrx_word' id='word_1_219' title='bbox 1637 1468 1815 1510; x_wconf 83' lang='lat' dir='ltr'>Themis-</span> 
     </span>
    </p>
   </div>
   <div class='ocr_carea' id='block_1_16' title="bbox 48 1536 1868 1732">
    <p class='ocr_par' dir='ltr' id='par_1_16' title="bbox 48 1536 1868 1732">
     <span class='ocr_line' id='line_1_26' title="bbox 48 1536 1823 1600; baseline 0.002 -20"><span class='ocrx_word' id='word_1_220' title='bbox 48 1538 191 1589; x_wconf 85' lang='lat' dir='ltr'>tocleo,</span> <span class='ocrx_word' id='word_1_221' title='bbox 235 1537 307 1593; x_wconf 91' lang='lat' dir='ltr'>qui</span> <span class='ocrx_word' id='word_1_222' title='bbox 351 1552 476 1592; x_wconf 90' lang='lat' dir='ltr'>quum</span> <span class='ocrx_word' id='word_1_223' title='bbox 519 1537 675 1588; x_wconf 80' lang='lat' dir='ltr'>fuisset,</span> <span class='ocrx_word' id='word_1_224' title='bbox 716 1541 764 1578; x_wconf 89' lang='lat' dir='ltr'>ut</span> <span class='ocrx_word' id='word_1_225' title='bbox 803 1537 859 1578; x_wconf 85' lang='lat' dir='ltr'>ait</span> <span class='ocrx_word' id='word_1_226' title='bbox 905 1537 1173 1594; x_wconf 82' lang='lat' dir='ltr'>Thucydides,</span> <span class='ocrx_word' id='word_1_227' title='bbox 1207 1540 1310 1583; x_wconf 85' lang='grc' dir='ltr'>τῶν</span> <span class='ocrx_word' id='word_1_228' title='bbox 1340 1536 1437 1597; x_wconf 78' lang='grc' dir='ltr'>μὲν</span> <span class='ocrx_word' id='word_1_229' title='bbox 1469 1538 1731 1600; x_wconf 74' lang='grc' dir='ltr'><em>παρόντων</em></span> <span class='ocrx_word' id='word_1_230' title='bbox 1763 1536 1823 1584; x_wconf 71' lang='grc' dir='ltr'>δι’</span> 
     </span>
     <span class='ocr_line' id='line_1_27' title="bbox 50 1606 1814 1670; baseline 0.001 -15"><span class='ocrx_word' id='word_1_231' title='bbox 50 1608 324 1670; x_wconf 77' lang='grc' dir='ltr'><strong><em>ἐλαχίστης</em></strong></span> <span class='ocrx_word' id='word_1_232' title='bbox 366 1606 556 1666; x_wconf 78' lang='grc' dir='ltr'><em>βουλῆς</em></span> <span class='ocrx_word' id='word_1_233' title='bbox 601 1607 869 1669; x_wconf 73' lang='grc' dir='ltr'><strong><em>κράτιστος</em></strong></span> <span class='ocrx_word' id='word_1_234' title='bbox 914 1608 1143 1670; x_wconf 75' lang='grc' dir='ltr'><em>γνώμων,</em></span> <span class='ocrx_word' id='word_1_235' title='bbox 1190 1613 1291 1657; x_wconf 82' lang='grc' dir='ltr'>τῶν</span> <span class='ocrx_word' id='word_1_236' title='bbox 1335 1607 1387 1656; x_wconf 82' lang='grc' dir='ltr'>δὲ</span> <span class='ocrx_word' id='word_1_237' title='bbox 1420 1610 1703 1670; x_wconf 79' lang='grc' dir='ltr'><em>μελλόντων</em></span> <span class='ocrx_word' id='word_1_238' title='bbox 1735 1611 1814 1657; x_wconf 70' lang='grc' dir='ltr'>ἐπὶ</span> 
     </span>
     <span class='ocr_line' id='line_1_28' title="bbox 1833 1705 1868 1732; baseline 0 0"><span class='ocrx_word' id='word_1_239' title='bbox 1833 1705 1868 1732; x_wconf 82' lang='lat'>20</span> 
     </span>
    </p>
   </div>
   <div class='ocr_carea' id='block_1_17' title="bbox 23 1854 764 1896">
    <p class='ocr_par' dir='ltr' id='par_1_17' title="bbox 23 1854 764 1896">
     <span class='ocr_line' id='line_1_29' title="bbox 23 1854 764 1896; baseline -0.008 -2"><span class='ocrx_word' id='word_1_240' title='bbox 23 1854 39 1890; x_wconf 51' lang='lat' dir='ltr'>s</span> <span class='ocrx_word' id='word_1_241' title='bbox 92 1862 111 1894; x_wconf 83' lang='lat'><strong>6</strong></span> <span class='ocrx_word' id='word_1_242' title='bbox 133 1861 172 1893; x_wconf 82' lang='lat' dir='ltr'>ab</span> <span class='ocrx_word' id='word_1_243' title='bbox 193 1861 270 1893; x_wconf 77' lang='lat' dir='ltr'>Atto</span> <span class='ocrx_word' id='word_1_244' title='bbox 291 1879 333 1885; x_wconf 93' lang='lat'>—-</span> <span class='ocrx_word' id='word_1_245' title='bbox 355 1861 395 1895; x_wconf 86' lang='lat'>17</span> <span class='ocrx_word' id='word_1_246' title='bbox 416 1861 451 1892; x_wconf 78' lang='lat' dir='ltr'>in</span> <span class='ocrx_word' id='word_1_247' title='bbox 471 1863 488 1896; x_wconf 88' lang='lat'><em>†</em></span> <span class='ocrx_word' id='word_1_248' title='bbox 510 1871 566 1895; x_wconf 73' lang='lat' dir='ltr'>suo</span> <span class='ocrx_word' id='word_1_249' title='bbox 587 1863 703 1896; x_wconf 79' lang='lat' dir='ltr'>lectulo</span> <span class='ocrx_word' id='word_1_250' title='bbox 724 1883 764 1888; x_wconf 74' lang='lat'><em>-</em></span> 
     </span>
    </p>
   </div>
   <div class='ocr_carea' id='block_1_18' title="bbox 45 2033 901 2075">
    <p class='ocr_par' dir='ltr' id='par_1_18' title="bbox 45 2033 901 2075">
     <span class='ocr_line' id='line_1_30' title="bbox 45 2033 901 2075; baseline 0 -10"><span class='ocrx_word' id='word_1_251' title='bbox 45 2033 168 2065; x_wconf 72' lang='lat' dir='ltr'>habent</span> <span class='ocrx_word' id='word_1_252' title='bbox 189 2033 367 2071; x_wconf 79' lang='lat' dir='ltr'>condamus,</span> <span class='ocrx_word' id='word_1_253' title='bbox 390 2038 426 2065; x_wconf 89' lang='lat' dir='ltr'>ut</span> <span class='ocrx_word' id='word_1_254' title='bbox 448 2034 578 2065; x_wconf 83' lang='lat' dir='ltr'>videtur</span> <span class='ocrx_word' id='word_1_255' title='bbox 600 2043 618 2065; x_wconf 92' lang='lat' dir='ltr'>e</span> <span class='ocrx_word' id='word_1_256' title='bbox 641 2034 734 2065; x_wconf 89' lang='lat' dir='ltr'>libris</span> <span class='ocrx_word' id='word_1_257' title='bbox 756 2035 901 2075; x_wconf 84' lang='lat' dir='ltr'>scriptis;</span> 
     </span>
    </p>
   </div>
   <div class='ocr_carea' id='block_1_19' title="bbox 21 2140 902 2933">
    <p class='ocr_par' dir='ltr' id='par_1_19' title="bbox 21 2140 902 2933">
     <span class='ocr_line' id='line_1_31' title="bbox 45 2140 901 2174; baseline -0.001 -1"><span class='ocrx_word' id='word_1_258' title='bbox 45 2140 264 2174; x_wconf 77' lang='lat' dir='ltr'>scribendum</span> <span class='ocrx_word' id='word_1_259' title='bbox 286 2150 356 2172; x_wconf 87' lang='lat' dir='ltr'>esse</span> <span class='ocrx_word' id='word_1_260' title='bbox 377 2140 558 2172; x_wconf 75' lang='lat' dir='ltr'>condiamus</span> <span class='ocrx_word' id='word_1_261' title='bbox 582 2141 724 2173; x_wconf 83' lang='lat' dir='ltr'>coniecit</span> <span class='ocrx_word' id='word_1_262' title='bbox 746 2140 901 2174; x_wconf 89' lang='lat' dir='ltr'>Orellius.</span> 
     </span>
     <span class='ocr_line' id='line_1_32' title="bbox 44 2193 902 2226; baseline -0.002 0"><span class='ocrx_word' id='word_1_263' title='bbox 44 2193 145 2226; x_wconf 89' lang='lat' dir='ltr'>Hune</span> <span class='ocrx_word' id='word_1_264' title='bbox 175 2203 273 2224; x_wconf 89' lang='lat' dir='ltr'>usum</span> <span class='ocrx_word' id='word_1_265' title='bbox 300 2193 393 2225; x_wconf 86' lang='lat' dir='ltr'>verbi</span> <span class='ocrx_word' id='word_1_266' title='bbox 425 2193 553 2224; x_wconf 83' lang='lat' dir='ltr'>condire</span> <span class='ocrx_word' id='word_1_267' title='bbox 585 2194 699 2225; x_wconf 83' lang='lat' dir='ltr'>Tullio</span> <span class='ocrx_word' id='word_1_268' title='bbox 732 2194 902 2225; x_wconf 83' lang='lat' dir='ltr'>vindicant</span> 
     </span>
     <span class='ocr_line' id='line_1_33' title="bbox 26 2235 901 2289; baseline 0 -11"><span class='ocrx_word' id='word_1_269' title='bbox 26 2235 154 2289; x_wconf 78' lang='lat' dir='ltr'>&#39;piures</span> <span class='ocrx_word' id='word_1_270' title='bbox 175 2247 249 2284; x_wconf 80' lang='lat' dir='ltr'>ioci,</span> <span class='ocrx_word' id='word_1_271' title='bbox 272 2257 303 2287; x_wconf 82' lang='lat' dir='ltr'>p.</span> <span class='ocrx_word' id='word_1_272' title='bbox 325 2247 412 2278; x_wconf 85' lang='lat' dir='ltr'>Mur.</span> <span class='ocrx_word' id='word_1_273' title='bbox 435 2246 485 2278; x_wconf 86' lang='lat'>66.</span> <span class='ocrx_word' id='word_1_274' title='bbox 508 2247 578 2279; x_wconf 70' lang='lat' dir='ltr'>Aa.</span> <span class='ocrx_word' id='word_1_275' title='bbox 601 2247 686 2278; x_wconf 88' lang='lat' dir='ltr'>XII.</span> <span class='ocrx_word' id='word_1_276' title='bbox 707 2248 758 2284; x_wconf 84' lang='lat'>40,</span> <span class='ocrx_word' id='word_1_277' title='bbox 783 2247 810 2278; x_wconf 86' lang='lat'>3.</span> <span class='ocrx_word' id='word_1_278' title='bbox 831 2247 901 2278; x_wconf 74' lang='lat' dir='ltr'>Ma-</span> 
     </span>
     <span class='ocr_line' id='line_1_34' title="bbox 21 2299 901 2341; baseline -0.001 -9"><span class='ocrx_word' id='word_1_279' title='bbox 21 2336 25 2340; x_wconf 51' lang='grc'><strong>,</strong></span> <span class='ocrx_word' id='word_1_280' title='bbox 44 2299 104 2332; x_wconf 84' lang='grc'><strong>11111</strong></span> <span class='ocrx_word' id='word_1_281' title='bbox 125 2305 236 2331; x_wconf 82' lang='lat' dir='ltr'>tamen</span> <span class='ocrx_word' id='word_1_282' title='bbox 263 2300 354 2341; x_wconf 88' lang='lat' dir='ltr'>sequi</span> <span class='ocrx_word' id='word_1_283' title='bbox 377 2300 625 2341; x_wconf 87' lang='lat' dir='ltr'>Nipperdeium,</span> <span class='ocrx_word' id='word_1_284' title='bbox 649 2301 706 2341; x_wconf 90' lang='lat' dir='ltr'>qui</span> <span class='ocrx_word' id='word_1_285' title='bbox 729 2300 763 2332; x_wconf 87' lang='lat' dir='ltr'>in</span> <span class='ocrx_word' id='word_1_286' title='bbox 777 2300 901 2332; x_wconf 87' lang='lat' dir='ltr'>Philol.</span> 
     </span>
     <span class='ocr_line' id='line_1_35' title="bbox 44 2355 902 2397; baseline -0.002 -9"><span class='ocrx_word' id='word_1_287' title='bbox 44 2355 91 2388; x_wconf 89' lang='grc' dir='ltr'>Π.</span> <span class='ocrx_word' id='word_1_288' title='bbox 123 2356 152 2387; x_wconf 78' lang='grc'>2.</span> <span class='ocrx_word' id='word_1_289' title='bbox 183 2366 214 2396; x_wconf 87' lang='lat' dir='ltr'>p.</span> <span class='ocrx_word' id='word_1_290' title='bbox 243 2357 304 2387; x_wconf 88' lang='grc'><strong>300</strong></span> <span class='ocrx_word' id='word_1_291' title='bbox 334 2357 492 2388; x_wconf 86' lang='lat' dir='ltr'>correxit:</span> <span class='ocrx_word' id='word_1_292' title='bbox 516 2355 579 2387; x_wconf 82' lang='lat' dir='ltr'>Sed</span> <span class='ocrx_word' id='word_1_293' title='bbox 599 2358 703 2388; x_wconf 81' lang='lat' dir='ltr'>tamen</span> <span class='ocrx_word' id='word_1_294' title='bbox 723 2355 902 2397; x_wconf 75' lang='lat' dir='ltr'>(fateamur</span> 
     </span>
     <span class='ocr_line' id='line_1_36' title="bbox 23 2405 900 2451; baseline 0.002 -11"><span class='ocrx_word' id='word_1_295' title='bbox 23 2405 27 2416; x_wconf 86' lang='lat'>&#39;</span> <span class='ocrx_word' id='word_1_296' title='bbox 44 2408 125 2440; x_wconf 78' lang='lat' dir='ltr'>enim</span> <span class='ocrx_word' id='word_1_297' title='bbox 145 2409 228 2451; x_wconf 86' lang='lat' dir='ltr'>quod</span> <span class='ocrx_word' id='word_1_298' title='bbox 249 2409 310 2451; x_wconf 73' lang='lat' dir='ltr'>est)</span> <span class='ocrx_word' id='word_1_299' title='bbox 333 2419 372 2440; x_wconf 81' lang='lat' dir='ltr'>ne</span> <span class='ocrx_word' id='word_1_300' title='bbox 393 2410 606 2441; x_wconf 68' lang='lat' dir='ltr'>coniendimm</span> <span class='ocrx_word' id='word_1_301' title='bbox 627 2410 759 2451; x_wconf 78' lang='lat' dir='ltr'>quidem,</span> <span class='ocrx_word' id='word_1_302' title='bbox 781 2411 816 2441; x_wconf 83' lang='lat' dir='ltr'>ut</span> <span class='ocrx_word' id='word_1_303' title='bbox 827 2421 900 2451; x_wconf 76' lang='lat' dir='ltr'>pos-</span> 
     </span>
     <span class='ocr_line' id='line_1_37' title="bbox 43 2462 785 2503; baseline 0.004 -11"><span class='ocrx_word' id='word_1_304' title='bbox 43 2470 145 2493; x_wconf 68' lang='lat' dir='ltr'>semus</span> <span class='ocrx_word' id='word_1_305' title='bbox 165 2472 221 2502; x_wconf 91' lang='lat' dir='ltr'>np.</span> <span class='ocrx_word' id='word_1_306' title='bbox 243 2471 320 2493; x_wconf 89' lang='lat' dir='ltr'>cum</span> <span class='ocrx_word' id='word_1_307' title='bbox 342 2462 501 2503; x_wconf 86' lang='lat' dir='ltr'>Pompeio</span> <span class='ocrx_word' id='word_1_308' title='bbox 523 2471 614 2494; x_wconf 81' lang='lat' dir='ltr'>mare</span> <span class='ocrx_word' id='word_1_309' title='bbox 636 2463 785 2495; x_wconf 80' lang='lat' dir='ltr'>transire.</span> 
     </span>
     <span class='ocr_line' id='line_1_38' title="bbox 91 2515 900 2558; baseline 0.004 -12"><span class='ocrx_word' id='word_1_310' title='bbox 91 2515 192 2552; x_wconf 75' lang='lat' dir='ltr'>Quam</span> <span class='ocrx_word' id='word_1_311' title='bbox 225 2515 319 2546; x_wconf 81' lang='lat' dir='ltr'>iidem</span> <span class='ocrx_word' id='word_1_312' title='bbox 355 2518 458 2547; x_wconf 73' lang='lat' dir='ltr'>essent</span> <span class='ocrx_word' id='word_1_313' title='bbox 494 2526 526 2547; x_wconf 82' lang='lat' dir='ltr'>o:</span> <span class='ocrx_word' id='word_1_314' title='bbox 557 2526 656 2558; x_wconf 89' lang='lat' dir='ltr'>quarn</span> <span class='ocrx_word' id='word_1_315' title='bbox 685 2517 769 2548; x_wconf 84' lang='lat' dir='ltr'>alter</span> <span class='ocrx_word' id='word_1_316' title='bbox 797 2518 900 2549; x_wconf 80' lang='lat' dir='ltr'>altero</span> 
     </span>
     <span class='ocr_line' id='line_1_39' title="bbox 45 2570 901 2611; baseline 0.001 -10"><span class='ocrx_word' id='word_1_317' title='bbox 45 2579 112 2601; x_wconf 88' lang='lat' dir='ltr'>non</span> <span class='ocrx_word' id='word_1_318' title='bbox 134 2570 252 2602; x_wconf 85' lang='lat' dir='ltr'>melior</span> <span class='ocrx_word' id='word_1_319' title='bbox 274 2575 374 2605; x_wconf 86' lang='lat' dir='ltr'>essct;</span> <span class='ocrx_word' id='word_1_320' title='bbox 399 2580 484 2601; x_wconf 86' lang='lat' dir='ltr'>non:</span> <span class='ocrx_word' id='word_1_321' title='bbox 508 2580 606 2611; x_wconf 84' lang='lat' dir='ltr'>qua-m</span> <span class='ocrx_word' id='word_1_322' title='bbox 629 2571 797 2602; x_wconf 85' lang='lat' dir='ltr'>coniuncti</span> <span class='ocrx_word' id='word_1_323' title='bbox 820 2571 901 2602; x_wconf 87' lang='lat' dir='ltr'>eius-</span> 
     </span>
     <span class='ocr_line' id='line_1_40' title="bbox 43 2623 817 2665; baseline 0 -9"><span class='ocrx_word' id='word_1_324' title='bbox 43 2623 184 2665; x_wconf 78' lang='lat' dir='ltr'>demque</span> <span class='ocrx_word' id='word_1_325' title='bbox 205 2624 392 2660; x_wconf 68' lang='lat' dir='ltr'>voluntafis,</span> <span class='ocrx_word' id='word_1_326' title='bbox 415 2628 449 2654; x_wconf 83' lang='lat' dir='ltr'>ut</span> <span class='ocrx_word' id='word_1_327' title='bbox 471 2624 616 2665; x_wconf 82' lang='lat' dir='ltr'>explicat</span> <span class='ocrx_word' id='word_1_328' title='bbox 637 2625 817 2656; x_wconf 80' lang='lat' dir='ltr'>Manutius.</span> 
     </span>
     <span class='ocr_line' id='line_1_41' title="bbox 85 2678 900 2721; baseline 0.005 -13"><span class='ocrx_word' id='word_1_329' title='bbox 85 2678 239 2720; x_wconf 68' lang='lat' dir='ltr'>Assequor</span> <span class='ocrx_word' id='word_1_330' title='bbox 267 2679 371 2710; x_wconf 83' lang='lat' dir='ltr'>omnia</span> <span class='ocrx_word' id='word_1_331' title='bbox 400 2690 433 2710; x_wconf 80' lang='lat' dir='ltr'>o:</span> <span class='ocrx_word' id='word_1_332' title='bbox 464 2685 501 2711; x_wconf 88' lang='lat' dir='ltr'>ut</span> <span class='ocrx_word' id='word_1_333' title='bbox 523 2680 755 2721; x_wconf 71' lang='lat' dir='ltr'>interpretatur</span> <span class='ocrx_word' id='word_1_334' title='bbox 775 2680 900 2713; x_wconf 90' lang='lat' dir='ltr'>Grono-</span> 
     </span>
     <span class='ocr_line' id='line_1_42' title="bbox 31 2729 901 2773; baseline 0.005 -12"><span class='ocrx_word' id='word_1_335' title='bbox 31 2729 125 2768; x_wconf 55' lang='grc'><strong>1166,</strong></span> <span class='ocrx_word' id='word_1_336' title='bbox 151 2731 282 2763; x_wconf 83' lang='lat' dir='ltr'>abunde</span> <span class='ocrx_word' id='word_1_337' title='bbox 302 2733 486 2770; x_wconf 76' lang='lat' dir='ltr'>resarciam,</span> <span class='ocrx_word' id='word_1_338' title='bbox 503 2733 659 2773; x_wconf 84' lang='lat' dir='ltr'>quicquid</span> <span class='ocrx_word' id='word_1_339' title='bbox 672 2733 831 2764; x_wconf 86' lang='lat' dir='ltr'>omissum</span> <span class='ocrx_word' id='word_1_340' title='bbox 843 2739 901 2765; x_wconf 87' lang='lat' dir='ltr'>est.</span> 
     </span>
     <span class='ocr_line' id='line_1_43' title="bbox 85 2783 902 2827; baseline 0.004 -13"><span class='ocrx_word' id='word_1_341' title='bbox 85 2783 105 2823; x_wconf 67' lang='grc' dir='ltr'><strong>ξ</strong></span> <span class='ocrx_word' id='word_1_342' title='bbox 130 2783 158 2814; x_wconf 88' lang='grc'>6.</span> <span class='ocrx_word' id='word_1_343' title='bbox 183 2783 315 2825; x_wconf 74' lang='lat' dir='ltr'>Colleqii</span> <span class='ocrx_word' id='word_1_344' title='bbox 335 2783 436 2815; x_wconf 77' lang='lat' dir='ltr'>nostri</span> <span class='ocrx_word' id='word_1_345' title='bbox 453 2785 491 2815; x_wconf 83' lang='lat' dir='ltr'>ab</span> <span class='ocrx_word' id='word_1_346' title='bbox 503 2784 592 2815; x_wconf 77' lang='lat' dir='ltr'>Attio</span> <span class='ocrx_word' id='word_1_347' title='bbox 605 2794 639 2815; x_wconf 81' lang='lat' dir='ltr'>o:</span> <span class='ocrx_word' id='word_1_348' title='bbox 653 2785 787 2826; x_wconf 86' lang='lat' dir='ltr'>collegii</span> <span class='ocrx_word' id='word_1_349' title='bbox 801 2796 902 2827; x_wconf 83' lang='lat' dir='ltr'>augu-</span> 
     </span>
     <span class='ocr_line' id='line_1_44' title="bbox 24 2837 901 2879; baseline 0.005 -12"><span class='ocrx_word' id='word_1_350' title='bbox 24 2854 32 2861; x_wconf 79' lang='lat'><strong>·</strong></span> <span class='ocrx_word' id='word_1_351' title='bbox 44 2844 127 2873; x_wconf 82' lang='lat' dir='ltr'>rum,</span> <span class='ocrx_word' id='word_1_352' title='bbox 149 2846 232 2878; x_wconf 83' lang='lat' dir='ltr'>quae</span> <span class='ocrx_word' id='word_1_353' title='bbox 254 2837 296 2868; x_wconf 90' lang='lat' dir='ltr'>ab</span> <span class='ocrx_word' id='word_1_354' title='bbox 316 2837 413 2869; x_wconf 82' lang='lat' dir='ltr'>Attio</span> <span class='ocrx_word' id='word_1_355' title='bbox 434 2837 543 2868; x_wconf 82' lang='lat' dir='ltr'>Navio</span> <span class='ocrx_word' id='word_1_356' title='bbox 564 2842 765 2879; x_wconf 83' lang='lat' dir='ltr'>repetuntur.</span> <span class='ocrx_word' id='word_1_357' title='bbox 778 2839 817 2870; x_wconf 88' lang='lat' dir='ltr'>cf.</span> <span class='ocrx_word' id='word_1_358' title='bbox 833 2839 901 2871; x_wconf 89' lang='lat' dir='ltr'>Cic.</span> 
     </span>
     <span class='ocr_line' id='line_1_45' title="bbox 24 2879 900 2933; baseline 0.005 -13"><span class='ocrx_word' id='word_1_359' title='bbox 24 2900 26 2911; x_wconf 55' lang='lat'>1</span> <span class='ocrx_word' id='word_1_360' title='bbox 45 2887 157 2920; x_wconf 79' lang='lat' dir='ltr'>Divin.</span> <span class='ocrx_word' id='word_1_361' title='bbox 179 2889 226 2920; x_wconf 89' lang='lat'>11.</span> <span class='ocrx_word' id='word_1_362' title='bbox 251 2879 302 2921; x_wconf 73' lang='lat'>8&#39;0.</span> <span class='ocrx_word' id='word_1_363' title='bbox 331 2890 405 2921; x_wconf 77' lang='lat' dir='ltr'>Liv.</span> <span class='ocrx_word' id='word_1_364' title='bbox 428 2890 456 2920; x_wconf 92' lang='lat'>1.</span> <span class='ocrx_word' id='word_1_365' title='bbox 484 2890 536 2933; x_wconf 84' lang='grc'>36,</span> <span class='ocrx_word' id='word_1_366' title='bbox 558 2891 614 2921; x_wconf 74' lang='lat' dir='ltr'>ubi</span> <span class='ocrx_word' id='word_1_367' title='bbox 637 2900 680 2922; x_wconf 79' lang='lat' dir='ltr'>ex</span> <span class='ocrx_word' id='word_1_368' title='bbox 702 2892 812 2923; x_wconf 83' lang='lat' dir='ltr'>adnot.</span> <span class='ocrx_word' id='word_1_369' title='bbox 835 2893 900 2924; x_wconf 76' lang='lat' dir='ltr'>edi-</span> 
     </span>
    </p>
   </div>
   <div class='ocr_carea' id='block_1_20' title="bbox 45 2088 1177 2130">
    <p class='ocr_par' dir='ltr' id='par_1_20' title="bbox 45 2088 1177 2130">
     <span class='ocr_line' id='line_1_46' title="bbox 45 2088 1177 2130; baseline 0.001 -11"><span class='ocrx_word' id='word_1_370' title='bbox 45 2088 80 2120; x_wconf 90' lang='lat' dir='ltr'>in</span> <span class='ocrx_word' id='word_1_371' title='bbox 101 2089 190 2120; x_wconf 87' lang='lat' dir='ltr'>Med.</span> <span class='ocrx_word' id='word_1_372' title='bbox 214 2093 245 2120; x_wconf 84' lang='lat' dir='ltr'>et</span> <span class='ocrx_word' id='word_1_373' title='bbox 266 2088 363 2130; x_wconf 91' lang='lat' dir='ltr'>Hisp.</span> <span class='ocrx_word' id='word_1_374' title='bbox 386 2098 460 2119; x_wconf 89' lang='lat' dir='ltr'>meo</span> <span class='ocrx_word' id='word_1_375' title='bbox 482 2089 639 2130; x_wconf 85' lang='lat' dir='ltr'>scriptum</span> <span class='ocrx_word' id='word_1_376' title='bbox 662 2093 710 2120; x_wconf 87' lang='lat' dir='ltr'>est</span> <span class='ocrx_word' id='word_1_377' title='bbox 732 2089 902 2120; x_wconf 76' lang='lat' dir='ltr'>condimus,</span> <span class='ocrx_word' id='word_1_378' title='bbox 949 2100 979 2130; x_wconf 89' lang='lat' dir='ltr'>p.</span> <span class='ocrx_word' id='word_1_379' title='bbox 1011 2089 1071 2120; x_wconf 80' lang='lat'>562</span> <span class='ocrx_word' id='word_1_380' title='bbox 1099 2098 1177 2129; x_wconf 69' lang='lat' dir='ltr'>seq„</span> 
     </span>
    </p>
   </div>
   <div class='ocr_carea' id='block_1_21' title="bbox 947 2033 1810 2932">
    <p class='ocr_par' dir='ltr' id='par_1_21' title="bbox 949 2033 1810 2182">
     <span class='ocr_line' id='line_1_47' title="bbox 949 2033 1809 2076; baseline 0 -10"><span class='ocrx_word' id='word_1_381' title='bbox 949 2036 1112 2067; x_wconf 84' lang='lat' dir='ltr'>illustrem</span> <span class='ocrx_word' id='word_1_382' title='bbox 1144 2044 1186 2066; x_wconf 81' lang='lat' dir='ltr'>ex</span> <span class='ocrx_word' id='word_1_383' title='bbox 1215 2043 1312 2076; x_wconf 86' lang='lat' dir='ltr'>opere</span> <span class='ocrx_word' id='word_1_384' title='bbox 1341 2033 1489 2065; x_wconf 82' lang='lat' dir='ltr'>Platonis</span> <span class='ocrx_word' id='word_1_385' title='bbox 1521 2033 1562 2064; x_wconf 84' lang='lat' dir='ltr'>de</span> <span class='ocrx_word' id='word_1_386' title='bbox 1583 2033 1687 2074; x_wconf 88' lang='lat' dir='ltr'>Repb.</span> <span class='ocrx_word' id='word_1_387' title='bbox 1713 2033 1809 2066; x_wconf 89' lang='lat' dir='ltr'>VIII.</span> 
     </span>
     <span class='ocr_line' id='line_1_48' title="bbox 1207 2087 1810 2130; baseline 0.002 -11"><span class='ocrx_word' id='word_1_388' title='bbox 1207 2098 1305 2130; x_wconf 82' lang='lat' dir='ltr'>quem</span> <span class='ocrx_word' id='word_1_389' title='bbox 1335 2087 1450 2119; x_wconf 86' lang='lat' dir='ltr'>Cicero</span> <span class='ocrx_word' id='word_1_390' title='bbox 1479 2096 1537 2118; x_wconf 92' lang='lat' dir='ltr'>suo</span> <span class='ocrx_word' id='word_1_391' title='bbox 1567 2096 1658 2118; x_wconf 89' lang='lat' dir='ltr'>more</span> <span class='ocrx_word' id='word_1_392' title='bbox 1691 2087 1810 2120; x_wconf 82' lang='lat' dir='ltr'>Latine</span> 
     </span>
     <span class='ocr_line' id='line_1_49' title="bbox 949 2138 1600 2182; baseline -0.005 -10"><span class='ocrx_word' id='word_1_393' title='bbox 949 2141 1110 2182; x_wconf 86' lang='lat' dir='ltr'>expressit</span> <span class='ocrx_word' id='word_1_394' title='bbox 1131 2141 1166 2172; x_wconf 89' lang='lat' dir='ltr'>in</span> <span class='ocrx_word' id='word_1_395' title='bbox 1189 2141 1207 2172; x_wconf 94' lang='grc' dir='ltr'>Ι</span> <span class='ocrx_word' id='word_1_396' title='bbox 1229 2141 1270 2172; x_wconf 83' lang='grc'>(16</span> <span class='ocrx_word' id='word_1_397' title='bbox 1292 2139 1394 2180; x_wconf 87' lang='lat' dir='ltr'>Repb.</span> <span class='ocrx_word' id='word_1_398' title='bbox 1419 2148 1446 2170; x_wconf 91' lang='lat' dir='ltr'>c.</span> <span class='ocrx_word' id='word_1_399' title='bbox 1469 2138 1509 2170; x_wconf 84' lang='lat'>43</span> <span class='ocrx_word' id='word_1_400' title='bbox 1532 2148 1600 2180; x_wconf 88' lang='lat' dir='ltr'>seq.</span> 
     </span>
    </p>

    <p class='ocr_par' dir='ltr' id='par_1_22' title="bbox 948 2191 1809 2396">
     <span class='ocr_line' id='line_1_50' title="bbox 991 2191 1809 2233; baseline 0 -9"><span class='ocrx_word' id='word_1_401' title='bbox 991 2193 1052 2224; x_wconf 64' lang='lat' dir='ltr'>Sea·</span> <span class='ocrx_word' id='word_1_402' title='bbox 1073 2195 1184 2233; x_wconf 74' lang='lat' dir='ltr'>septem</span> <span class='ocrx_word' id='word_1_403' title='bbox 1209 2192 1317 2223; x_wconf 77' lang='lat' dir='ltr'>diebus</span> <span class='ocrx_word' id='word_1_404' title='bbox 1339 2201 1372 2223; x_wconf 80' lang='lat' dir='ltr'>o:</span> <span class='ocrx_word' id='word_1_405' title='bbox 1397 2191 1484 2222; x_wconf 82' lang='lat' dir='ltr'>intra</span> <span class='ocrx_word' id='word_1_406' title='bbox 1507 2201 1629 2232; x_wconf 75' lang='lat' dir='ltr'>paucos</span> <span class='ocrx_word' id='word_1_407' title='bbox 1644 2192 1724 2224; x_wconf 86' lang='lat' dir='ltr'>dies.</span> <span class='ocrx_word' id='word_1_408' title='bbox 1747 2192 1809 2224; x_wconf 81' lang='lat' dir='ltr'>Lo-</span> 
     </span>
     <span class='ocr_line' id='line_1_51' title="bbox 948 2247 1809 2289; baseline 0 -9"><span class='ocrx_word' id='word_1_409' title='bbox 948 2249 1037 2280; x_wconf 87' lang='lat' dir='ltr'>cutio</span> <span class='ocrx_word' id='word_1_410' title='bbox 1066 2254 1136 2280; x_wconf 84' lang='lat' dir='ltr'>erat</span> <span class='ocrx_word' id='word_1_411' title='bbox 1164 2247 1388 2289; x_wconf 83' lang='lat' dir='ltr'>proverbialis,</span> <span class='ocrx_word' id='word_1_412' title='bbox 1419 2256 1502 2287; x_wconf 87' lang='lat' dir='ltr'>quae</span> <span class='ocrx_word' id='word_1_413' title='bbox 1536 2247 1659 2288; x_wconf 84' lang='lat' dir='ltr'>legitur</span> <span class='ocrx_word' id='word_1_414' title='bbox 1679 2257 1809 2289; x_wconf 85' lang='lat' dir='ltr'>quoque</span> 
     </span>
     <span class='ocr_line' id='line_1_52' title="bbox 949 2301 1807 2344; baseline 0.001 -11"><span class='ocrx_word' id='word_1_415' title='bbox 949 2303 1036 2344; x_wconf 86' lang='lat' dir='ltr'>apud</span> <span class='ocrx_word' id='word_1_416' title='bbox 1057 2303 1132 2334; x_wconf 85' lang='lat' dir='ltr'>Ter.</span> <span class='ocrx_word' id='word_1_417' title='bbox 1157 2302 1240 2333; x_wconf 86' lang='lat' dir='ltr'>Eun.</span> <span class='ocrx_word' id='word_1_418' title='bbox 1263 2302 1309 2333; x_wconf 91' lang='lat'>11.</span> <span class='ocrx_word' id='word_1_419' title='bbox 1332 2303 1361 2339; x_wconf 86' lang='lat'>3,</span> <span class='ocrx_word' id='word_1_420' title='bbox 1385 2302 1436 2332; x_wconf 83' lang='lat'>41.</span> <span class='ocrx_word' id='word_1_421' title='bbox 1454 2301 1647 2333; x_wconf 87' lang='lat' dir='ltr'>Lucretium</span> <span class='ocrx_word' id='word_1_422' title='bbox 1662 2303 1723 2334; x_wconf 92' lang='lat' dir='ltr'>IV.</span> <span class='ocrx_word' id='word_1_423' title='bbox 1737 2302 1807 2335; x_wconf 74' lang='lat'>579.</span> 
     </span>
     <span class='ocr_line' id='line_1_53' title="bbox 948 2354 1589 2396; baseline -0.003 -9"><span class='ocrx_word' id='word_1_424' title='bbox 948 2356 989 2387; x_wconf 86' lang='lat' dir='ltr'>cf.</span> <span class='ocrx_word' id='word_1_425' title='bbox 1011 2356 1164 2387; x_wconf 85' lang='lat' dir='ltr'>Lambin.</span> <span class='ocrx_word' id='word_1_426' title='bbox 1189 2356 1229 2386; x_wconf 84' lang='lat' dir='ltr'>ad</span> <span class='ocrx_word' id='word_1_427' title='bbox 1250 2355 1334 2386; x_wconf 87' lang='lat' dir='ltr'>Hor.</span> <span class='ocrx_word' id='word_1_428' title='bbox 1355 2355 1415 2396; x_wconf 88' lang='lat' dir='ltr'>Ep.</span> <span class='ocrx_word' id='word_1_429' title='bbox 1438 2354 1466 2386; x_wconf 93' lang='lat' dir='ltr'>I.</span> <span class='ocrx_word' id='word_1_430' title='bbox 1489 2354 1517 2392; x_wconf 89' lang='lat'>1,</span> <span class='ocrx_word' id='word_1_431' title='bbox 1541 2355 1589 2386; x_wconf 86' lang='lat'>58.</span> 
     </span>
    </p>

    <p class='ocr_par' dir='ltr' id='par_1_23' title="bbox 991 2407 1806 2449">
     <span class='ocr_line' id='line_1_54' title="bbox 991 2407 1806 2449; baseline 0 -10"><span class='ocrx_word' id='word_1_432' title='bbox 991 2408 1247 2440; x_wconf 75' lang='lat' dir='ltr'>Mansuetudinis</span> <span class='ocrx_word' id='word_1_433' title='bbox 1276 2426 1316 2431; x_wconf 85' lang='lat'>—</span> <span class='ocrx_word' id='word_1_434' title='bbox 1337 2407 1472 2439; x_wconf 81' lang='lat' dir='ltr'>aerario.</span> <span class='ocrx_word' id='word_1_435' title='bbox 1502 2407 1543 2439; x_wconf 83' lang='lat' dir='ltr'>cf.</span> <span class='ocrx_word' id='word_1_436' title='bbox 1565 2417 1615 2449; x_wconf 87' lang='lat' dir='ltr'>ep.</span> <span class='ocrx_word' id='word_1_437' title='bbox 1637 2410 1666 2446; x_wconf 84' lang='lat'>4,</span> <span class='ocrx_word' id='word_1_438' title='bbox 1690 2409 1708 2440; x_wconf 90' lang='lat'>8</span> <span class='ocrx_word' id='word_1_439' title='bbox 1731 2409 1763 2440; x_wconf 89' lang='grc'>11.</span> <span class='ocrx_word' id='word_1_440' title='bbox 1787 2410 1806 2439; x_wconf 96' lang='lat' dir='ltr'>l.</span> 
     </span>
    </p>

    <p class='ocr_par' dir='ltr' id='par_1_24' title="bbox 947 2461 1808 2601">
     <span class='ocr_line' id='line_1_55' title="bbox 991 2461 1807 2504; baseline -0.002 -8"><span class='ocrx_word' id='word_1_441' title='bbox 991 2464 1008 2504; x_wconf 69' lang='grc' dir='ltr'>ξ</span> <span class='ocrx_word' id='word_1_442' title='bbox 1032 2463 1060 2496; x_wconf 82' lang='lat'>7.</span> <span class='ocrx_word' id='word_1_443' title='bbox 1083 2462 1298 2503; x_wconf 80' lang='lat' dir='ltr'>Sardanapali</span> <span class='ocrx_word' id='word_1_444' title='bbox 1321 2461 1414 2492; x_wconf 80' lang='lat' dir='ltr'>vicem</span> <span class='ocrx_word' id='word_1_445' title='bbox 1438 2472 1471 2493; x_wconf 79' lang='lat' dir='ltr'>o:</span> <span class='ocrx_word' id='word_1_446' title='bbox 1496 2466 1531 2493; x_wconf 86' lang='lat' dir='ltr'>ut</span> <span class='ocrx_word' id='word_1_447' title='bbox 1558 2461 1807 2504; x_wconf 78' lang='lat' dir='ltr'>Sardanapalus.</span> 
     </span>
     <span class='ocr_line' id='line_1_56' title="bbox 947 2514 1808 2556; baseline -0.001 -9"><span class='ocrx_word' id='word_1_448' title='bbox 947 2515 1098 2556; x_wconf 84' lang='lat' dir='ltr'>Sequens</span> <span class='ocrx_word' id='word_1_449' title='bbox 1126 2519 1213 2546; x_wconf 82' lang='lat' dir='ltr'>aetas</span> <span class='ocrx_word' id='word_1_450' title='bbox 1242 2514 1308 2545; x_wconf 82' lang='lat' dir='ltr'>vice</span> <span class='ocrx_word' id='word_1_451' title='bbox 1337 2519 1370 2546; x_wconf 89' lang='lat' dir='ltr'>et</span> <span class='ocrx_word' id='word_1_452' title='bbox 1400 2514 1445 2544; x_wconf 78' lang='lat' dir='ltr'>acl</span> <span class='ocrx_word' id='word_1_453' title='bbox 1474 2514 1567 2545; x_wconf 76' lang='lat' dir='ltr'>vicem</span> <span class='ocrx_word' id='word_1_454' title='bbox 1596 2515 1690 2552; x_wconf 76' lang='lat' dir='ltr'>dixit,</span> <span class='ocrx_word' id='word_1_455' title='bbox 1720 2516 1808 2556; x_wconf 87' lang='lat' dir='ltr'>quod</span> 
     </span>
     <span class='ocr_line' id='line_1_57' title="bbox 949 2569 1702 2601; baseline -0.001 -1"><span class='ocrx_word' id='word_1_456' title='bbox 949 2575 1058 2601; x_wconf 84' lang='lat' dir='ltr'>tamen</span> <span class='ocrx_word' id='word_1_457' title='bbox 1082 2580 1150 2600; x_wconf 87' lang='lat' dir='ltr'>uon</span> <span class='ocrx_word' id='word_1_458' title='bbox 1172 2574 1221 2600; x_wconf 84' lang='lat' dir='ltr'>est</span> <span class='ocrx_word' id='word_1_459' title='bbox 1243 2569 1491 2600; x_wconf 84' lang='lat' dir='ltr'>consuetudinis</span> <span class='ocrx_word' id='word_1_460' title='bbox 1516 2569 1702 2600; x_wconf 83' lang='lat' dir='ltr'>Tullianae.</span> 
     </span>
    </p>

    <p class='ocr_par' dir='ltr' id='par_1_25' title="bbox 948 2622 1807 2932">
     <span class='ocr_line' id='line_1_58' title="bbox 991 2622 1807 2664; baseline 0 -12"><span class='ocrx_word' id='word_1_461' title='bbox 991 2622 1050 2664; x_wconf 86' lang='lat' dir='ltr'>[In</span> <span class='ocrx_word' id='word_1_462' title='bbox 1071 2633 1128 2654; x_wconf 74' lang='lat' dir='ltr'>suo</span> <span class='ocrx_word' id='word_1_463' title='bbox 1149 2622 1294 2663; x_wconf 67' lang='lat' dir='ltr'>lectulo]</span> <span class='ocrx_word' id='word_1_464' title='bbox 1319 2623 1431 2660; x_wconf 78' lang='lat' dir='ltr'>Quum</span> <span class='ocrx_word' id='word_1_465' title='bbox 1463 2623 1497 2653; x_wconf 90' lang='lat' dir='ltr'>in</span> <span class='ocrx_word' id='word_1_466' title='bbox 1521 2622 1650 2653; x_wconf 84' lang='lat' dir='ltr'>Ctesiae</span> <span class='ocrx_word' id='word_1_467' title='bbox 1675 2623 1807 2653; x_wconf 84' lang='lat' dir='ltr'>narrati-</span> 
     </span>
     <span class='ocr_line' id='line_1_59' title="bbox 950 2670 1806 2715; baseline 0 -10"><span class='ocrx_word' id='word_1_468' title='bbox 950 2684 1014 2706; x_wconf 88' lang='lat' dir='ltr'>one</span> <span class='ocrx_word' id='word_1_469' title='bbox 1047 2675 1088 2705; x_wconf 88' lang='lat' dir='ltr'>de</span> <span class='ocrx_word' id='word_1_470' title='bbox 1124 2674 1259 2706; x_wconf 78' lang='lat' dir='ltr'>interitu</span> <span class='ocrx_word' id='word_1_471' title='bbox 1297 2673 1513 2715; x_wconf 81' lang='lat' dir='ltr'>Sardanapali</span> <span class='ocrx_word' id='word_1_472' title='bbox 1549 2679 1581 2705; x_wconf 88' lang='lat' dir='ltr'>et</span> <span class='ocrx_word' id='word_1_473' title='bbox 1619 2670 1739 2705; x_wconf 82' lang='grc' dir='ltr'>κλίνων</span> <span class='ocrx_word' id='word_1_474' title='bbox 1776 2680 1806 2705; x_wconf 87' lang='lat' dir='ltr'>et</span> 
     </span>
     <span class='ocr_line' id='line_1_60' title="bbox 950 2726 1806 2774; baseline -0.001 -13"><span class='ocrx_word' id='word_1_475' title='bbox 950 2726 1136 2774; x_wconf 69' lang='grc' dir='ltr'><strong>οἰκήματος</strong></span> <span class='ocrx_word' id='word_1_476' title='bbox 1168 2737 1250 2769; x_wconf 86' lang='lat' dir='ltr'>rogo</span> <span class='ocrx_word' id='word_1_477' title='bbox 1280 2728 1424 2768; x_wconf 83' lang='lat' dir='ltr'>impositi</span> <span class='ocrx_word' id='word_1_478' title='bbox 1454 2729 1659 2760; x_wconf 87' lang='lat' dir='ltr'>mentionem</span> <span class='ocrx_word' id='word_1_479' title='bbox 1689 2728 1806 2760; x_wconf 85' lang='lat' dir='ltr'>factam</span> 
     </span>
     <span class='ocr_line' id='line_1_61' title="bbox 949 2783 1803 2822; baseline -0.001 -8"><span class='ocrx_word' id='word_1_480' title='bbox 949 2785 1114 2822; x_wconf 84' lang='lat' dir='ltr'>vidissem,</span> <span class='ocrx_word' id='word_1_481' title='bbox 1137 2783 1285 2815; x_wconf 79' lang='lat' dir='ltr'>dubitavi</span> <span class='ocrx_word' id='word_1_482' title='bbox 1309 2788 1422 2814; x_wconf 85' lang='lat' dir='ltr'>utrum</span> <span class='ocrx_word' id='word_1_483' title='bbox 1445 2783 1654 2815; x_wconf 86' lang='lat' dir='ltr'>scribendum</span> <span class='ocrx_word' id='word_1_484' title='bbox 1676 2789 1760 2815; x_wconf 85' lang='lat' dir='ltr'>esset</span> <span class='ocrx_word' id='word_1_485' title='bbox 1772 2783 1803 2813; x_wconf 74' lang='lat' dir='ltr'>in</span> 
     </span>
     <span class='ocr_line' id='line_1_62' title="bbox 948 2837 1804 2876; baseline -0.001 -7"><span class='ocrx_word' id='word_1_486' title='bbox 948 2837 1097 2876; x_wconf 77' lang='lat' dir='ltr'>cubiculo,</span> <span class='ocrx_word' id='word_1_487' title='bbox 1120 2848 1162 2868; x_wconf 87' lang='lat' dir='ltr'>an</span> <span class='ocrx_word' id='word_1_488' title='bbox 1185 2837 1395 2868; x_wconf 83' lang='lat' dir='ltr'>statuendum</span> <span class='ocrx_word' id='word_1_489' title='bbox 1418 2841 1493 2868; x_wconf 88' lang='lat' dir='ltr'>ante</span> <span class='ocrx_word' id='word_1_490' title='bbox 1521 2847 1552 2868; x_wconf 85' lang='lat' dir='ltr'>v.</span> <span class='ocrx_word' id='word_1_491' title='bbox 1576 2837 1654 2868; x_wconf 86' lang='lat' dir='ltr'>mori</span> <span class='ocrx_word' id='word_1_492' title='bbox 1676 2837 1804 2868; x_wconf 89' lang='lat' dir='ltr'>interci-</span> 
     </span>
     <span class='ocr_line' id='line_1_63' title="bbox 948 2891 1803 2932; baseline 0 -10"><span class='ocrx_word' id='word_1_493' title='bbox 948 2891 1034 2923; x_wconf 87' lang='lat' dir='ltr'>disse</span> <span class='ocrx_word' id='word_1_494' title='bbox 1056 2891 1182 2922; x_wconf 73' lang='lat' dir='ltr'>mortui.</span> <span class='ocrx_word' id='word_1_495' title='bbox 1213 2891 1311 2922; x_wconf 87' lang='lat' dir='ltr'>Nunc</span> <span class='ocrx_word' id='word_1_496' title='bbox 1335 2891 1440 2931; x_wconf 82' lang='lat' dir='ltr'>magis</span> <span class='ocrx_word' id='word_1_497' title='bbox 1462 2891 1567 2932; x_wconf 88' lang='lat' dir='ltr'>placet</span> <span class='ocrx_word' id='word_1_498' title='bbox 1590 2891 1702 2931; x_wconf 87' lang='lat' dir='ltr'>opinio</span> <span class='ocrx_word' id='word_1_499' title='bbox 1724 2891 1803 2931; x_wconf 89' lang='lat' dir='ltr'>Nip-</span> 
     </span>
    </p>
   </div>
   <div class='ocr_carea' id='block_1_22' title="bbox 0 2964 22 3017">
    <p class='ocr_par' dir='ltr' id='par_1_26' title="bbox 0 2964 22 3017">
     <span class='ocr_line' id='line_1_64' title="bbox 0 2964 22 2985; baseline 0 -3"><span class='ocrx_word' id='word_1_500' title='bbox 0 2964 22 2985; x_wconf 67' lang='lat' dir='ltr'>l&#39;«</span> 
     </span>
     <span class='ocr_line' id='line_1_65' title="bbox 1 2987 19 2998; baseline 0 0"><span class='ocrx_word' id='word_1_501' title='bbox 1 2987 19 2998; x_wconf 48' lang='grc' dir='ltr'><strong>Α</strong></span> 
     </span>
     <span class='ocr_line' id='line_1_66' title="bbox 0 3002 17 3017; baseline 0 0"><span class='ocrx_word' id='word_1_502' title='bbox 0 3002 17 3017; x_wconf 56' lang='grc' dir='ltr'>Φ</span> 
     </span>
    </p>
   </div>
   <div class='ocr_carea' id='block_1_23' title="bbox 0 3093 23 3162">
    <p class='ocr_par' dir='ltr' id='par_1_27' title="bbox 0 3093 23 3162">
     <span class='ocr_line' id='line_1_67' title="bbox 0 3093 23 3162; baseline 0 -3"><span class='ocrx_word' id='word_1_503' title='bbox 0 3093 23 3162; x_wconf 63' lang='lat' dir='ltr'>&#39;i</span> 
     </span>
    </p>
   </div>
   <div class='ocr_carea' id='block_1_24' title="bbox 0 3168 22 3565">
    <p class='ocr_par' dir='ltr' id='par_1_28' title="bbox 0 3168 22 3565">
     <span class='ocr_line' id='line_1_68' title="bbox 0 3168 18 3250; baseline 0 -4"><span class='ocrx_word' id='word_1_504' title='bbox 0 3168 18 3250; x_wconf 67' lang='grc' dir='ltr'>ἓ,</span> 
     </span>
     <span class='ocr_line' id='line_1_69' title="bbox 0 3249 22 3319; baseline 0 -8"><span class='ocrx_word' id='word_1_505' title='bbox 0 3249 22 3319; x_wconf 70' lang='grc'>1</span> 
     </span>
     <span class='ocr_line' id='line_1_70' title="bbox 0 3338 17 3363; baseline 0.059 -1"><span class='ocrx_word' id='word_1_506' title='bbox 0 3338 17 3363; x_wconf 61' lang='lat' dir='ltr'>fl?</span> 
     </span>
     <span class='ocr_line' id='line_1_71' title="bbox 0 3497 21 3565; baseline 0 0"><span class='ocrx_word' id='word_1_507' title='bbox 0 3497 21 3565; x_wconf 66' lang='grc'>1</span> 
     </span>
    </p>
   </div>
   <div class='ocr_carea' id='block_1_25' title="bbox 0 1670 31 2963">
    <p class='ocr_par' dir='ltr' id='par_1_29' title="bbox 0 1670 31 2963">
     <span class='ocr_line' id='line_1_72' title="bbox 0 1670 31 2963; baseline 0 0"><span class='ocrx_word' id='word_1_508' title='bbox 0 1670 31 2963; x_wconf 95' lang='lat' dir='ltr'> </span> 
     </span>
    </p>
   </div>
   <div class='ocr_carea' id='block_1_26' title="bbox 0 2941 900 3099">
    <p class='ocr_par' dir='ltr' id='par_1_30' title="bbox 0 2941 900 3091">
     <span class='ocr_line' id='line_1_73' title="bbox 19 2941 899 2987; baseline 0.006 -13"><span class='ocrx_word' id='word_1_509' title='bbox 19 2943 24 2964; x_wconf 69' lang='grc'>·”</span> <span class='ocrx_word' id='word_1_510' title='bbox 45 2941 145 2974; x_wconf 80' lang='lat' dir='ltr'>tionis</span> <span class='ocrx_word' id='word_1_511' title='bbox 166 2943 430 2976; x_wconf 82' lang='lat' dir='ltr'>Drakenborchii</span> <span class='ocrx_word' id='word_1_512' title='bbox 451 2945 564 2977; x_wconf 85' lang='lat' dir='ltr'>videre</span> <span class='ocrx_word' id='word_1_513' title='bbox 586 2945 673 2983; x_wconf 88' lang='lat' dir='ltr'>lieet,</span> <span class='ocrx_word' id='word_1_514' title='bbox 692 2956 793 2987; x_wconf 85' lang='lat' dir='ltr'>quam</span> <span class='ocrx_word' id='word_1_515' title='bbox 806 2947 899 2979; x_wconf 84' lang='lat' dir='ltr'>foede</span> 
     </span>
     <span class='ocr_line' id='line_1_74' title="bbox 15 2993 900 3041; baseline 0.003 -13"><span class='ocrx_word' id='word_1_516' title='bbox 15 3023 17 3028; x_wconf 90' lang='lat'>.</span> <span class='ocrx_word' id='word_1_517' title='bbox 45 2993 80 3026; x_wconf 87' lang='lat' dir='ltr'>in</span> <span class='ocrx_word' id='word_1_518' title='bbox 101 2995 164 3027; x_wconf 86' lang='lat' dir='ltr'>hoc</span> <span class='ocrx_word' id='word_1_519' title='bbox 186 2997 320 3028; x_wconf 88' lang='lat' dir='ltr'>nomine</span> <span class='ocrx_word' id='word_1_520' title='bbox 348 3003 494 3029; x_wconf 77' lang='lat' dir='ltr'>erratum</span> <span class='ocrx_word' id='word_1_521' title='bbox 526 2997 568 3029; x_wconf 88' lang='lat' dir='ltr'>sit</span> <span class='ocrx_word' id='word_1_522' title='bbox 607 2998 683 3030; x_wconf 89' lang='lat' dir='ltr'>Non</span> <span class='ocrx_word' id='word_1_523' title='bbox 707 2999 820 3037; x_wconf 84' lang='lat' dir='ltr'>defuit,</span> <span class='ocrx_word' id='word_1_524' title='bbox 843 3000 900 3041; x_wconf 90' lang='lat' dir='ltr'>qui</span> 
     </span>
     <span class='ocr_line' id='line_1_75' title="bbox 0 3047 900 3099; baseline 0.003 -17"><span class='ocrx_word' id='word_1_525' title='bbox 0 3048 22 3099; x_wconf 47' lang='lat' dir='ltr'>:j</span> <span class='ocrx_word' id='word_1_526' title='bbox 45 3047 189 3090; x_wconf 76' lang='lat' dir='ltr'>ineptam</span> <span class='ocrx_word' id='word_1_527' title='bbox 211 3050 404 3091; x_wconf 85' lang='lat' dir='ltr'>scripturam</span> <span class='ocrx_word' id='word_1_528' title='bbox 425 3051 464 3081; x_wconf 85' lang='lat' dir='ltr'>ab</span> <span class='ocrx_word' id='word_1_529' title='bbox 487 3051 595 3083; x_wconf 79' lang='lat' dir='ltr'>Attico</span> <span class='ocrx_word' id='word_1_530' title='bbox 611 3052 644 3083; x_wconf 90' lang='lat' dir='ltr'>h.</span> <span class='ocrx_word' id='word_1_531' title='bbox 663 3052 686 3084; x_wconf 92' lang='lat'>1.</span> <span class='ocrx_word' id='word_1_532' title='bbox 699 3053 900 3091; x_wconf 86' lang='lat' dir='ltr'>defenderet,</span> 
     </span>
    </p>
   </div>
   <div class='ocr_carea' id='block_1_27' title="bbox 923 2432 927 2967">
    <p class='ocr_par' dir='ltr' id='par_1_31' title="bbox 923 2432 927 2967">
     <span class='ocr_line' id='line_1_76' title="bbox 923 2432 927 2967; baseline 0 0"><span class='ocrx_word' id='word_1_533' title='bbox 923 2432 927 2967; x_wconf 95' lang='lat' dir='ltr'> </span> 
     </span>
    </p>
   </div>
   <div class='ocr_carea' id='block_1_28' title="bbox 947 2945 1805 3203">
    <p class='ocr_par' dir='ltr' id='par_1_32' title="bbox 947 2945 1805 3203">
     <span class='ocr_line' id='line_1_77' title="bbox 948 2945 1805 2988; baseline -0.002 -10"><span class='ocrx_word' id='word_1_534' title='bbox 948 2947 1082 2988; x_wconf 85' lang='lat' dir='ltr'>perdeii,</span> <span class='ocrx_word' id='word_1_535' title='bbox 1103 2947 1164 2978; x_wconf 77' lang='lat' dir='ltr'>illa</span> <span class='ocrx_word' id='word_1_536' title='bbox 1185 2947 1285 2978; x_wconf 84' lang='lat' dir='ltr'>verba</span> <span class='ocrx_word' id='word_1_537' title='bbox 1310 2947 1351 2977; x_wconf 84' lang='lat' dir='ltr'>ad</span> <span class='ocrx_word' id='word_1_538' title='bbox 1373 2947 1571 2987; x_wconf 86' lang='lat' dir='ltr'>explicanda</span> <span class='ocrx_word' id='word_1_539' title='bbox 1591 2945 1805 2986; x_wconf 79' lang='lat' dir='ltr'>Sardanapali</span> 
     </span>
     <span class='ocr_line' id='line_1_78' title="bbox 948 2999 1804 3040; baseline -0.001 -9"><span class='ocrx_word' id='word_1_540' title='bbox 948 3000 1042 3031; x_wconf 77' lang='lat' dir='ltr'>vicem</span> <span class='ocrx_word' id='word_1_541' title='bbox 1077 3001 1111 3031; x_wconf 92' lang='lat' dir='ltr'>in</span> <span class='ocrx_word' id='word_1_542' title='bbox 1141 3000 1291 3040; x_wconf 84' lang='lat' dir='ltr'>margine</span> <span class='ocrx_word' id='word_1_543' title='bbox 1327 3000 1487 3040; x_wconf 76' lang='lat' dir='ltr'>adscripta</span> <span class='ocrx_word' id='word_1_544' title='bbox 1522 2999 1630 3036; x_wconf 86' lang='lat' dir='ltr'>fuisse,</span> <span class='ocrx_word' id='word_1_545' title='bbox 1669 2999 1804 3030; x_wconf 81' lang='lat' dir='ltr'>fortasse</span> 
     </span>
     <span class='ocr_line' id='line_1_79' title="bbox 948 3051 1804 3094; baseline -0.002 -10"><span class='ocrx_word' id='word_1_546' title='bbox 948 3053 1121 3094; x_wconf 79' lang='lat' dir='ltr'>desumpta</span> <span class='ocrx_word' id='word_1_547' title='bbox 1132 3063 1173 3084; x_wconf 83' lang='lat' dir='ltr'>ex</span> <span class='ocrx_word' id='word_1_548' title='bbox 1191 3062 1240 3093; x_wconf 87' lang='lat' dir='ltr'>ep.</span> <span class='ocrx_word' id='word_1_549' title='bbox 1258 3053 1307 3090; x_wconf 89' lang='lat'>14,</span> <span class='ocrx_word' id='word_1_550' title='bbox 1324 3054 1342 3083; x_wconf 88' lang='lat'>3</span> <span class='ocrx_word' id='word_1_551' title='bbox 1357 3053 1388 3084; x_wconf 93' lang='lat' dir='ltr'>h.</span> <span class='ocrx_word' id='word_1_552' title='bbox 1403 3053 1425 3083; x_wconf 90' lang='lat'>1.</span> <span class='ocrx_word' id='word_1_553' title='bbox 1442 3052 1519 3083; x_wconf 87' lang='lat' dir='ltr'>Vid.</span> <span class='ocrx_word' id='word_1_554' title='bbox 1536 3052 1657 3083; x_wconf 88' lang='lat' dir='ltr'>Philol.</span> <span class='ocrx_word' id='word_1_555' title='bbox 1671 3051 1804 3083; x_wconf 76' lang='lat' dir='ltr'>Schnei-</span> 
     </span>
     <span class='ocr_line' id='line_1_80' title="bbox 947 3105 1664 3147; baseline -0.003 -9"><span class='ocrx_word' id='word_1_556' title='bbox 947 3107 1069 3138; x_wconf 82' lang='lat' dir='ltr'>dewini</span> <span class='ocrx_word' id='word_1_557' title='bbox 1093 3106 1158 3137; x_wconf 94' lang='grc' dir='ltr'><strong>ΙΙΙ.</strong></span> <span class='ocrx_word' id='word_1_558' title='bbox 1180 3116 1210 3147; x_wconf 90' lang='lat' dir='ltr'>p.</span> <span class='ocrx_word' id='word_1_559' title='bbox 1234 3106 1295 3137; x_wconf 81' lang='lat'>148</span> <span class='ocrx_word' id='word_1_560' title='bbox 1317 3115 1365 3146; x_wconf 89' lang='lat' dir='ltr'>sq.</span> <span class='ocrx_word' id='word_1_561' title='bbox 1387 3106 1514 3137; x_wconf 84' lang='lat' dir='ltr'>Idcirco</span> <span class='ocrx_word' id='word_1_562' title='bbox 1538 3105 1664 3136; x_wconf 82' lang='lat' dir='ltr'>seclusi.</span> 
     </span>
     <span class='ocr_line' id='line_1_81' title="bbox 993 3153 1802 3203; baseline 0.002 -15"><span class='ocrx_word' id='word_1_563' title='bbox 993 3156 1195 3199; x_wconf 74' lang='lat' dir='ltr'>Thucydides.</span> <span class='ocrx_word' id='word_1_564' title='bbox 1210 3157 1237 3188; x_wconf 91' lang='grc' dir='ltr'>Ι.</span> <span class='ocrx_word' id='word_1_565' title='bbox 1255 3157 1324 3194; x_wconf 80' lang='grc'><strong>138,</strong></span> <span class='ocrx_word' id='word_1_566' title='bbox 1339 3157 1395 3189; x_wconf 77' lang='lat' dir='ltr'>ubi</span> <span class='ocrx_word' id='word_1_567' title='bbox 1408 3167 1465 3198; x_wconf 80' lang='lat' dir='ltr'>pro</span> <span class='ocrx_word' id='word_1_568' title='bbox 1478 3159 1541 3189; x_wconf 73' lang='grc' dir='ltr'>τῶν</span> <span class='ocrx_word' id='word_1_569' title='bbox 1557 3153 1615 3202; x_wconf 84' lang='grc' dir='ltr'>μὲν</span> <span class='ocrx_word' id='word_1_570' title='bbox 1631 3154 1802 3203; x_wconf 78' lang='grc' dir='ltr'>παρόντων</span> 
     </span>
    </p>
   </div>
   <div class='ocr_carea' id='block_1_29' title="bbox 45 3101 925 3202">
    <p class='ocr_par' dir='ltr' id='par_1_33' title="bbox 45 3101 925 3202">
     <span class='ocr_line' id='line_1_82' title="bbox 45 3101 552 3146; baseline 0.002 -12"><span class='ocrx_word' id='word_1_571' title='bbox 45 3101 268 3135; x_wconf 80' lang='lat' dir='ltr'>Tunstallus</span> <span class='ocrx_word' id='word_1_572' title='bbox 264 3113 313 3146; x_wconf 83' lang='lat' dir='ltr'>ep.</span> <span class='ocrx_word' id='word_1_573' title='bbox 337 3104 423 3136; x_wconf 82' lang='lat' dir='ltr'>laud</span> <span class='ocrx_word' id='word_1_574' title='bbox 447 3115 478 3146; x_wconf 92' lang='lat' dir='ltr'>p.</span> <span class='ocrx_word' id='word_1_575' title='bbox 500 3104 552 3135; x_wconf 78' lang='lat'>21.</span> 
     </span>
     <span class='ocr_line' id='line_1_83' title="bbox 88 3157 925 3202; baseline 0.005 -14"><span class='ocrx_word' id='word_1_576' title='bbox 88 3157 164 3200; x_wconf 68' lang='lat' dir='ltr'>Illa}</span> <span class='ocrx_word' id='word_1_577' title='bbox 190 3158 336 3191; x_wconf 73' lang='lat' dir='ltr'>Platonis</span> <span class='ocrx_word' id='word_1_578' title='bbox 364 3158 402 3190; x_wconf 83' lang='lat' dir='ltr'>de</span> <span class='ocrx_word' id='word_1_579' title='bbox 424 3160 582 3201; x_wconf 72' lang='lat' dir='ltr'>tyrannis.</span> <span class='ocrx_word' id='word_1_580' title='bbox 615 3159 761 3202; x_wconf 83' lang='lat' dir='ltr'>Respicit</span> <span class='ocrx_word' id='word_1_581' title='bbox 794 3161 901 3192; x_wconf 89' lang='lat' dir='ltr'>locum</span> <span class='ocrx_word' id='word_1_582' title='bbox 924 3199 925 3202; x_wconf 11' lang='grc' dir='ltr'><strong>Ἴ</strong></span> 
     </span>
    </p>
   </div>
  </div>
 </body>
</html>
