2062 3565
150 149 236 188 21³3

554 151 637 192 ΕΡ.
673 150 748 191 ΑΒ
782 151 827 191 Τ.
863 149 1213 192 POMPONIUM
1247 152 1510 194 ATTICUM.

146 280 349 342 εὔλογον
392 285 505 325 fratri
547 283 684 325 fuisse.
731 285 826 325 Fuit
871 285 978 325 enim
1019 285 1068 326 ad
1112 285 1367 327 Corinthum.
1413 287 1513 329 Misi
1544 287 1622 330 tibi
1653 289 1915 343 Torquatum.

147 357 381 411 Colloquere
413 363 460 398 tu
493 356 655 412 quidem
690 373 779 399 cum
815 358 927 408 Silio,
962 364 1008 399 ut

1042 358 1196 410 scribis,
1231 365 1271 400 et
1302 375 1414 416 urge.
1449 361 1566 403 Elam
1600 361 1706 403 diem
1739 360 1914 417 negabat

148 446 231 472 esse
275 446 410 472 mense
456 431 579 482 Maio,
625 432 743 473 istam
786 447 867 474 non
912 431 1099 487 negabat.
1151 432 1227 474 Sed
1260 438 1321 484 tu,
1356 438 1402 475 ut
1435 434 1582 485 omnia,
1617 435 1722 476 istuc
1755 449 1914 489 quoque

148 519 240 559 ages
273 505 500 560 diligenter.
536 505 595 546 De
629 506 769 561 Crispo
810 510 850 547 et
873 506 1049 547 Mustela
1074 506 1241 554 scilicet,
1267 522 1390 562 quum
1415 507 1512 563 quid
1535 509 1676 563 egeris.
1697 511 1738 550 2.
1761 507 1915 560 Quoni—

111 597 124 620 5
149 593 211 619 am
257 578 306 619 ad
354 579 471 620 Bruti
515 579 733 621 adventum
766 581 847 621 fore
880 586 918 620 te
953 579 1163 621 nobiscum
1197 580 1408 636 polliceris,
1445 581 1541 623 satis
1575 587 1647 632 est,
1683 581 1911 638 praesertim

151 666 273 705 quum
307 651 348 693 hi
382 652 457 694 tibi
491 653 576 694 dies
609 653 651 694 in
686 668 830 709 magno
864 658 1000 694 nostro

149 821 215 841 eum
224 811 361 852 leqatum
365 811 475 853 fratri
478 814 858 858 fiisse.Wesenbergius
866 818 1006 849 Emend.

149 875 177 905 p.
204 865 259 896 111
290 866 472 906 suspicatur
500 869 664 901 excidisse
693 872 800 901 erravi
823 872 875 903 vel
900 872 1008 903 simile

148 918 236 958 quid.
276 919 386 959 Magis
421 921 527 961 placet
559 922 816 956 Schiitzianum:
843 924 904 955 Sed
925 925 1008 956 vide-

145 972 222 1003 licet
247 967 387 1016 εὔλογον
413 974 520 1014 fratri
543 976 651 1016 fuisse
684 988 738 1019 up.
768 980 927 1019 legatum.
965 977 1005 1008 cf.

147 1039 195 1071 ep.
219 1030 247 1067 6,
271 1033 301 1061 4.

190 1083 266 1115 ,uisi
287 1084 344 1115 tibi
370 1085 567 1128 Torquatum.
591 1088 656 1118 vid.
679 1090 719 1120 ad
743 1098 793 1131 ep.
818 1090 868 1127 32,
893 1092 922 1120 3.

768 1209 841 1249 VJ.
908 1209 972 1262 (A.

213 1337 249 1376 1.
296 1337 354 1377 De
398 1337 650 1391 aquaeductu
698 1336 818 1393 probe
853 1337 997 1379 fecisti.

1033 654 1194 708 negotio
1228 660 1528 696 consumantur.

1099 818 1194 850 Illam
1217 820 1297 850 diem
1327 838 1361 842 -
1395 820 1486 850 istam
1519 829 1581 850 non
1615 818 1758 860 neyabal.
1793 818 1833 849 cf.
1865 827 1915 859 ep.

1056 875 1084 911 3,
1112 874 1125 904 1
1164 874 1290 913 Agitur
1311 875 1352 905 de
1375 879 1530 915 tempore,
1554 883 1620 915 quo
1643 872 1783 914 emptori
1806 873 1915 904 horto-

1055 938 1129 959 rum
1151 927 1350 959 solvendum
1373 933 1467 958 esset.

1098 981 1136 1012 In
1159 991 1270 1022 maqno
1292 983 1397 1012 nostro
1420 980 1553 1022 amotio,
1577 981 1611 1010 in
1635 980 1783 1011 emendis
1800 979 1913 1016 hortis,

1053 1046 1134 1077 quos
1158 1034 1274 1067 Cicero
1297 1040 1467 1076 tantopere
1489 1033 1669 1074 flagitabat.

1124 1212 1139 1248 ‘.
1180 1209 1297 1262 709.)

1034 1336 1337 1378 Columnarium
1374 1335 1462 1376 vide
1495 1350 1543 1376 116
1579 1335 1735 1376 nulium
1769 1334 1912 1376 debea—

146 1425 247 1451 mus.
281 1411 532 1466 Quamquam
568 1411 667 1452 mihi
701 1410 836 1452 videor
883 1411 1040 1452 audisse
1075 1426 1097 1452 a
1126 1409 1294 1451 Camino
1329 1414 1615 1450 commutatam
1649 1425 1733 1451 esse
1766 1410 1909 1465 legem.

148 1486 188 1523 2.
224 1484 361 1525 Pisoni
395 1485 492 1539 quid
527 1492 587 1526 est
620 1485 727 1539 quod
761 1485 970 1526 honestius
1004 1483 1241 1540 respondere
1276 1483 1474 1539 possimus
1509 1498 1628 1537 quam
1652 1482 1908 1525 solitudinem

107 1567 121 1592 5
145 1556 336 1598 Catonis?
381 1559 467 1598 Nec
512 1557 775 1599 coheredibus
817 1550 947 1599 ⁴solum
991 1558 1276 1608 Herennianis,
1313 1556 1380 1598 sed
1414 1557 1549 1605 etiam,
1588 1562 1629 1597 ut
1663 1557 1739 1598 scis
1774 1583 1830 1587 —
1866 1562 1911 1598 tu

145 1629 248 1670 enim
285 1646 439 1672 mecum
485 1631 601 1686 egisti
650 1656 706 1660 -—
742 1630 890 1685 demet.)
929 1647 1049 1686 puero
1088 1631 1255 1672 Lucullo
1266 1650 1275 1681 ;
1311 1646 1430 1686 quam
1465 1632 1675 1685 pecuniam
1708 1636 1818 1673 tutor
1853 1657 1909 1661 -—

186 1794 203 1823 6
226 1793 264 1824 de
281 1804 381 1834 puero
403 1814 444 1818 —

183 1943 199 1981 §
226 1942 237 1972 1
284 1942 526 1975 Coluumarium.
562 1946 653 1976 Inter
684 1945 858 1985 vectigalia
889 1956 916 1975 a.
941 1945 1000 1976 1⁰6

141 2006 157 2025 a
181 1994 336 2036 Scipione
359 1996 474 2036 Syriae
498 1998 687 2038 provinciae
714 1998 873 2038 imperata
898 1998 999 2028 nomi-

140 2055 261 2079 nantur
285 2058 415 2091 quoque
439 2050 631 2080 columnaria
658 2060 707 2090 ap.
734 2052 826 2081 Caes.
852 2051 892 2081 (16
907 2051 944 2081 Β.
962 2050 998 2081 (2

140 2101 278 2138 111.32,
301 2102 388 2142 quod
411 2112 488 2133 sane
526 2103 667 2143 vectigal
698 2103 731 2133 in
767 2104 915 2143 singulas
949 2113 1000 2133 co-

138 2154 267 2184 lumnas
287 2154 416 2185 aedium
436 2156 647 2195 pendendum
659 2155 757 2186 fuisse
771 2156 910 2186 videtur.
934 2155 1000 2186 Sed

138 2214 225 2237 recte
248 2206 372 2247 Popma
395 2208 435 2237 ad
460 2207 491 2237 h.
509 2208 528 2237 l.
545 2209 679 2248 negavit
700 2209 733 2238 in
749 2210 828 2239 urbe
847 2209 880 2238 111
894 2217 998 2248 genus

139 2263 252 2294 tributi
274 2263 401 2293 civibus
425 2263 525 2295 fuisse
548 2265 750 2304 impositum,
771 2271 929 2305 putatque
943 2265 999 2295 ali-

139 2327 204 2358 quo
227 2318 332 2358 capite
356 2318 439 2357 legis
474 2318 580 2349 Iuliae
609 2319 832 2359 sumptuariae
863 2326 997 2350 cautum

137 2370 247 2407 fuisse,
274 2380 314 2401 ne
337 2371 410 2410 quis
434 2371 466 2401 in
491 2371 626 2402 aedibus
650 2372 852 2402 exornandis
876 2372 997 2403 nimios

138 2431 287 2465 sumptus
311 2425 441 2457 faceret.
465 2425 501 2456 Si
525 2426 596 2465 quis
620 2427 653 2456 in
668 2426 815 2457 fraudem
829 2427 912 2467 legis
924 2437 996 2467 age-

136 2486 194 2515 ret,
219 2488 292 2510 aere
315 2479 520 2509 columnerio
545 2479 756 2510 multabatur.
782 2480 875 2518 Quae
898 2481 925 2510 Ι.
948 2481 995 2511 M.

136 2532 260 2562 Matius
283 2531 473 2568 Brixianus,
498 2533 623 2562 Adnot.
649 2532 685 2563 C.
711 2532 750 2562 69
773 2533 814 2563 de
829 2533 994 2564 columna-

136 2584 184 2614 rio
207 2584 344 2625 scripsit,
368 2584 494 2615 nullius
528 2591 605 2614 sunt
637 2585 807 2622 momenti,
842 2592 995 2626 recteque

136 2645 243 2679 spreta
266 2639 307 2669 ab
337 2638 461 2669 editore
496 2638 685 2669 Traiectino
720 2639 789 2670 eius
825 2639 930 2670 libelli
964 2651 994 2681 p.

137 2692 197 2723 192
220 2702 266 2733 sq.
304 2692 468 2723 Notabilis
491 2698 537 2723 est
561 2702 651 2723 error
674 2693 841 2733 scriptoris
863 2693 992 2732 Gallici,

135 2748 191 2788 qui
227 2747 437 2778 columnarios
465 2755 663 2778 memoratos
697 2748 731 2778 in
762 2749 855 2789 epist.
889 2748 1019 2780 Caelii³

135 2803 175 2832 ad
198 2801 290 2832 Fam.
313 2801 412 2832 VIII.
438 2802 466 2838 9,
492 2803 509 2831 5
543 2807 636 2841 putat
666 2801 768 2833 fuisse
790 2804 994 2843 perceptezcrs
1018 2813 1019 2816 ¹

135 2855 172 2884 de
196 2854 316 2895 l'z'mpo‘(
338 2865 393 2885 sur
416 2855 462 2884 les
484 2854 638 2885 calonne-3.
658 2855 722 2885 vid.
746 2855 877 2886 Dureau
900 2857 940 2887 de
963 2856 994 2887 18

135 2908 247 2944 Malle,
273 2907 443 2939 e'eonomie
456 2907 546 2947 polit.
561 2908 617 2938 des
630 2908 788 2939 Romains
808 2908 853 2938 11.
869 2919 899 2949 p.
919 2909 992 2939 486.

135 2960 172 2990 P.
199 2960 370 2991 Manutius
393 2969 469 2990 eum
492 2959 600 2989 locum
624 2960 742 2991 melius
765 2967 814 2991 est
837 2961 993 3002 interpre-

135 3020 231 3045 tatus.

186 3066 261 3097 Vide
284 3077 322 3097 ne
344 3067 463 3097 nullum
485 3065 659 3097 debeamus.
682 3068 748 3098 I'bi
772 3075 846 3108 post
868 3068 991 3100 formu—

137 3121 203 3151 lam
227 3119 296 3150 eide
319 3130 356 3150 ne
385 3120 448 3150 alia
481 3120 613 3160 negatio
636 3121 789 3160 sequitur,
814 3121 898 3151 illud
922 3121 992 3152 vide

138 3174 257 3205 ne'nun.
281 3174 377 3214 plane
402 3175 539 3206 eandem
564 3174 630 3205 vim
654 3174 750 3207 habet
774 3180 869 3216 atque
886 3185 993 3206 vereor

1050 1949 1091 1983 ιιι,
1124 1947 1209 1987 quod
1241 1946 1364 1986 optime
1393 1945 1503 1976 docuit
1538 1944 1698 1981 vorstius,
1727 1945 1768 1976 de
1797 1943 1908 1975 Latin.

1049 1999 1165 2030 merito
1189 2009 1276 2039 susp.
1300 2009 1328 2039 p.
1352 1999 1410 2029 431
1436 2008 1483 2039 sq.
1507 1997 1614 2034 Locis,
1638 2007 1721 2038 quos
1739 1997 1853 2028 citavit
1865 2006 1908 2028 ex

1047 2053 1140 2092 epist.
1164 2053 1205 2083 ad
1228 2052 1319 2082 Fam.
1346 2052 1386 2081 V.
1410 2053 1429 2081 4
1451 2042 1544 2082 extr.⁵
1561 2050 1630 2081 vide
1652 2060 1701 2086 ne,
1727 2061 1818 2091 quum
1830 2049 1907 2080 velis

1047 2116 1192 2137 revocare
1214 2110 1332 2146 tempus
1356 2125 1403 2142 —,
1435 2116 1496 2135 nan
1522 2104 1627 2145 possis
1660 2109 1692 2135 et
1722 2103 1786 2136 Off.
1809 2105 1836 2135 I.
1867 2104 1906 2134 28

1047 2160 1209 2190 videndum
1233 2163 1290 2196 est,
1314 2172 1352 2189 ne
1375 2170 1435 2189 non
1457 2159 1539 2189 satis
1561 2160 1602 2189 sit
1626 2158 1669 2196 id,
1683 2158 1766 2200 qaod
1781 2161 1828 2189 es!
1843 2159 1907 2189 clic-

1047 2215 1121 2249 tmn,
1145 2213 1219 2243 addi
1242 2219 1348 2253 potest
1382 2221 1423 2242 ex
1457 2211 1507 2242 his
1537 2211 1643 2252 epistt.
1674 2211 1755 2242 XII.
1792 2212 1840 2248 18,
1874 2213 1894 2241 4

1022 2247 1024 2297 ,³
1050 2265 1116 2296 Tibi
1138 2265 1183 2295 ad
1206 2276 1250 2296 me
1275 2266 1392 2301 venire,
1417 2268 1451 2294 vl
1475 2265 1617 2295 ostendis
1640 2264 1709 2295 ride
1731 2275 1769 2296 ne
1791 2265 1905 2296 nonsit

1022 2311 1152 2357 ἶ]ὶιει“[ε,
1185 2325 1217 2349 et
1250 2328 1334 2358 quae
1364 2318 1500 2358 collegit
1534 2318 1693 2349 Ernestus
1728 2318 1761 2348 iu
1799 2317 1906 2349 Clavi.

1021 2379 1023 2391 2
1047 2370 1157 2410 Igitur
1182 2371 1290 2407 verba,
1316 2371 1348 2401 in
1374 2370 1494 2410 quibus
1518 2380 1696 2407 versamur,
1710 2370 1905 2401 suntdicen-

1046 2427 1087 2456 tis
1110 2436 1143 2457 se
1168 2427 1282 2463 vereri,
1307 2433 1342 2457 ut
1359 2426 1466 2456 ullum
1481 2426 1596 2457 debeat
1615 2426 1791 2462 tributum3
1817 2426 1904 2466 quod

1045 2480 1143 2520 plane
1167 2481 1346 2511 absurdum
1369 2486 1427 2511 est.
1453 2480 1630 2520 Propterea
1653 2479 1859 2520 Malaspinae
1873 2486 1903 2511 et

1019 2534 1022 2551 ⁴
1044 2534 1195 2564 Manutio
1218 2534 1365 2575 placebat
1391 2543 1427 2564 ne
1452 2534 1560 2570 ullum,
1583 2533 1672 2574 quod
1693 2533 1824 2574 probari
1846 2533 1904 2564 mi-

1044 2589 1134 2619 nime
1157 2594 1270 2629 potest.
1295 2589 1365 2618 Aut
1389 2587 1506 2617 nullum
1543 2587 1722 2618 delendum
1755 2593 1813 2624 est,
1848 2592 1904 2618 aut

1046 2652 1083 2671 ne
1106 2642 1299 2672 mutandum
1323 2641 1357 2671 in
1380 2643 1425 2671 ut.

1087 2696 1105 2735 ξ
1130 2695 1158 2726 2,
1183 2695 1389 2725 Solitudinem
1415 2694 1542 2724 salonis
1565 2704 1599 2724 οε
1624 2694 1805 2725 absentiam
1819 2699 1902 2725 tuto-

1044 2760 1114 2780 rum
1139 2750 1274 2781 Catonis
1301 2750 1489 2790 impuberis.
1514 2749 1704 2780 Verisimile
1727 2753 1775 2780 est
1796 2748 1831 2779 in
1848 2749 1899 2780 his

1044 2803 1143 2834 fuisse
1167 2812 1297 2843 quoque
1321 2803 1367 2833 M.
1391 2803 1564 2837 Tullium:
1589 2812 1789 2843 quamquam
1821 2802 1899 2833 ami-

1042 2857 1120 2888 citia
1144 2867 1218 2887 611111
1241 2863 1332 2897 patre
1355 2857 1443 2887 hunc
1467 2866 1599 2897 quoque
1622 2865 1754 2886 movere
1782 2856 1898 2896 potuit,

1043 2916 1078 2941 ut
1100 2911 1193 2951 pueri
1216 2910 1357 2941 fortunis
1379 2911 1585 2951 prospiceret.

1085 2962 1184 2993 Debet
1203 2973 1301 3002 puero
1325 2962 1465 2993 Lucullo.
1488 2962 1613 2994 Omnes
1643 2962 1722 2992 Mss.
1754 2968 1785 2993 et
1807 2962 1899 2994 editt.

1042 3017 1123 3048 dant
1145 3016 1183 3047 de
1200 3026 1232 3056 p.
1257 3016 1399 3047 Lucullo.
1425 3017 1507 3048 Tres
1530 3017 1639 3048 literas
1662 3015 1776 3053 adieci,
1800 3022 1836 3047 ut
1855 3017 1898 3047 lo-

1042 3079 1128 3106 cum,
1151 3078 1251 3109 quem
1274 3069 1457 3100 Lambinus
1476 3070 1652 3100 obscurum
1664 3073 1695 3099 et
1708 3074 1896 3109 corruptum

1043 3123 1216 3158 iudicabat,
1240 3132 1398 3153 sanarem.
1427 3124 1466 3153 In
1491 3123 1623 3162 vulgata
1647 3122 1807 3163 scriptura
1829 3133 1896 3153 non

1042 3177 1151 3207 miuus
1174 3176 1345 3207 haeremus
1370 3177 1401 3207 in
1427 3176 1534 3209 verbis
1557 3175 1757 3206 coheredibus
1777 3175 1896 3207 Heren-

2040 236 2059 347 ·.„⁴‡*0.‘'
2041 170 2059 213 ΒΨ·

2046 549 2053 575 -—
2044 501 2060 534 ,ᾳ
2036 445 2058 486 Δι’-,-
2043 358 2059 431 ‹we—x

2052 716 2057 723 1
2038 583 2059 701 &vassa
