2062 3565
463 148 570 190 LIB.
606 148 721 190 XIV.
757 148 841 190 ΕΡ.
878 151 948 190 222.
987 174 1042 178 —
1078 148 1184 190 LIB.
1222 149 1312 190 XV.
1349 148 1432 190 ΕΡ.
1472 149 1510 189 1.
1784 151 1869 190 303

109 289 201 327 ante
235 282 436 340 profectus
468 288 542 335 est,
577 298 697 340 quam
729 298 804 339 ego
838 299 928 326 eum
962 285 1116 326 venisse
1149 284 1333 339 cognovi.
1367 284 1445 326 Sed
1463 298 1572 337 casu,
1608 300 1731 341 quum
1766 287 1870 343 lege-

110 373 191 401 rem
233 362 323 400 tuas
367 356 517 409 literas
566 358 727 400 Hirtius
771 362 856 400 erat
903 357 1010 414 apud
1054 373 1114 399 ine
1156 359 1197 400 in
1240 357 1486 410 Puteolano;
1532 359 1567 400 ei
1609 359 1687 416 legi
1721 365 1761 402 ct
1793 362 1871 416 egi.

110 431 288 473 Primum
322 430 430 485 quod
464 432 611 473 attinet
643 431 746 473 nihil
779 431 877 474 mihi
912 431 1172 484 concedebat,
1208 431 1354 473 deinde
1388 431 1438 474 ad
1460 447 1653 475 summam
1679 433 1873 478 arbitrum

111 520 172 546 me
204 503 408 547 statuebat
439 520 521 546 non
554 505 672 547 modo
706 505 826 548 huius
859 506 929 556 roi,
965 505 1033 547 sed
1067 507 1192 547 totius
1225 505 1458 547 consulatus
1492 507 1568 548 sui.
1613 507 1714 548 Cum
1750 510 1875 549 Anto-

110 578 178 619 nio
226 582 359 620 autem
409 579 466 621 sic
500 593 677 634 agemUS‚
711 584 758 621 ut
790 581 1018 636 perspiciat,
1053 581 1086 621 si
1122 581 1164 621 in
1198 595 1243 621 eo
1277 581 1439 634 negotio
1473 578 1589 622 nobis
1623 580 1875 634 satisfecerit,

109 654 239 693 totum
285 666 347 694 mc
388 652 568 694 futurum
603 668 734 695 suum.
785 653 1032 695 Dolabellam
1067 669 1182 709 spero
1215 654 1321 695 dorni
1355 669 1454 695 esse.
1490 656 1532 695 3.
1568 654 1793 696 Redeamus
1826 655 1876 697 ad

108 729 279 777 nostros,
314 725 363 767 de
397 725 542 781 quibus
575 732 621 769 tu
655 726 799 769 bonam
834 742 944 783 spem
976 732 1016 769 te
1051 728 1253 783 significas
1287 726 1433 768 habere
1466 733 1629 783 propter
1652 728 1876 771 edictorum

110 799 416 842 humanitatem.
461 801 548 856 Ego
582 806 714 843 autem
749 803 947 858 perspexi,
981 817 1106 857 quum
1141 817 1163 843 a
1196 816 1257 842 me
1293 814 1404 842 xvu.
1439 801 1532 842 Kal.
1568 801 1617 842 de
1654 800 1877 842 Puteolano

111 873 324 930 Neapolim
366 874 521 916 Pansae
571 875 836 917 conveniendi
887 890 1006 917 causa
1039 876 1356 932 proficisceretur
1390 876 1566 927 Hirtius,
1601 890 1758 917 omnem
1791 876 1878 917 eius

110 962 285 989 sensum.
327 949 476 991 seduxi
519 964 608 992 eum
658 955 699 992 et
731 949 781 992 ad
817 965 953 1006 pacem
988 965 1075 991 sum
1109 949 1355 991 cohortatus.
1405 948 1501 990 Non
1537 953 1692 1004 poterat
1725 949 1877 992 scilicet

110 1035 255 1077 negare
299 1037 340 1064 se
385 1022 484 1064 velle
529 1038 680 1080 pacem,
725 1023 794 1066 sed
828 1038 911 1065 non
943 1023 1077 1065 minus
1111 1038 1152 1065 se
1186 1027 1412 1064 nostrorum
1446 1036 1554 1063 arma
1585 1022 1724 1063 timere
1758 1038 1878 1079 quam

110 1096 295 1148 Antonii,
341 1101 382 1138 et
413 1101 548 1140 tamen
583 1102 774 1154 utrosque
808 1113 890 1140 non
924 1098 1010 1140 sine
1045 1112 1164 1140 causa
1198 1096 1441 1153 praesidium
1474 1094 1635 1146 habere,
1670 1110 1710 1137 se
1743 1100 1878 1139 autem

110 1173 278 1224 utraque
311 1185 419 1212 arma
451 1175 641 1213 metuere.
675 1172 785 1224 Quid
819 1172 1007 1228 quaeris?
1044 1165 1210 1216 Οὐδὲν
1242 1167 1397 1230 ὑγιές.
1435 1173 1475 1211 4.
1509 1170 1569 1211 De
1602 1169 1654 1221 Q.
1688 1169 1769 1211 filio
1801 1169 1876 1212 tibi

109 1244 329 1297 assentior3
374 1246 478 1302 patri
524 1245 686 1300 quidem
731 1250 837 1288 certe
881 1246 1132 1302 gratissimae
1166 1250 1207 1287 et
1238 1244 1365 1286 bellae
1398 1248 1492 1285 tuae
1523 1243 1663 1284 literae
1696 1242 1875 1284 fuerunt.

109 1316 324 1361 Caerelliae
364 1334 457 1361 vero
498 1319 614 1362 facile
656 1320 845 1371 satisfeci,
888 1335 963 1362 nec
1006 1319 1121 1361 valde
1167 1318 1348 1361 laborare
1393 1317 1488 1359 mihi
1525 1318 1611 1358 visa
1645 1322 1719 1368 est,
1753 1321 1807 1368 et,
1842 1317 1876 1358 si

107 1390 189 1442 illa,
234 1405 308 1447 ego
351 1397 457 1434 certe
500 1408 583 1435 non
622 1392 858 1435 laborarem.
908 1393 1032 1435 Istam
1077 1408 1184 1444 vero,
1232 1406 1350 1446 quam
1384 1389 1460 1432 tibi
1494 1389 1699 1431 molestam
1733 1388 1876 1431 scribis

108 1479 208 1516 esse,
241 1465 421 1508 auditam
455 1482 478 1508 a
510 1471 550 1509 te
584 1482 668 1509 esse
702 1468 865 1509 omnino
899 1467 1085 1509 demiror.
1120 1467 1228 1508 Nam
1262 1464 1370 1521 quod
1402 1480 1486 1506 eam
1521 1463 1745 1506 collaudavi
1769 1463 1875 1520 apud

108 1539 270 1590 amicos,
320 1539 579 1583 audientibus
615 1540 748 1583 tribus
790 1541 883 1583 filiis
921 1542 1007 1583 eius
1052 1545 1093 1583 et
1137 1540 1220 1582 filia
1259 1536 1392 1583 τοῦτ’
1435 1535 1526 1582 οὐκ
1570 1534 1625 1580 ἐκ
1667 1537 1755 1580 τοῦ
1787 1537 1877 1581 νοῦ

150 1713 191 1745 14
207 1713 411 1754 ,orati-mmm
434 1717 466 1748 et
490 1715 592 1748 bellae
613 1734 656 1741 —
678 1716 717 1747 18
729 1715 809 1757 filia
832 1717 887 1747 tua
910 1715 928 1753 †
947 1710 989 1748 τὸ
1016 1712 1053 1748 ἐκ
1081 1714 1142 1748 τοῦ
1173 1708 1212 1747 οὔ
1239 1728 1293 1735 --

149 1878 191 1910 Et
221 1879 282 1922 eqi.
310 1880 387 1911 Non
421 1885 555 1922 apparet
576 1881 656 1922 quid
676 1880 790 1921 egerit,
813 1884 870 1911 aut
891 1889 970 1921 quo-

107 1944 193 1965 cum.
226 1934 292 1976 Egi
320 1944 452 1966 causam
479 1941 570 1966 tuam
600 1935 688 1976 apud
719 1934 878 1972 Hirtium,
913 1939 970 1966 aut

109 1988 163 2030 egi
187 1998 264 2020 cum
285 1998 324 2020 eo
346 1990 387 2021 de
409 1999 445 2021 re
466 1989 653 2027 Buthrotia,
675 1994 713 2020 ut
734 1989 970 2030 fercinterpre-

109 2050 230 2083 tantur,
255 2055 298 2078 ex
321 2055 389 2077 uno
411 2046 512 2078 verbo
534 2046 584 2087 eyi
605 2056 688 2077 num
709 2052 797 2078 recte
809 2045 969 2083 eliciatur,

108 2098 235 2131 dubito.
276 2099 320 2130 Et
348 2099 479 2131 videtur
511 2099 678 2131 dubitasse
708 2098 971 2140 Peerlkampius,

109 2152 167 2194 qui
189 2152 289 2184 scribi
311 2152 421 2184 iubet:
445 2154 477 2183 et
499 2151 608 2193 releqi.

151 2207 290 2239 Primum
321 2208 404 2250 quod
432 2208 549 2239 attinet
571 2213 632 2240 cet.
668 2207 782 2247 Quum
815 2213 971 2249 sequatur

109 2260 233 2299 deinde,
261 2265 395 2303 apparet
415 2261 550 2302 primum
582 2270 652 2293 esse
675 2261 879 2299 adverbium,
902 2271 969 2292 non

111 2314 320 2353 adiectivum,
343 2315 431 2356 quod
454 2315 576 2356 pendet
597 2325 616 2346 a
640 2325 668 2346 v.
691 2315 818 2346 attinet.
843 2314 970 2347 Cohae-

112 2372 186 2399 rent
207 2367 309 2408 igitur
330 2367 413 2409 quod
432 2367 549 2398 attinet
571 2367 654 2398 nihil
674 2378 707 2399 o:
731 2368 817 2400 nihil
831 2368 971 2399 alicuius

114 2421 284 2459 momenti,
307 2420 391 2452 nihil
416 2421 506 2461 quod
526 2421 640 2462 prosit.
659 2420 710 2453 Cf.
733 2422 774 2452 ad
795 2421 877 2453 Her.
901 2421 930 2452 Ι.
952 2421 970 2451 1

114 2475 162 2507 E'a
194 2475 437 2518 conquisierunt,
468 2485 548 2517 quae
580 2475 665 2506 nihil
697 2476 864 2507 attinebat.
899 2476 970 2507 Att.

114 2530 198 2563 XII.
231 2531 282 2569 18,
315 2529 334 2561 2
365 2541 427 2562 non
455 2530 540 2561 venit
569 2529 603 2560 in
629 2533 770 2568 mentem,
793 2531 868 2572 quia
891 2530 975 2561 nihil

113 2582 256 2615 attinuit.
289 2583 367 2615 Non
398 2592 480 2624 opus
509 2588 567 2620 est,
596 2587 632 2614 ut
662 2592 739 2614 cum
769 2583 916 2624 Reisigio
938 2583 973 2614 in

114 2636 246 2670 Scholia
268 2637 286 2678 ξ
307 2636 369 2670 473
391 2637 478 2668 inter
497 2637 581 2678 quod
600 2636 718 2668 attinet
740 2637 865 2678 aliquid
877 2636 976 2668 inter-

113 2690 232 2722 cidisse
253 2694 386 2722 stamas.
409 2689 447 2722 Si
470 2690 549 2732 quid
562 2689 774 2727 interciderit,
789 2689 885 2721 facile
902 2698 975 2730 sup-

113 2745 258 2787 pleretur
279 2745 325 2777 ad
344 2747 385 2777 te.

158 2799 212 2831 Ad
231 2808 378 2831 summam
399 2809 433 2832 οι
455 2805 494 2832 ut
507 2800 609 2832 verbo
624 2800 743 2832 dicam.
756 2799 806 2832 Cf.
825 2800 866 2831 ad
877 2799 976 2832 XIV.

119 2854 148 2892 1,
171 2854 202 2885 1.

158 2907 358 2938 Dolabellam
379 2917 469 2948 spero
489 2907 573 2938 domi
594 2917 671 2938 esse.
695 2907 879 2939 Lambinus
891 2917 976 2939 com-

119 2971 237 3003 parans
258 2961 349 3002 foris
381 2971 457 2999 esse,
480 2962 569 3002 quod
590 2961 624 2992 in
648 2960 762 2993 Pison.
785 2962 824 2992 12
846 2962 979 3003 ponitur

119 3015 160 3046 de
191 3013 345 3052 Gabinio,
375 3015 432 3056 qui
461 3024 532 3046 rem
560 3024 654 3046 suam
683 3015 877 3056 perdiderat,
899 3015 932 3046 h.
955 3015 978 3047 l.

119 3067 202 3099 domi
230 3077 298 3099 esse
326 3068 487 3109 explicat:
519 3067 678 3099 solvendo
700 3077 780 3106 esse,
803 3077 909 3110 neque
933 3078 978 3100 re-

120 3129 234 3152 cusare
255 3121 432 3161 quominus
462 3121 578 3152 solvat.
611 3120 697 3152 Mihi
716 3121 827 3160 potius
849 3121 911 3152 hac
933 3121 978 3152 lo-

1016 1880 1084 1911 iam
1106 1879 1263 1915 solvisse3
1287 1878 1385 1919 plane
1408 1881 1446 1908 ut
1474 1887 1534 1909 uos
1555 1877 1712 1908 dicimus:
1736 1875 1770 1906 ilc
1793 1875 1880 1915 hoop,

1015 1933 1071 1964 dat
1094 1932 1134 1964 D.
1157 1932 1192 1963 al
1213 1931 1328 1962 binnan
1350 1931 1388 1962 ie.
1410 1931 1452 1962 In
1475 1940 1565 1972 seqq.
1580 1932 1704 1961 nostros
1717 1934 1750 1961 et
1761 1931 1881 1960 nostro-

1015 1999 1082 2020 rum
1116 1987 1231 2020 referri
1253 1987 1351 2018 debet
1373 1987 1414 2018 ad
1437 1986 1580 2018 Brutum
1603 1991 1636 2017 et
1660 1984 1820 2022 Cassium,
1844 1990 1882 2016 ut

1016 2053 1065 2084 ep.
1092 2045 1121 2081 4,
1145 2043 1163 2074 2
1187 2050 1219 2074 et
1240 2044 1270 2072 4.
1295 2041 1322 2078 6,
1347 2041 1375 2072 1.
1400 2040 1449 2071 10.
1472 2040 1521 2078 20,
1546 2041 1575 2071 1.

1060 2098 1078 2136 ξ
1111 2098 1139 2128 4.
1177 2095 1265 2126 Patri
1295 2106 1325 2137 q.
1358 2105 1384 2125 c.
1403 2093 1609 2136 qratissimae
1633 2095 1663 2124 et
1686 2093 1786 2124 bellae
1809 2094 1883 2123 tuae

1016 2152 1131 2184 literae
1154 2152 1304 2192 fuerunt.
1336 2150 1418 2182 Sine
1447 2160 1545 2181 causa
1579 2148 1725 2181 Orellius
1758 2149 1799 2180 ab
1821 2148 1883 2179 hac

1016 2207 1138 2238 codicis
1167 2206 1311 2238 Medicei
1346 2205 1505 2246 scriptura
1535 2204 1678 2242 recessit,
1711 2210 1882 2245 propterea

1015 2262 1104 2302 quod
1128 2271 1194 2292 non
1217 2260 1345 2290 dicatur
1366 2259 1467 2289 bellus
1489 2258 1599 2289 alicui.
1622 2258 1664 2289 In
1676 2268 1743 2299 quo
1759 2267 1882 2289 errasse

1017 2314 1128 2344 virum
1136 2314 1268 2344 doctum
1278 2311 1516 2343 demonstravit
1522 2311 1674 2342 Moserus
1684 2309 1883 2352 Symb.Crit.

1018 2368 1099 2399 VII.
1122 2378 1152 2409 p.
1177 2368 1206 2398 3.
1230 2366 1340 2398 Possis
1363 2371 1474 2397 tamen
1496 2375 1564 2396 non
1586 2365 1698 2396 minus
1720 2370 1808 2396 recte
1821 2371 1883 2396 sta-

1017 2426 1109 2453 tuere
1138 2420 1287 2451 dativum
1316 2423 1447 2450 tantum
1476 2424 1589 2459 aptum
1611 2427 1681 2449 esse
1704 2427 1747 2449 ex
1766 2417 1883 2458 qratis-

1003 2475 1125 2513 simae,
1148 2475 1250 2506 bellae
1273 2478 1382 2504 autem
1406 2483 1473 2504 non
1497 2472 1610 2504 referri
1634 2473 1675 2503 ad
1698 2482 1882 2513 personam.

1063 2528 1240 2560 Caerelliae
1262 2545 1304 2550 -—
1325 2526 1486 2565 satisfeci.
1511 2527 1587 2565 Qua
1610 2527 1643 2557 in
1662 2536 1697 2558 re
1721 2526 1817 2558 facile
1831 2537 1883 2567 ap-

1019 2587 1110 2624 paret
1133 2591 1176 2613 ex
1198 2581 1249 2617 iis,
1273 2590 1355 2622 quae
1378 2580 1537 2620 leguntur
1559 2580 1659 2611 XIV.
1684 2580 1734 2618 19,
1746 2581 1775 2610 4.
1799 2579 1881 2611 Cae-

1022 2637 1120 2668 rellia
1142 2636 1312 2667 studuerat
1333 2634 1547 2666 reconciliare
1578 2633 1772 2666 Ciceronem
1806 2644 1883 2665 cum

1020 2689 1178 2720 Publilia.
1200 2687 1300 2719 Istam
1324 2688 1390 2718 dici
1413 2687 1578 2718 Publiliae
1602 2692 1741 2718 matrem
1761 2691 1883 2718 temere

1021 2747 1181 2775 statuunt.
1202 2742 1338 2774 Rectius
1361 2741 1540 2773 Schutzius
1562 2741 1699 2782 putabat
1717 2740 1883 2780 designari

1021 2797 1131 2834 aliam,
1154 2805 1239 2838 quae
1261 2806 1280 2826 a
1305 2794 1464 2827 Cicerone
1487 2795 1621 2826 laudata
1640 2794 1792 2835 sperabat
1814 2793 1883 2824 fore

1021 2855 1059 2882 ut
1081 2851 1152 2882 eius
1173 2860 1261 2882 uxor
1282 2851 1384 2882 fieret.

1064 2903 1195 2946 Etfllia
1209 2905 1277 2934 tua.
1300 2899 1367 2940 'svb
1396 2899 1431 2934 ἐκ
1460 2900 1520 2934 τοῦ
1550 2895 1607 2932 οὗ.
1631 2898 1732 2931 Orell.
1748 2899 1882 2935 Mirum,

1022 2959 1051 2991 si
1073 2959 1187 2991 Attica
1209 2958 1360 2990 adfuerit.
1396 2956 1481 2989 Cum
1504 2956 1608 2987 tribus
1631 2955 1707 2985 filiis
1740 2961 1819 2995 puto
1849 2956 1882 2985 fi-

1022 3011 1102 3043 liam
1125 3021 1256 3053 quoque
1278 3011 1369 3042 illius
1392 3009 1542 3040 mulieris
1565 3007 1708 3039 sermoni
1730 3006 1882 3037 adfuisse.

1024 3065 1122 3097 TVA
1171 3066 1324 3097 accedere
1369 3064 1467 3094 debet
1505 3063 1545 3093 ad
1590 3062 1699 3092 literas
1743 3059 1882 3091 Graecas

1024 3120 1310 3152 ΤΟΕΚΤΟΥΟΥ.
1340 3116 1439 3148 Recte
1462 3115 1501 3146 P.
1525 3113 1712 3144 Victorium
1739 3122 1805 3142 non
1827 3113 1880 3144 de—

121 3173 253 3205 cutione
286 3173 423 3206 indicari
460 3173 603 3206 videtur:
639 3173 847 3210 Dola-bellam
884 3184 978 3215 spero
1000 3190 1003 3206 ι
1027 3185 1173 3217 sperasse
1195 3176 1235 3208 de
1254 3173 1460 3206 restitutione
1484 3172 1547 3204 loci
1574 3181 1591 3201 a
1621 3180 1654 3201 se
1684 3180 1750 3202 non
1783 3170 1880 3202 intel-

1900 967 1934 993 10

1897 1334 1930 1361 15
