2062 3565
127 113 211 151 :200
525 111 606 151 ΕΡ.
642 111 716 152 ΑΒ
749 111 796 152 Τ.
830 108 1180 151 POMPONIUM
1214 107 1478 151 ATTICUM.

125 252 165 288 et
207 247 383 288 Atticam
427 246 543 301 plane
578 245 678 286 belle
711 260 752 286 se
786 244 945 286 habere.
996 245 1084 286 Hae
1117 246 1255 286 literae
1288 244 1388 287 mihi
1420 245 1601 288 redditae
1635 251 1731 289 sunt
1763 248 1882 290 tertio

127 318 280 360 decimo
314 318 393 359 die.
426 318 546 370 Quod
579 317 680 360 mihi
713 318 831 360 Bruti
862 318 1012 369 literas,
1045 322 1218 374 gratum.
1254 318 1318 360 Ad
1351 334 1414 361 me
1447 335 1605 376 quoque
1624 321 1748 363 misit.
1783 322 1883 364 Eam

127 392 254 447 ipsam
298 391 347 432 ad
386 395 425 432 te
469 391 678 447 epistolam
722 391 814 434 misi
857 396 898 433 et
941 391 992 433 ad
1035 406 1123 433 eam
1168 392 1394 448 exemplum
1437 407 1616 435 mearum
1663 393 1884 437 literarum.

129 468 169 505 2.
212 465 273 506 De
316 464 422 516 fano,
467 465 500 507 si
548 464 650 507 nihil
695 465 796 507 mihi
838 465 1047 507 hortorum
1089 465 1247 508 invenis
1293 490 1350 496 —
1395 465 1466 521 qui
1509 465 1672 521 quidem
1714 467 1792 510 tibi
1823 469 1886 511 in·

90 561 104 585 5
125 537 312 580 veniendi
345 543 453 589 sunt,
487 539 521 580 si
554 554 616 580 me
649 539 754 581 tanti
787 539 899 590 facis,
935 539 1077 594 quanti
1109 543 1215 580 certe
1248 538 1346 581 facis
1381 564 1454 590 —‚
1487 538 1602 581 valde
1634 540 1760 596 probo
1791 544 1887 586 rati-

70 928 104 953 10

68 1660 105 1687 20

124 626 239 652 onem
272 615 383 653 tuam
416 611 466 653 de
498 611 740 654 Tusculano.
774 611 969 664 Quamvis
1001 612 1179 668 prudens
1212 611 1263 654 ad
1296 612 1557 668 cogitandum
1590 612 1658 665 sis,
1692 615 1798 658 sicut
1830 631 1886 668 es,

123 689 270 735 tamen,
303 685 383 726 11151
410 700 577 742 magnae
610 701 727 728 curae
759 684 837 728 tibi
870 690 987 737 esset,
1021 690 1069 728 ut
1101 701 1175 742 ego
1215 701 1479 743 consequerer
1511 686 1568 738 id,
1603 687 1710 743 quod
1741 703 1888 745 magno

123 772 238 813 opere
281 757 437 810 vellem,
481 775 689 815 nunquam
732 775 779 801 ea
827 775 889 802 res
922 759 999 802 tibi
1031 765 1115 802 tam
1147 759 1252 802 belle
1284 761 1329 802 in
1360 765 1536 803 mentem
1569 761 1704 803 venire
1735 761 1889 818 potuis·

124 836 196 872 set.
237 831 315 874 Sed
347 833 481 875 nescio
515 849 593 889 quo
637 838 754 890 pacto
787 833 1063 876 celebritatem
1096 835 1268 890 requiro.
1317 835 1461 891 Itaque
1493 835 1631 877 hortos
1663 835 1764 878 mihi
1796 851 1889 878 con-

123 904 232 946 ficias
264 920 424 947 necesse
467 910 542 948 est.
575 907 756 949 Maxima
799 912 860 948 est
891 907 935 948 in
968 907 1163 963 Scapulae
1197 907 1430 960 celebritas3
1465 908 1745 964 propinquitas
1778 925 1889 966 prae·

122 983 229 1019 terea
275 978 302 1022 †
317 977 390 1020 ubi
436 979 504 1030 sis,
552 994 602 1021 ne
649 984 781 1021 totum
824 979 930 1021 diem
972 980 1017 1021 in
1062 979 1212 1022 villam.
1263 980 1412 1033 Quare,
1447 986 1664 1036 antequam
1697 981 1886 1034 discedis,

124 1051 340 1103 Othonem,
375 1053 408 1094 si
441 1053 590 1095 Romae
623 1058 697 1104 est,
732 1053 946 1095 convenias
979 1053 1185 1110 pervelim.
1240 1055 1283 1097 Si
1315 1054 1419 1096 nihil
1451 1055 1540 1106 erit,
1575 1055 1652 1097 etsi
1683 1059 1730 1096 tu
1760 1071 1889 1098 meam

124 1125 338 1167 stultitiam
371 1128 573 1169 consuesti
606 1126 721 1178 ferre,
756 1142 802 1168 eo
834 1132 969 1169 tamen
1003 1127 1235 1184 progrediar
1268 1134 1316 1170 ut
1348 1129 1403 1170 mi
1438 1129 1699 1171 stomachere.
1733 1129 1890 1172 Drusus

123 1200 229 1242 enim
274 1206 378 1242 certe
422 1201 592 1243 vendere
625 1201 725 1243 vult.
777 1202 819 1244 Si
852 1217 945 1258 ergo
979 1202 1110 1257 (nibil)
1146 1202 1257 1244 aliud
1289 1203 1379 1254 erit,
1414 1218 1495 1245 non
1528 1217 1616 1244 mea
1649 1202 1724 1244 erit
1756 1202 1890 1259 culpa,

89 1303 101 1327 5
124 1275 201 1316 nisi
241 1275 398 1316 emero?
439 1290 517 1330 qua
558 1276 602 1317 in
647 1290 689 1317 re
721 1291 771 1317 ne
804 1275 915 1318 labar
948 1291 1096 1332 quaeso
1130 1275 1310 1332 provide.
1362 1275 1607 1319 Providendi
1641 1280 1775 1318 autem
1808 1291 1890 1319 una

124 1348 225 1390 ratio
258 1352 332 1399 est,
367 1348 401 1390 si
435 1349 531 1404 quid
565 1349 614 1391 de
648 1349 885 1406 Scapulanis
918 1364 1144 1406 possumus.
1180 1351 1234 1392 Et
1267 1351 1387 1392 velim
1421 1365 1484 1392 me
1518 1351 1727 1392 certiorem
1751 1350 1890 1403 facias,

124 1437 243 1476 quam
288 1421 359 1463 diu
391 1422 434 1463 in
477 1421 709 1464 suburbano
742 1423 796 1464 sis
830 1423 1005 1464 futurus.
1042 1425 1083 1464 ·‘3.
1118 1423 1239 1479 Apud
1273 1424 1502 1466 Terentiam
1536 1424 1665 1479 gratia
1697 1438 1797 1479 opus
1830 1429 1892 1466 est

123 1495 240 1537 nobis
271 1501 343 1537 tua
374 1500 524 1551 tuaque
557 1496 808 1538 auctoritate.
844 1496 921 1538 Sed
956 1497 1091 1547 facies,
1127 1503 1173 1539 ut
1206 1496 1422 1539 videbitur.
1457 1497 1549 1540 Scio
1583 1497 1704 1548 enim,
1739 1498 1773 1540 si
1792 1499 1891 1554 quid

125 1584 212 1610 mea
244 1569 417 1619 intersit,
451 1569 528 1611 tibi
562 1570 703 1611 maiori
736 1585 853 1612 curae
887 1570 1011 1612 solere
1045 1586 1129 1612 esse
1170 1587 1290 1627 quam
1324 1571 1438 1613 mihi.
1476 1574 1515 1613 4.
1551 1571 1712 1614 Hirtius
1745 1571 1796 1614 ad
1829 1587 1891 1615 me

125 1642 285 1697 scripsit
327 1642 417 1683 Sex.
464 1642 700 1698 Pompeium
746 1642 935 1684 Corduba
968 1644 1096 1685 exisse
1129 1650 1170 1686 et
1202 1644 1351 1700 fugisse
1383 1645 1427 1686 111
1461 1645 1701 1701 Hispaniam
1735 1647 1892 1689 citerio-

125 1730 222 1766 rem,
276 1714 455 1757 Gnaeum
489 1715 638 1772 fugisse
671 1717 806 1758 nescio
839 1732 940 1773 quo;
973 1732 1104 1772 neque
1137 1718 1245 1759 enim
1274 1733 1383 1760 curo.
1418 1717 1534 1760 Nihil
1558 1723 1760 1774 praeterea
1782 1721 1890 1762 novi.

125 1788 280 1830 Literas
320 1787 512 1830 Narbone
553 1788 665 1831 dedit
709 1803 832 1832 x1111.
876 1790 970 1832 Kal.
1016 1791 1115 1833 Mai.
1165 1791 1227 1834 Tu
1269 1791 1368 1833 mihi
1401 1791 1450 1833 de
1483 1791 1645 1834 Caninii
1677 1793 1885 1850 naufragio

120 1862 233 1917 quasi
267 1860 390 1903 dubia
423 1862 582 1904 misisti.
616 1863 774 1906 Scribas
806 1864 944 1920 igitur,
980 1865 1014 1906 si
1047 1865 1146 1920 quid
1169 1866 1246 1907 erit
1268 1865 1431 1908 certius.
1465 1864 1587 1913 Quod
1608 1881 1670 1909 me
1689 1882 1712 1909 a
1728 1867 1887 1910 maesti-

162 2027 202 2059 10
221 2029 400 2068 praeterea,
424 2026 474 2059 aba·
495 2027 540 2059 sie
563 2047 603 2052 —
628 2028 667 2060 13
689 2029 737 2060 uti
758 2030 952 2062 stomachere
975 2031 1024 2070 (ut
1048 2030 1088 2061 mi
1111 2031 1215 2071 Med.)
1240 2049 1280 2055 —
1304 2032 1342 2063 14
1365 2031 1398 2063 Si
1422 2041 1494 2073 erqo
1517 2032 1614 2064 aliud
1634 2043 1696 2065 non
1718 2034 1791 2072 erit,
1820 2043 1887 2066 mea

122 2081 182 2113 erit
205 2081 308 2122 culpa,
332 2080 395 2113 nisi
417 2091 534 2119 emero;
560 2092 622 2124 qua
643 2100 683 2106 —

165 2224 184 2264 g
207 2224 234 2254 1.
258 2222 332 2254 Hae
354 2223 469 2254 literae
502 2223 578 2254 mila·
605 2223 750 2256 redditae
785 2228 859 2256 sant
889 2226 984 2258 tertio
1030 2229 1063 2260 in
1085 2228 1193 2260 villam
1208 2239 1321 2270 ponas.
1361 2229 1428 2262 Sed
1449 2231 1525 2262 talis
1554 2229 1694 2261 adiectio
1723 2233 1808 2261 esset
1836 2239 1887 2261 su—

123 2279 240 2311 decimo
257 2279 319 2311 die.
343 2279 408 2311 Eas
422 2279 502 2310 dicit
518 2279 639 2318 literas,
658 2290 738 2321 quas
753 2280 815 2311 sibi
827 2281 983 2322 Aegypta
1030 2292 1241 2323 pervacanea.
1264 2282 1382 2323 Longe
1401 2283 1520 2314 melius
1545 2282 1708 2314 sententia
1732 2282 1889 2323 procedit,

124 2335 262 2366 libertus
283 2344 362 2366 suus
386 2333 488 2373 (Fam.
521 2333 620 2365 XVI.
651 2335 702 2373 15)
737 2334 778 2365 ab
800 2334 914 2367 Attico
936 2343 981 2368 at·
1006 2330 1009 2369 ἒ
1030 2336 1058 2367 si
1080 2336 1126 2368 sic
1149 2336 1309 2377 corrigas:
1334 2336 1557 2379 propinquitas
1586 2337 1758 2376 praeterea
1787 2335 1889 2374 utilis,

124 2389 251 2426 tulerat,
268 2388 325 2429 qui
345 2394 456 2420 tamen
477 2387 602 2419 tardius
621 2388 784 2429 profectus
804 2389 856 2420 vel
872 2389 907 2420 in
931 2390 983 2421 via
1008 2388 1009 2391 ’
1030 2399 1068 2419 ne
1089 2391 1187 2419 totam
1208 2388 1290 2420 diem
1312 2389 1344 2420 in
1382 2389 1491 2420 villam
1513 2400 1546 2421 o:
1581 2389 1615 2420 in
1649 2389 1888 2420 Tusculanum.

124 2444 234 2485 phu-es
257 2443 326 2475 dies
349 2447 494 2474 retentus
516 2442 632 2474 fuerat.
656 2443 796 2475 Temere
819 2444 900 2476 haec
911 2445 984 2476 Ma-
1029 2442 1249 2473 Accusativus
1264 2442 1298 2472 in
1316 2441 1424 2473 villam
1440 2442 1583 2484 pendere
1596 2442 1638 2473 ab
1649 2442 1772 2474 omisso
1790 2442 1888 2474 eundi

127 2497 239 2528 nutius
262 2496 400 2528 aliunde
423 2496 490 2526 huc
513 2495 625 2533 inlata,
650 2495 828 2528 Schntzius
850 2504 924 2538 post
945 2498 991 2528 ad
1007 2517 1009 2528 .
1029 2496 1082 2527 vel
1106 2496 1232 2528 itineris
1254 2496 1396 2528 faciendi
1419 2496 1530 2533 verbo,
1544 2495 1689 2528 Orellius
1705 2502 1793 2528 recte
1808 2496 1888 2530 olim

127 2559 173 2581 me
194 2562 222 2592 q.
246 2549 334 2580 misit
356 2550 599 2590 transponenda
621 2551 859 2590 pronuntiavit.
1006 2541 1009 2591 ξ
1029 2549 1170 2580 monuit.
1193 2548 1237 2580 cf.
1260 2549 1371 2580 Hand.
1395 2550 1490 2581 Turs.
1513 2549 1582 2580 111.
1606 2559 1635 2590 p.
1654 2548 1727 2580 348.
1751 2548 1889 2581 Senten-

169 2604 187 2643 §
210 2604 238 2634 2.
263 2602 408 2634 Prudens
430 2601 476 2632 ad
496 2601 708 2643 coyitandum.
746 2603 864 2634 Malim
887 2614 920 2644 p.
945 2604 1009 2635 ade
1032 2602 1075 2633 tia
1098 2603 1178 2634 haec
1210 2610 1275 2635 est:
1310 2603 1420 2634 Probo
1451 2603 1612 2644 Scapulae
1644 2603 1765 2640 hortos,
1800 2604 1888 2644 quod

125 2656 376 2700 excoyilandum,
399 2666 465 2698 quo
487 2657 589 2687 verbo
612 2657 716 2688 utitur
741 2657 773 2689 in
796 2658 857 2689 hac
882 2668 916 2690 re
937 2668 985 2699 ep.
1006 2640 1009 2710 ξ
1031 2655 1127 2686 multi
1150 2664 1189 2686 eo
1211 2662 1398 2687 commeant
1435 2661 1467 2687 et
1498 2656 1587 2697 quod
1618 2665 1684 2686 non
1718 2655 1817 2696 longe
1847 2656 1888 2687 ab

126 2712 177 2749 42,
200 2712 230 2741 2.
250 2710 292 2741 cf.
314 2709 378 2741 IX.
402 2709 421 2740 6
444 2714 528 2740 extr.
1005 2716 1009 2760 ff
1033 2708 1114 2739 urbe
1136 2714 1221 2746 sunt,
1245 2719 1346 2749 quum
1366 2708 1391 2739 si
1417 2708 1529 2739 fanum
1551 2707 1614 2740 erit
1635 2708 1670 2738 in
1686 2708 1886 2747 Tusculano,

167 2764 208 2795 In
230 2763 384 2804 Scapulae
405 2773 449 2795 50.
472 2763 587 2794 hortis.
609 2764 663 2794 Ex
687 2773 802 2795 eorum
817 2765 987 2804 mentione
1006 2770 1008 2807 ᾗ
1031 2760 1065 2792 in
1089 2761 1226 2793 visendo
1248 2771 1287 2792 60
1309 2766 1395 2792 totus
1417 2761 1486 2793 dies
1508 2766 1730 2792 consumatur-

126 2818 159 2848 in
183 2827 232 2858 ep.
257 2818 307 2854 38,
330 2818 360 2854 4,
382 2817 432 2854 40,
456 2817 488 2847 4.
511 2815 562 2854 41,
586 2817 615 2847 3.
639 2817 688 2854 52,
711 2817 900 2849 2diseimus
912 2817 986 2849 Sea-
1005 2809 1008 2857 ὴ
1072 2813 1107 2844 Si
1127 2823 1200 2855 erqo
1221 2813 1314 2844 aliud
1334 2824 1397 2844 non
1419 2813 1489 2851 erit,
1512 2823 1580 2844 mea
1603 2813 1665 2845 erit
1694 2813 1795 2854 culpa
1826 2813 1888 2844 nisi

124 2872 235 2912 pulani
257 2870 358 2902 fuisse
381 2870 575 2901 defunctum
598 2875 629 2901 et
651 2871 797 2908 heredes,
817 2871 852 2902 in
868 2872 987 2912 quibus
1005 2859 1008 2900 ἶ
1030 2876 1129 2897 emero
1151 2866 1279 2906 scripsit
1301 2865 1446 2898 Orellius
1468 2876 1545 2897 cum
1566 2865 1708 2898 Graevio
1737 2870 1885 2907 transpo-

126 2929 194 2956 erat
217 2923 315 2961 Otho,
347 2924 387 2954 de
410 2933 476 2964 quo
499 2923 540 2954 cf.
564 2929 733 2964 praeterea
753 2925 804 2962 39,
828 2925 857 2956 2.
880 2925 930 2963 42,
955 2926 982 2956 1.
1006 2913 1007 2925 ¹
1029 2920 1091 2951 sita
1113 2919 1299 2960 negatione.
1332 2919 1420 2950 Nam
1442 2919 1477 2950 in
1493 2919 1584 2950 Med.
1608 2925 1672 2951 est:
1696 2918 1788 2949 aliud
1814 2919 1886 2957 erit,

124 2978 174 3014 43,
198 2977 227 3014 2,
250 2986 304 3007 005
326 2977 467 3007 vendere
489 2975 641 3007 voluisse.
1030 2984 1091 3004 non
1109 2983 1186 3004 mea.
1205 2973 1315 3014 Magis
1337 2973 1444 3014 placet
1465 2983 1531 3014 quo
1553 2973 1651 3004 modo
1673 2973 1724 3004 10.
1745 2972 1784 3003 F.
1806 2971 1887 3004 Gro-

167 3029 394 3071 Propinqaitas
413 3031 579 3069 praeterea
604 3029 653 3060 athi
689 3029 743 3060 sis.
784 3030 985 3070 Interpretes
1004 3029 1007 3056 Ι
1028 3026 1145 3057 novius
1162 3026 1271 3057 locum
1292 3026 1437 3057 sanavit:
1461 3025 1495 3055 Si
1517 3036 1590 3066 erqo
1611 3025 1694 3056 nihil
1707 3025 1800 3056 aliud
1815 3025 1886 3064 erit,

128 3083 183 3114 illa
209 3083 259 3114 ubi
281 3082 325 3114 sis
347 3083 532 3124 explicant:
566 3085 601 3113 ul
623 3082 657 3113 in.
680 3083 719 3113 iis
745 3083 896 3114 commode
919 3094 985 3115 esse
1027 3092 1087 3112 non
1110 3092 1177 3112 mea
1198 3081 1259 3111 erit
1282 3081 1384 3122 culpa,
1410 3081 1472 3112 nisi
1494 3080 1623 3112 emero?
1645 3080 1679 3112 in
1693 3081 1812 3122 quibus
1825 3091 1887 3112 non

124 3136 225 3177 possis
249 3137 302 3168 vel
326 3135 376 3168 ubi
398 3135 444 3167 ila
469 3146 535 3167 esse
554 3137 652 3177 poles,
677 3138 709 3166 ul
733 3147 771 3167 ne
794 3139 890 3168 totum
904 3137 983 3169 diem
1026 3142 1073 3167 est
1097 3135 1253 3177 particula
1277 3135 1424 3177 rogandi.

2006 233 2017 262 G

2005 260 2019 365 l
