2062 3565
176 959 210 985 10

177 1331 210 1356 15

182 1691 217 1716 ΞΟ

233 156 289 196 34
633 155 715 196 ΕΡ.
751 153 827 195 ΑΙ)
859 154 905 194 T.
940 151 1291 194 POMPONIUM
1326 149 1592 192 ATTICUM.

230 289 274 330 in
309 288 455 344 quibus
488 290 614 331 literis
649 288 790 330 scribis
822 287 898 328 tibi
932 288 975 328 in
1009 287 1142 328 animo
1187 301 1271 327 esse
1305 285 1513 327 observare
1547 284 1756 327 Caesarem
1787 289 1839 335 et,
1873 285 1906 326 si
1941 300 1999 326 se-

231 362 407 404 cundum
440 377 546 404 mare
580 361 630 403 ad
672 376 734 402 me
767 361 824 401 ire
869 360 1079 415 coepisset,
1114 358 1325 400 confestim
1357 358 1401 399 in
1435 358 1645 400 Samnium
1677 358 1728 400 ad
1761 373 1824 399 me
1858 363 2000 400 ventu—

231 451 319 477 rum
332 454 343 487 3
387 436 447 476 sin
490 441 623 476 autem
665 434 733 474 ille
773 433 923 474 circum
966 432 1090 472 istaec
1129 432 1217 473 loca
1250 436 1574 482 commoraretur,
1609 436 1650 473 te
1683 432 1734 483 ei,
1770 432 1804 473 si
1836 432 2001 488 propius

231 509 474 559 accessisset,
522 508 702 549 resistere
752 506 866 547 velle.
921 506 976 547 Te
1026 505 1160 547 animo
1209 520 1357 561 magno
1402 512 1442 547 et
1488 505 1583 547 forti
1615 506 1735 547 istam
1767 521 1850 547 rem
1885 520 2002 561 agere

231 582 428 633 existimo,
474 581 541 623 sed
588 580 823 635 diligentius
855 579 973 621 nobis
1006 584 1067 621 est
1099 579 1334 631 videndum,
1368 594 1418 620 ne
1452 578 1634 620 distracti
1666 594 1781 635 pares
1814 594 1899 622 esse
1935 579 2003 622 ad-

232 654 402 695 versario
435 669 515 695 non
549 654 762 709 possimus,
796 668 921 708 quum
964 653 1031 694 ille
1069 667 1235 708 magnas
1269 653 1404 708 copias
1436 651 1583 693 habeat
1616 657 1657 693 et
1689 652 1858 694 maiores
1891 651 2002 694 brevi

231 726 442 768 habit-urus
475 727 540 767 sit.
575 727 670 767 Non
704 726 811 767 enim
844 741 915 782 pro
948 732 1020 768 tua
1052 725 1268 781 prudentia
1301 725 1422 766 debes
1455 724 1558 766 illud
1592 724 1721 766 solum
1755 724 2004 766 animadver-

230 804 327 850 tere,
373 805 472 854 quot
511 799 553 840 in
595 799 823 855 praesentia
868 800 1052 841 cohortes
1096 805 1235 840 contra
1275 805 1315 841 te
1355 798 1503 841 habeat
1535 798 1694 849 Caesar,
1730 798 1799 840 sed
1833 803 2005 854 quantas

232 871 342 913 brevi
376 876 552 928 tempore
587 872 770 928 equitum
804 879 844 914 et
875 872 1059 928 peditum
1094 872 1230 927 copias
1263 876 1544 913 contracturus
1578 871 1644 913 sit.
1693 871 1770 913 Cui
1804 872 1861 913 rei
1893 873 2006 914 testi-

231 945 364 987 monio
410 951 505 987 sunt
547 945 700 997 literae,
746 962 844 1001 quas
889 947 1112 988 Bussenius
1154 946 1203 987 ad
1255 961 1314 987 me
1348 946 1474 996 misit,
1515 946 1559 987 in
1594 945 1742 1000 quibus
1776 944 1929 996 scribit,
1963 945 2006 986 id

231 1018 337 1074 quod
372 1018 421 1060 ab
456 1018 543 1060 aliis
578 1034 736 1074 quoque
770 1019 870 1060 mihi
905 1018 1109 1069 scribitur,
1143 1018 1344 1074 praesidia
1378 1018 1610 1068 Curionem,
1646 1019 1813 1072 quaein
1836 1018 2008 1061 Umbria

231 1097 270 1132 et
312 1092 453 1133 Tuscis
496 1097 623 1143 erant,
669 1092 901 1135 contrahere
943 1098 983 1134 et
1024 1092 1074 1134 ad
1108 1093 1318 1134 Caesarem
1351 1092 1428 1133 iter
1461 1091 1604 1133 facere.
1654 1092 1769 1144 Quae
1803 1093 1836 1134 si
1870 1093 2008 1149 copiae

231 1165 272 1206 in
316 1180 443 1206 unum
487 1165 619 1207 locum
664 1166 815 1208 fuerint
855 1172 1029 1217 coactae,
1071 1171 1118 1208 ut
1157 1181 1248 1222 pars
1293 1166 1492 1207 exercitus
1533 1165 1581 1206 ad
1628 1165 1775 1207 Albam
1807 1167 2007 1218 mittatur,

231 1254 321 1296 pars
370 1238 419 1280 ad
464 1244 502 1280 te
547 1238 724 1290 accedat,
775 1246 821 1281 ut
863 1255 945 1282 non
986 1243 1154 1295 pugnet,
1199 1238 1267 1280 sed
1317 1238 1416 1280 locis
1450 1238 1534 1280 suis
1567 1243 1779 1294 repugnet,
1813 1238 2012 1290 haerebis,

231 1327 361 1366 neque
411 1311 519 1353 solus
570 1326 658 1352 cum
707 1312 785 1354 ista
828 1313 943 1369 copia
986 1316 1141 1353 tantam
1189 1311 1494 1353 multitudinem
1536 1311 1732 1353 sustinere
1774 1312 1937 1368 poteris,
1971 1317 2019 1354 ut

232 1384 521 1426 frumentatum
565 1400 646 1426 eas.
693 1387 734 1425 2.
780 1383 1052 1436 Quamobrem
1094 1390 1133 1425 te
1174 1399 1321 1439 magno
1366 1399 1483 1440 opere
1517 1383 1668 1436 hortor,
1704 1389 1751 1426 ut
1784 1400 1903 1440 quam
1937 1385 2017 1441 pri-

233 1476 343 1502 mum
393 1475 485 1501 cum
531 1460 641 1501 omni
685 1461 800 1516 copia
844 1461 923 1502 huc
970 1461 1122 1502 venias.
1167 1460 1363 1502 Consules
1397 1461 1697 1502 constituerunt
1728 1460 1838 1502 idem
1871 1459 2015 1501 facere.

235 1534 322 1589 Ego
356 1533 416 1574 M.
450 1534 628 1575 Tuscilio
663 1533 711 1575 ad
745 1540 784 1575 te
819 1534 1009 1576 mandata
1043 1534 1137 1575 dedi
1172 1534 1465 1589 providendum
1498 1550 1598 1584 esse,
1633 1550 1684 1576 ne
1713 1534 1816 1587 duae
1838 1532 2017 1588 legiones

235 1607 319 1648 sine
355 1606 578 1648 Picentinis
612 1606 846 1648 cohortibus
879 1607 921 1648 in
956 1613 1215 1662 conspectum
1251 1607 1431 1648 Caesaris
1465 1607 1830 1649 committerentur.
1865 1605 2015 1658 Quam-

237 1679 371 1721 obrem
406 1680 532 1722 nolito
566 1681 820 1730 commoveri,
856 1681 890 1721 si
934 1679 1109 1722 audieris
1143 1696 1206 1721 ine
1240 1680 1410 1735 regredi,
1446 1681 1479 1722 si
1522 1681 1622 1722 forte
1667 1681 1812 1723 Caesar
1861 1679 1911 1721 ad
1955 1694 2017 1720 me

238 1755 391 1805 veniet;
435 1754 658 1795 cavendum
703 1754 808 1795 enim
853 1759 950 1809 puto
995 1770 1095 1804 esse,
1138 1769 1187 1795 ne
1230 1753 1460 1809 implicatus
1512 1753 1709 1795 haeream.
1746 1754 1855 1795 Nam
1886 1768 2017 1808 neque

238 1832 366 1869 castra
408 1833 568 1883 propter
613 1828 709 1870 anni
752 1834 912 1883 tempus
957 1834 998 1869 et
1031 1828 1206 1869 militum
1241 1828 1396 1869 animos
1430 1828 1558 1869 facere
1592 1842 1768 1882 possum,
1802 1842 1934 1882 neque
1968 1841 2017 1867 ex

240 1901 426 1943 omnibus
460 1902 619 1958 oppidis
653 1901 887 1943 contrahere
921 1901 1056 1957 copias
1089 1900 1266 1957 expedit,
1302 1916 1351 1942 ne
1386 1905 1591 1956 receptum
1625 1901 1822 1942 amittam.
1873 1899 2017 1954 Itaque

240 1991 318 2017 non
362 1975 533 2032 amplius
579 1989 671 2017 X1V.
717 1975 900 2017 cohortes
933 1975 1147 2017 Luceriam
1181 1975 1307 2030 c-oe'gi.
1345 1976 1385 2015 3.
1421 1974 1616 2016 Consules
1650 1973 1850 2030 praesidia
1884 1973 2019 2015 omnia

241 2049 454 2091 deducturi
498 2054 592 2090 sunt
636 2054 706 2090 aut
749 2049 792 2089 in
827 2048 1007 2089 Siciliam
1039 2048 1151 2089 ituri.
1186 2048 1294 2089 Nam
1327 2052 1399 2089 aut
1423 2047 1644 2088 exercitum
1679 2048 1840 2088 firmum
1872 2046 2019 2089 habere

243 2126 412 2178 oportet,
463 2137 541 2176 quo
585 2121 833 2162 confidamus
881 2135 1136 2175 perrumpere
1185 2135 1258 2160 nos
1303 2135 1431 2174 posse,
1479 2124 1550 2161 aut
1593 2118 1776 2174 regiones
1820 2119 2020 2162 eiusmodi

244 2194 438 2244 obtinere,
473 2209 493 2235 e
529 2193 675 2248 quibus
708 2208 1003 2248 repugnemus;
1038 2192 1080 2233 id
1114 2192 1220 2247 quod
1254 2197 1442 2233 neutrum
1477 2191 1595 2234 nobis
1628 2192 1703 2233 hoc
1727 2198 1905 2249 tempore
1927 2207 2020 2235 con-

244 2269 352 2323 tigit,
387 2267 494 2322 quod
527 2272 568 2308 et
599 2282 785 2322 magnam
819 2271 972 2321 partem
1007 2266 1148 2307 Italiae
1182 2266 1326 2307 Caesar
1360 2266 1573 2321 occupavit
1606 2272 1647 2307 et
1678 2281 1751 2308 nos
1784 2282 1865 2308 non
1898 2266 2020 2308 habe-

246 2356 335 2383 mus
368 2341 586 2382 exercitum
620 2346 703 2382 tam
738 2340 915 2396 amplum
948 2355 1077 2394 neque
1110 2346 1193 2381 tam
1228 2354 1418 2395 magnum
1453 2355 1571 2394 quam
1605 2339 1687 2381 ille.
1727 2340 1871 2394 Itaque
1904 2339 2022 2380 nobis

291 2497 331 2528 14
351 2497 484 2529 accedat
491 2509 502 2532 ,-
525 2498 560 2526 ut
583 2505 643 2526 non
665 2497 789 2537 paynel,
814 2493 883 2535 [al]
907 2494 985 2526 locis
1008 2512 1047 2517 —-
1071 2494 1110 2524 18
1138 2492 1202 2533 Eyo
1224 2495 1240 2526 ἢ
1263 2495 1344 2523 metu
1366 2493 1460 2523 stileo
1485 2508 1524 2513 —

292 2630 465 2663 &cundum
504 2640 590 2661 mare
627 2638 790 2671 superum,
839 2634 876 2660 ut
912 2638 929 2659 c
967 2628 1048 2659 locis
1081 2628 1114 2659 in

252 2685 399 2726 praeced.
423 2683 563 2725 epistola
585 2681 777 2714 memoratis
799 2688 942 2722 apparet.

298 2737 337 2767 Ut
351 2746 434 2777 pars
456 2755 497 2759 —
520 2735 667 2766 mittatur
688 2753 730 2759 ——-
751 2737 786 2764 ut
817 2744 876 2779 nen
904 2735 1034 2776 paynel.
1078 2732 1117 2763 Ut
1140 2745 1142 2771 ι

253 2797 390 2832 utroque
413 2790 486 2821 loco
508 2789 642 2830 poninu·
663 2798 721 2829 pro
743 2787 829 2818 licet.
852 2787 981 2819 Deinde
1000 2797 1058 2828 pro
1072 2789 1115 2824 ut,
1141 2787 1142 2798 ¹

253 2845 342 2886 quod
363 2843 508 2876 Orellius
533 2842 675 2879 seclusit,
699 2842 807 2882 recepi
832 2841 897 2878 sed,
928 2846 964 2872 ut
994 2850 1117 2872 correc-

254 2906 323 2930 tum
346 2903 393 2930 est
416 2898 450 2929 iu
472 2897 635 2929 Mediceo.
674 2895 755 2926 Post
778 2896 990 2936 negat-ionem
1021 2895 1116 2936 parti-

253 2953 327 2983 cula
349 2951 555 2983 adversativa
586 2950 644 2981 vix
674 2949 786 2981 abesse
816 2954 930 2989 potest.
962 2949 1117 2980 Klotzius

254 3005 382 3046 scripsit
405 3006 450 3034 at.

296 3057 451 3088 Haerebis
473 3066 507 3088 o:
531 3056 669 3088 evadere
691 3064 759 3086 non
781 3055 915 3094 poteriS,
939 3055 1112 3087 teneberis.

254 3111 514 3151 Coniunguntur
534 3110 669 3141 haerere
691 3112 723 3139 et
746 3108 861 3145 teneri,
884 3107 978 3140 velut
987 3118 1018 3149 p.
1035 3108 1114 3140 Tul-

228 3184 231 3187 -
252 3164 307 3201 lio,
334 3165 382 3193 33.

1207 2626 1244 2657 Ut
1257 2626 1489 2667 frumentatum
1513 2635 1568 2657 eas
1590 2635 1622 2657 o:
1655 2635 1721 2657 non
1745 2625 1852 2657 solum
1884 2631 1920 2657 ut
1951 2635 2023 2657 eva-

1161 2680 1228 2718 das,
1252 2681 1309 2711 sed
1331 2690 1374 2712 ne
1403 2680 1538 2721 quidem
1567 2686 1604 2712 ut
1632 2680 1674 2711 ad
1701 2679 1925 2721 conquirenda
1957 2679 2023 2710 fru-

1161 2741 1275 2766 menta
1298 2740 1329 2766 et
1351 2734 1474 2775 pabula
1495 2739 1568 2766 tuto
1580 2734 1672 2766 exire
1687 2734 1801 2775 possis.
1823 2732 2022 2766 Gronovius.

1203 2789 1222 2828 §
1245 2790 1273 2820 2.
1297 2789 1342 2820 M.
1369 2789 1516 2820 Tuscilio.
1538 2789 1670 2821 Nomen
1694 2799 1737 2821 ex
1754 2789 2023 2831 inscriptionibus

1141 2849 1279 2879 ,notum
1313 2844 1446 2885 egregie
1484 2854 1502 2875 e
1533 2844 1685 2875 codicum
1719 2844 1905 2885 corruptela
1934 2842 2022 2875 Metu

1141 2882 1143 2942 ἶ
1161 2897 1253 2928 stileo
1275 2897 1363 2929 eruit
1385 2896 1558 2928 Corradus.
1580 2897 1653 2928 Alii
1666 2897 1799 2937 fingunt
1811 2895 2024 2928 Metuscz'lium

1142 2960 1143 2994 J
1161 2950 1337 2990 quendam,
1360 2949 1487 2981 Romae
1510 2950 1663 2990 ignotum
1685 2950 1869 2982 hominem.

1200 3004 1218 3042 ξ
1244 3004 1272 3034 3.
1298 3002 1371 3034 Tam
1393 3003 1536 3044 amplum.
1559 3003 1674 3043 Quum
1696 3003 1826 3035 additur
1847 3013 1944 3045 neque
1959 3005 2023 3034 tam

1161 3065 1313 3095 maynum,
1339 3061 1473 3097 apparet
1494 3056 1600 3094 aliter,
1625 3066 1723 3098 quam
1752 3056 1856 3097 vulgo
1883 3056 1931 3094 fit,
1961 3066 2023 3086 am-

1157 3108 1245 3148 plum
1266 3108 1341 3139 dici.
1364 3108 1452 3140 Puto
1473 3109 1536 3140 hac
1556 3118 1638 3140 voce
1660 3109 1798 3140 indicari
1820 3108 1913 3140 robur
1932 3117 2024 3140 exer-

1141 3150 1254 3203 }citus,
1277 3168 1315 3194 ut
1338 3162 1380 3194 sit
1402 3162 1490 3196 idem
1513 3164 1601 3204 quod
1613 3164 1739 3204 firmus.
