<?xml version="1.0" encoding="UTF-8"?>
<!DOCTYPE html PUBLIC "-//W3C//DTD XHTML 1.0 Transitional//EN"
    "http://www.w3.org/TR/xhtml1/DTD/xhtml1-transitional.dtd">
<html xmlns="http://www.w3.org/1999/xhtml" xml:lang="en" lang="en">
 <head>
  <title>
</title>
<meta http-equiv="Content-Type" content="text/html;charset=utf-8" />
  <meta name='ocr-system' content='tesseract 3.04.00' />
  <meta name='ocr-capabilities' content='ocr_page ocr_carea ocr_par ocr_line ocrx_word'/>
</head>
<body>
  <div class='ocr_page' id='page_1' title='image "./epistolarumadtpo02ciceuoft_0189.png"; bbox 0 0 2062 3565; ppageno 0'>
   <div class='ocr_carea' id='block_1_1' title="bbox 724 177 1897 221">
    <p class='ocr_par' dir='ltr' id='par_1_1' title="bbox 724 177 1897 221">
     <span class='ocr_line' id='line_1_1' title="bbox 724 177 1897 221; baseline -0.004 0"><span class='ocrx_word' id='word_1_1' title='bbox 724 178 831 220; x_wconf 78' lang='lat' dir='ltr'><strong>LIB.</strong></span> <span class='ocrx_word' id='word_1_2' title='bbox 867 177 965 221; x_wconf 87' lang='lat' dir='ltr'>XII.</span> <span class='ocrx_word' id='word_1_3' title='bbox 1002 177 1085 219; x_wconf 81' lang='grc' dir='ltr'>ΕΡ.</span> <span class='ocrx_word' id='word_1_4' title='bbox 1124 178 1318 218; x_wconf 77' lang='lat'>14—17.</span> <span class='ocrx_word' id='word_1_5' title='bbox 1813 178 1897 217; x_wconf 79' lang='grc'>179</span> 
     </span>
    </p>
   </div>
   <div class='ocr_carea' id='block_1_2' title="bbox 131 312 1900 444">
    <p class='ocr_par' dir='ltr' id='par_1_2' title="bbox 131 312 1900 444">
     <span class='ocr_line' id='line_1_2' title="bbox 131 312 1900 369; baseline -0.002 -12"><span class='ocrx_word' id='word_1_6' title='bbox 131 316 191 358; x_wconf 88' lang='lat' dir='ltr'>De</span> <span class='ocrx_word' id='word_1_7' title='bbox 224 314 359 357; x_wconf 79' lang='lat' dir='ltr'>Attica</span> <span class='ocrx_word' id='word_1_8' title='bbox 394 314 523 366; x_wconf 90' lang='lat' dir='ltr'>doleo,</span> <span class='ocrx_word' id='word_1_9' title='bbox 558 314 677 357; x_wconf 86' lang='lat' dir='ltr'>credo</span> <span class='ocrx_word' id='word_1_10' title='bbox 709 321 842 358; x_wconf 83' lang='lat' dir='ltr'>tamen</span> <span class='ocrx_word' id='word_1_11' title='bbox 878 315 1055 357; x_wconf 84' lang='lat' dir='ltr'>Cratero.</span> <span class='ocrx_word' id='word_1_12' title='bbox 1133 313 1276 355; x_wconf 88' lang='lat' dir='ltr'>Piliam</span> <span class='ocrx_word' id='word_1_13' title='bbox 1311 313 1405 369; x_wconf 87' lang='lat' dir='ltr'>angi</span> <span class='ocrx_word' id='word_1_14' title='bbox 1438 318 1550 365; x_wconf 81' lang='lat' dir='ltr'>veta3</span> <span class='ocrx_word' id='word_1_15' title='bbox 1584 312 1681 355; x_wconf 85' lang='lat' dir='ltr'>satis</span> <span class='ocrx_word' id='word_1_16' title='bbox 1714 317 1775 354; x_wconf 87' lang='lat' dir='ltr'>est</span> <span class='ocrx_word' id='word_1_17' title='bbox 1807 313 1900 367; x_wconf 90' lang='lat' dir='ltr'>(me)</span> 
     </span>
     <span class='ocr_line' id='line_1_3' title="bbox 135 387 649 444; baseline 0 -13"><span class='ocrx_word' id='word_1_18' title='bbox 135 402 308 431; x_wconf 84' lang='lat' dir='ltr'>maerere</span> <span class='ocrx_word' id='word_1_19' title='bbox 341 402 413 444; x_wconf 88' lang='lat' dir='ltr'>pro</span> <span class='ocrx_word' id='word_1_20' title='bbox 446 387 649 431; x_wconf 88' lang='lat' dir='ltr'>omnibus.</span> 
     </span>
    </p>
   </div>
   <div class='ocr_carea' id='block_1_3' title="bbox 417 499 575 503">
    <p class='ocr_par' dir='ltr' id='par_1_3' title="bbox 417 499 575 503">
     <span class='ocr_line' id='line_1_4' title="bbox 417 499 575 503; baseline 0 0"><span class='ocrx_word' id='word_1_21' title='bbox 417 499 575 503; x_wconf 95' lang='lat' dir='ltr'> </span> 
     </span>
    </p>
   </div>
   <div class='ocr_carea' id='block_1_4' title="bbox 180 550 718 584">
    <p class='ocr_par' dir='ltr' id='par_1_4' title="bbox 180 550 718 584">
     <span class='ocr_line' id='line_1_5' title="bbox 180 550 718 584; baseline 0 -1"><span class='ocrx_word' id='word_1_22' title='bbox 180 552 195 583; x_wconf 92' lang='lat'>1</span> <span class='ocrx_word' id='word_1_23' title='bbox 219 550 302 583; x_wconf 73' lang='lat' dir='ltr'>satis</span> <span class='ocrx_word' id='word_1_24' title='bbox 323 551 438 583; x_wconf 69' lang='lat' dir='ltr'>solitus</span> <span class='ocrx_word' id='word_1_25' title='bbox 460 560 494 583; x_wconf 71' lang='lat' dir='ltr'>es</span> <span class='ocrx_word' id='word_1_26' title='bbox 515 560 656 584; x_wconf 84' lang='lat' dir='ltr'>maerere</span> <span class='ocrx_word' id='word_1_27' title='bbox 678 570 718 576; x_wconf 87' lang='lat'>—</span> 
     </span>
    </p>
   </div>
   <div class='ocr_carea' id='block_1_5' title="bbox 136 698 1902 795">
    <p class='ocr_par' dir='ltr' id='par_1_5' title="bbox 136 698 1902 795">
     <span class='ocr_line' id='line_1_6' title="bbox 138 698 1902 743; baseline -0.002 -11"><span class='ocrx_word' id='word_1_28' title='bbox 138 701 310 734; x_wconf 84' lang='lat' dir='ltr'>decurtati.</span> <span class='ocrx_word' id='word_1_29' title='bbox 334 700 416 732; x_wconf 83' lang='lat' dir='ltr'><strong>Veri</strong></span> <span class='ocrx_word' id='word_1_30' title='bbox 440 700 582 741; x_wconf 82' lang='lat' dir='ltr'>vestigia</span> <span class='ocrx_word' id='word_1_31' title='bbox 596 700 771 743; x_wconf 79' lang='lat' dir='ltr'>manifesta</span> <span class='ocrx_word' id='word_1_32' title='bbox 789 705 865 731; x_wconf 82' lang='lat' dir='ltr'>sunt</span> <span class='ocrx_word' id='word_1_33' title='bbox 879 701 912 732; x_wconf 87' lang='lat' dir='ltr'>in</span> <span class='ocrx_word' id='word_1_34' title='bbox 925 701 995 732; x_wconf 84' lang='lat' dir='ltr'>cod.</span> <span class='ocrx_word' id='word_1_35' title='bbox 1042 699 1273 738; x_wconf 87' lang='lat' dir='ltr'>Scribendum,</span> <span class='ocrx_word' id='word_1_36' title='bbox 1297 704 1333 730; x_wconf 85' lang='lat' dir='ltr'>ut</span> <span class='ocrx_word' id='word_1_37' title='bbox 1356 698 1427 731; x_wconf 85' lang='lat' dir='ltr'>feci.</span> <span class='ocrx_word' id='word_1_38' title='bbox 1469 698 1584 731; x_wconf 82' lang='lat' dir='ltr'>Cicero</span> <span class='ocrx_word' id='word_1_39' title='bbox 1607 699 1755 729; x_wconf 87' lang='lat' dir='ltr'>omnium</span> <span class='ocrx_word' id='word_1_40' title='bbox 1781 707 1902 730; x_wconf 76' lang='lat' dir='ltr'>umcro-</span> 
     </span>
     <span class='ocr_line' id='line_1_7' title="bbox 136 752 1500 795; baseline 0 -10"><span class='ocrx_word' id='word_1_41' title='bbox 136 753 306 785; x_wconf 83' lang='lat' dir='ltr'>Mediceo:</span> <span class='ocrx_word' id='word_1_42' title='bbox 340 752 455 784; x_wconf 83' lang='lat' dir='ltr'><em>Piliam</em></span> <span class='ocrx_word' id='word_1_43' title='bbox 480 754 556 795; x_wconf 74' lang='lat' dir='ltr'>anqz&#39;</span> <span class='ocrx_word' id='word_1_44' title='bbox 578 753 703 784; x_wconf 78' lang='lat' dir='ltr'>vetabat</span> <span class='ocrx_word' id='word_1_45' title='bbox 725 754 753 783; x_wconf 78' lang='lat' dir='ltr'>is</span> <span class='ocrx_word' id='word_1_46' title='bbox 777 756 823 784; x_wconf 74' lang='lat' dir='ltr'>ese</span> <span class='ocrx_word' id='word_1_47' title='bbox 846 763 995 785; x_wconf 73' lang='lat' dir='ltr'>nazerere.</span> <span class='ocrx_word' id='word_1_48' title='bbox 1043 763 1112 786; x_wconf 87' lang='lat' dir='ltr'>rem</span> <span class='ocrx_word' id='word_1_49' title='bbox 1135 754 1168 785; x_wconf 86' lang='lat' dir='ltr'>in</span> <span class='ocrx_word' id='word_1_50' title='bbox 1193 763 1226 785; x_wconf 88' lang='lat' dir='ltr'>se</span> <span class='ocrx_word' id='word_1_51' title='bbox 1248 764 1352 785; x_wconf 87' lang='lat' dir='ltr'>unum</span> <span class='ocrx_word' id='word_1_52' title='bbox 1376 754 1500 794; x_wconf 82' lang='lat' dir='ltr'>recipit.</span> 
     </span>
    </p>
   </div>
   <div class='ocr_carea' id='block_1_6' title="bbox 743 860 1296 915">
    <p class='ocr_par' dir='ltr' id='par_1_6' title="bbox 743 860 1296 915">
     <span class='ocr_line' id='line_1_8' title="bbox 743 860 1296 915; baseline -0.004 -13"><span class='ocrx_word' id='word_1_53' title='bbox 743 861 840 902; x_wconf 80' lang='lat' dir='ltr'>XV.</span> <span class='ocrx_word' id='word_1_54' title='bbox 907 862 973 915; x_wconf 85' lang='lat' dir='ltr'>(A.</span> <span class='ocrx_word' id='word_1_55' title='bbox 1015 862 1060 903; x_wconf 83' lang='lat' dir='ltr'>U.</span> <span class='ocrx_word' id='word_1_56' title='bbox 1098 862 1140 901; x_wconf 87' lang='lat' dir='ltr'>C.</span> <span class='ocrx_word' id='word_1_57' title='bbox 1178 860 1296 914; x_wconf 87' lang='lat'>709.)</span> 
     </span>
    </p>
   </div>
   <div class='ocr_carea' id='block_1_7' title="bbox 136 975 1963 1326">
    <p class='ocr_par' dir='ltr' id='par_1_7' title="bbox 136 975 1963 1326">
     <span class='ocr_line' id='line_1_9' title="bbox 199 975 1904 1032; baseline 0 -14"><span class='ocrx_word' id='word_1_58' title='bbox 199 975 320 1032; x_wconf 90' lang='lat' dir='ltr'><strong>Apud</strong></span> <span class='ocrx_word' id='word_1_59' title='bbox 355 975 617 1031; x_wconf 83' lang='lat' dir='ltr'>Appuleium,</span> <span class='ocrx_word' id='word_1_60' title='bbox 652 976 842 1031; x_wconf 87' lang='lat' dir='ltr'>quoniam</span> <span class='ocrx_word' id='word_1_61' title='bbox 878 977 920 1018; x_wconf 90' lang='lat' dir='ltr'>in</span> <span class='ocrx_word' id='word_1_62' title='bbox 955 980 1192 1031; x_wconf 87' lang='lat' dir='ltr'>perpetuum</span> <span class='ocrx_word' id='word_1_63' title='bbox 1228 991 1309 1018; x_wconf 90' lang='lat' dir='ltr'>non</span> <span class='ocrx_word' id='word_1_64' title='bbox 1346 975 1489 1031; x_wconf 86' lang='lat' dir='ltr'>placet,</span> <span class='ocrx_word' id='word_1_65' title='bbox 1525 976 1567 1018; x_wconf 85' lang='lat' dir='ltr'>iu</span> <span class='ocrx_word' id='word_1_66' title='bbox 1601 976 1686 1019; x_wconf 88' lang='lat' dir='ltr'>dies</span> <span class='ocrx_word' id='word_1_67' title='bbox 1720 982 1765 1018; x_wconf 87' lang='lat' dir='ltr'>ut</span> <span class='ocrx_word' id='word_1_68' title='bbox 1787 992 1904 1018; x_wconf 83' lang='lat' dir='ltr'>excu—</span> 
     </span>
     <span class='ocr_line' id='line_1_10' title="bbox 136 1048 1905 1106; baseline 0.001 -16"><span class='ocrx_word' id='word_1_69' title='bbox 136 1064 198 1091; x_wconf 90' lang='lat' dir='ltr'>ser</span> <span class='ocrx_word' id='word_1_70' title='bbox 241 1048 411 1091; x_wconf 86' lang='lat' dir='ltr'>videbis.</span> <span class='ocrx_word' id='word_1_71' title='bbox 477 1049 528 1091; x_wconf 85' lang='lat' dir='ltr'>In</span> <span class='ocrx_word' id='word_1_72' title='bbox 573 1050 647 1091; x_wconf 89' lang='lat' dir='ltr'>hac</span> <span class='ocrx_word' id='word_1_73' title='bbox 691 1050 911 1092; x_wconf 72' lang='lat' dir='ltr'>solitudine</span> <span class='ocrx_word' id='word_1_74' title='bbox 945 1065 1058 1091; x_wconf 88' lang='lat' dir='ltr'>careo</span> <span class='ocrx_word' id='word_1_75' title='bbox 1092 1050 1271 1091; x_wconf 86' lang='lat' dir='ltr'>omnium</span> <span class='ocrx_word' id='word_1_76' title='bbox 1305 1050 1519 1104; x_wconf 85' lang='lat' dir='ltr'>colloquio,</span> <span class='ocrx_word' id='word_1_77' title='bbox 1555 1065 1756 1106; x_wconf 86' lang='lat' dir='ltr'>quumque</span> <span class='ocrx_word' id='word_1_78' title='bbox 1790 1065 1905 1092; x_wconf 82' lang='lat' dir='ltr'>mane</span> 
     </span>
     <span class='ocr_line' id='line_1_11' title="bbox 138 1122 1907 1179; baseline -0.001 -14"><span class='ocrx_word' id='word_1_79' title='bbox 138 1139 200 1165; x_wconf 87' lang='lat' dir='ltr'>me</span> <span class='ocrx_word' id='word_1_80' title='bbox 233 1124 276 1165; x_wconf 91' lang='lat' dir='ltr'>in</span> <span class='ocrx_word' id='word_1_81' title='bbox 310 1123 451 1165; x_wconf 89' lang='lat' dir='ltr'>silvam</span> <span class='ocrx_word' id='word_1_82' title='bbox 485 1122 661 1165; x_wconf 88' lang='lat' dir='ltr'>abstrusi</span> <span class='ocrx_word' id='word_1_83' title='bbox 695 1123 860 1165; x_wconf 88' lang='lat' dir='ltr'>densam</span> <span class='ocrx_word' id='word_1_84' title='bbox 894 1129 934 1165; x_wconf 88' lang='lat' dir='ltr'>et</span> <span class='ocrx_word' id='word_1_85' title='bbox 967 1138 1162 1179; x_wconf 80' lang='lat' dir='ltr'>asperam,</span> <span class='ocrx_word' id='word_1_86' title='bbox 1199 1138 1280 1164; x_wconf 90' lang='lat' dir='ltr'>non</span> <span class='ocrx_word' id='word_1_87' title='bbox 1313 1138 1409 1164; x_wconf 88' lang='lat' dir='ltr'>exeo</span> <span class='ocrx_word' id='word_1_88' title='bbox 1439 1122 1532 1164; x_wconf 84' lang='lat' dir='ltr'>inde</span> <span class='ocrx_word' id='word_1_89' title='bbox 1568 1129 1660 1165; x_wconf 84' lang='lat' dir='ltr'>ante</span> <span class='ocrx_word' id='word_1_90' title='bbox 1683 1139 1907 1179; x_wconf 87' lang='lat' dir='ltr'>vesperum.</span> 
     </span>
     <span class='ocr_line' id='line_1_12' title="bbox 138 1196 1963 1239; baseline -0.001 0"><span class='ocrx_word' id='word_1_91' title='bbox 138 1196 369 1239; x_wconf 83' lang='lat' dir='ltr'>Secundum</span> <span class='ocrx_word' id='word_1_92' title='bbox 402 1201 442 1238; x_wconf 92' lang='lat' dir='ltr'>te</span> <span class='ocrx_word' id='word_1_93' title='bbox 475 1196 579 1238; x_wconf 87' lang='lat' dir='ltr'>nihil</span> <span class='ocrx_word' id='word_1_94' title='bbox 611 1202 673 1239; x_wconf 92' lang='lat' dir='ltr'>est</span> <span class='ocrx_word' id='word_1_95' title='bbox 706 1197 806 1238; x_wconf 90' lang='lat' dir='ltr'>mihi</span> <span class='ocrx_word' id='word_1_96' title='bbox 839 1197 1008 1239; x_wconf 83' lang='lat' dir='ltr'>amicius</span> <span class='ocrx_word' id='word_1_97' title='bbox 1042 1196 1275 1239; x_wconf 71' lang='lat' dir='ltr'>solitudine.</span> <span class='ocrx_word' id='word_1_98' title='bbox 1322 1197 1373 1238; x_wconf 90' lang='lat' dir='ltr'>In</span> <span class='ocrx_word' id='word_1_99' title='bbox 1406 1212 1452 1238; x_wconf 83' lang='lat' dir='ltr'>ea</span> <span class='ocrx_word' id='word_1_100' title='bbox 1485 1197 1586 1238; x_wconf 89' lang='lat' dir='ltr'>mihi</span> <span class='ocrx_word' id='word_1_101' title='bbox 1619 1197 1748 1239; x_wconf 89' lang='lat' dir='ltr'>omnis</span> <span class='ocrx_word' id='word_1_102' title='bbox 1781 1212 1908 1239; x_wconf 89' lang='lat' dir='ltr'>sermo</span> <span class='ocrx_word' id='word_1_103' title='bbox 1949 1211 1963 1234; x_wconf 81' lang='lat'>5</span> 
     </span>
     <span class='ocr_line' id='line_1_13' title="bbox 138 1269 1909 1326; baseline -0.001 -13"><span class='ocrx_word' id='word_1_104' title='bbox 138 1275 200 1313; x_wconf 91' lang='lat' dir='ltr'>est</span> <span class='ocrx_word' id='word_1_105' title='bbox 232 1286 326 1313; x_wconf 91' lang='lat' dir='ltr'>cum</span> <span class='ocrx_word' id='word_1_106' title='bbox 357 1270 501 1312; x_wconf 87' lang='lat' dir='ltr'>literis.</span> <span class='ocrx_word' id='word_1_107' title='bbox 535 1270 642 1311; x_wconf 86' lang='lat' dir='ltr'>Eum</span> <span class='ocrx_word' id='word_1_108' title='bbox 675 1275 812 1312; x_wconf 86' lang='lat' dir='ltr'>tamen</span> <span class='ocrx_word' id='word_1_109' title='bbox 845 1269 1077 1326; x_wconf 75' lang='lat' dir='ltr'>interpellat</span> <span class='ocrx_word' id='word_1_110' title='bbox 1109 1270 1240 1322; x_wconf 88' lang='lat' dir='ltr'>fletus,</span> <span class='ocrx_word' id='word_1_111' title='bbox 1275 1270 1341 1311; x_wconf 92' lang='lat' dir='ltr'>cui</span> <span class='ocrx_word' id='word_1_112' title='bbox 1363 1285 1557 1326; x_wconf 85' lang='lat' dir='ltr'>repugno,</span> <span class='ocrx_word' id='word_1_113' title='bbox 1577 1270 1708 1326; x_wconf 90' lang='lat' dir='ltr'>quoad</span> <span class='ocrx_word' id='word_1_114' title='bbox 1731 1285 1909 1326; x_wconf 89' lang='lat' dir='ltr'>possum.</span> 
     </span>
    </p>
   </div>
   <div class='ocr_carea' id='block_1_8' title="bbox 140 1344 1910 1469">
    <p class='ocr_par' dir='ltr' id='par_1_8' title="bbox 140 1344 1910 1469">
     <span class='ocr_line' id='line_1_14' title="bbox 140 1344 1910 1400; baseline -0.001 -13"><span class='ocrx_word' id='word_1_115' title='bbox 140 1344 217 1388; x_wconf 88' lang='lat' dir='ltr'>Sed</span> <span class='ocrx_word' id='word_1_116' title='bbox 261 1344 394 1387; x_wconf 87' lang='lat' dir='ltr'>adhuc</span> <span class='ocrx_word' id='word_1_117' title='bbox 438 1359 552 1400; x_wconf 87' lang='lat' dir='ltr'>pares</span> <span class='ocrx_word' id='word_1_118' title='bbox 596 1359 677 1386; x_wconf 89' lang='grc'><strong>11011</strong></span> <span class='ocrx_word' id='word_1_119' title='bbox 722 1359 875 1387; x_wconf 86' lang='lat' dir='ltr'>sumus.</span> <span class='ocrx_word' id='word_1_120' title='bbox 926 1345 1068 1396; x_wconf 89' lang='lat' dir='ltr'>Bruto,</span> <span class='ocrx_word' id='word_1_121' title='bbox 1111 1349 1158 1386; x_wconf 89' lang='lat' dir='ltr'>ut</span> <span class='ocrx_word' id='word_1_122' title='bbox 1191 1344 1348 1395; x_wconf 82' lang='lat' dir='ltr'>suades,</span> <span class='ocrx_word' id='word_1_123' title='bbox 1383 1344 1612 1386; x_wconf 81' lang='lat' dir='ltr'>rescribam.</span> <span class='ocrx_word' id='word_1_124' title='bbox 1663 1345 1742 1386; x_wconf 83' lang='lat' dir='ltr'>Eas</span> <span class='ocrx_word' id='word_1_125' title='bbox 1775 1344 1910 1385; x_wconf 85' lang='lat' dir='ltr'>literas</span> 
     </span>
     <span class='ocr_line' id='line_1_15' title="bbox 140 1417 1103 1469; baseline 0 -9"><span class='ocrx_word' id='word_1_126' title='bbox 140 1434 225 1460; x_wconf 84' lang='lat' dir='ltr'>cras</span> <span class='ocrx_word' id='word_1_127' title='bbox 258 1417 441 1460; x_wconf 82' lang='lat' dir='ltr'>habebis.</span> <span class='ocrx_word' id='word_1_128' title='bbox 475 1417 613 1469; x_wconf 77' lang='lat' dir='ltr'>Quum</span> <span class='ocrx_word' id='word_1_129' title='bbox 647 1418 723 1460; x_wconf 87' lang='lat' dir='ltr'>erit</span> <span class='ocrx_word' id='word_1_130' title='bbox 755 1418 821 1460; x_wconf 90' lang='lat' dir='ltr'>cui</span> <span class='ocrx_word' id='word_1_131' title='bbox 854 1417 938 1469; x_wconf 85' lang='lat' dir='ltr'>deS,</span> <span class='ocrx_word' id='word_1_132' title='bbox 973 1417 1103 1460; x_wconf 90' lang='lat' dir='ltr'>dabis.</span> 
     </span>
    </p>
   </div>
   <div class='ocr_carea' id='block_1_9' title="bbox 742 1543 1318 1597">
    <p class='ocr_par' dir='ltr' id='par_1_9' title="bbox 742 1543 1318 1597">
     <span class='ocr_line' id='line_1_16' title="bbox 742 1543 1318 1597; baseline -0.005 -11"><span class='ocrx_word' id='word_1_133' title='bbox 742 1544 865 1586; x_wconf 80' lang='lat' dir='ltr'><em>XVI.</em></span> <span class='ocrx_word' id='word_1_134' title='bbox 932 1544 994 1597; x_wconf 81' lang='lat' dir='ltr'>(A.</span> <span class='ocrx_word' id='word_1_135' title='bbox 1035 1543 1079 1584; x_wconf 81' lang='lat' dir='ltr'>Is.</span> <span class='ocrx_word' id='word_1_136' title='bbox 1119 1545 1160 1585; x_wconf 83' lang='lat' dir='ltr'>C.</span> <span class='ocrx_word' id='word_1_137' title='bbox 1199 1543 1318 1597; x_wconf 88' lang='lat'>709.)</span> 
     </span>
    </p>
   </div>
   <div class='ocr_carea' id='block_1_10' title="bbox 144 1658 1970 2232">
    <p class='ocr_par' dir='ltr' id='par_1_10' title="bbox 144 1658 1970 2232">
     <span class='ocr_line' id='line_1_17' title="bbox 202 1658 1913 1716; baseline 0 -16"><span class='ocrx_word' id='word_1_138' title='bbox 202 1659 258 1701; x_wconf 86' lang='lat' dir='ltr'>Te</span> <span class='ocrx_word' id='word_1_139' title='bbox 301 1658 383 1700; x_wconf 86' lang='lat' dir='ltr'>tuis</span> <span class='ocrx_word' id='word_1_140' title='bbox 426 1659 599 1714; x_wconf 84' lang='lat' dir='ltr'>negotiis</span> <span class='ocrx_word' id='word_1_141' title='bbox 643 1659 794 1701; x_wconf 84' lang='lat' dir='ltr'>relictis</span> <span class='ocrx_word' id='word_1_142' title='bbox 835 1659 928 1701; x_wconf 91' lang='lat' dir='ltr'>nolo</span> <span class='ocrx_word' id='word_1_143' title='bbox 973 1659 1023 1701; x_wconf 91' lang='lat' dir='ltr'>ad</span> <span class='ocrx_word' id='word_1_144' title='bbox 1067 1674 1129 1701; x_wconf 90' lang='lat' dir='ltr'>me</span> <span class='ocrx_word' id='word_1_145' title='bbox 1173 1658 1322 1709; x_wconf 89' lang='lat' dir='ltr'>venire,</span> <span class='ocrx_word' id='word_1_146' title='bbox 1369 1673 1442 1714; x_wconf 84' lang='lat' dir='ltr'>ego</span> <span class='ocrx_word' id='word_1_147' title='bbox 1475 1660 1611 1716; x_wconf 88' lang='lat' dir='ltr'>potius</span> <span class='ocrx_word' id='word_1_148' title='bbox 1643 1658 1845 1710; x_wconf 83' lang='lat' dir='ltr'>accedam,</span> <span class='ocrx_word' id='word_1_149' title='bbox 1879 1660 1913 1700; x_wconf 87' lang='lat' dir='ltr'>si</span> 
     </span>
     <span class='ocr_line' id='line_1_18' title="bbox 144 1732 1914 1789; baseline -0.001 -14"><span class='ocrx_word' id='word_1_150' title='bbox 144 1733 299 1775; x_wconf 90' lang='lat' dir='ltr'>diutius</span> <span class='ocrx_word' id='word_1_151' title='bbox 332 1732 565 1789; x_wconf 86' lang='lat' dir='ltr'>impediere.</span> <span class='ocrx_word' id='word_1_152' title='bbox 600 1734 691 1775; x_wconf 88' lang='lat' dir='ltr'>Etsi</span> <span class='ocrx_word' id='word_1_153' title='bbox 724 1749 774 1775; x_wconf 86' lang='lat' dir='ltr'>ne</span> <span class='ocrx_word' id='word_1_154' title='bbox 808 1733 1080 1775; x_wconf 83' lang='lat' dir='ltr'>discessissem</span> <span class='ocrx_word' id='word_1_155' title='bbox 1113 1732 1278 1788; x_wconf 89' lang='lat' dir='ltr'>quidem</span> <span class='ocrx_word' id='word_1_156' title='bbox 1313 1747 1334 1774; x_wconf 92' lang='lat' dir='ltr'>e</span> <span class='ocrx_word' id='word_1_157' title='bbox 1367 1739 1586 1789; x_wconf 88' lang='lat' dir='ltr'>conspectu</span> <span class='ocrx_word' id='word_1_158' title='bbox 1619 1739 1705 1783; x_wconf 89' lang='lat' dir='ltr'>tuo,</span> <span class='ocrx_word' id='word_1_159' title='bbox 1738 1732 1818 1774; x_wconf 89' lang='lat' dir='ltr'>nisi</span> <span class='ocrx_word' id='word_1_160' title='bbox 1852 1748 1914 1774; x_wconf 90' lang='lat' dir='ltr'>me</span> 
     </span>
     <span class='ocr_line' id='line_1_19' title="bbox 145 1805 1913 1862; baseline -0.001 -14"><span class='ocrx_word' id='word_1_161' title='bbox 145 1806 262 1862; x_wconf 86' lang='lat' dir='ltr'>plane</span> <span class='ocrx_word' id='word_1_162' title='bbox 295 1805 399 1848; x_wconf 77' lang='lat' dir='ltr'>nihi]</span> <span class='ocrx_word' id='word_1_163' title='bbox 431 1805 515 1847; x_wconf 83' lang='lat' dir='ltr'>uHa</span> <span class='ocrx_word' id='word_1_164' title='bbox 546 1821 609 1848; x_wconf 84' lang='lat' dir='ltr'>res</span> <span class='ocrx_word' id='word_1_165' title='bbox 642 1807 864 1849; x_wconf 86' lang='lat' dir='ltr'>adiuvaret.</span> <span class='ocrx_word' id='word_1_166' title='bbox 905 1806 1063 1859; x_wconf 77' lang='lat' dir='ltr'>Quodsi</span> <span class='ocrx_word' id='word_1_167' title='bbox 1096 1811 1200 1848; x_wconf 89' lang='lat' dir='ltr'>esset</span> <span class='ocrx_word' id='word_1_168' title='bbox 1233 1805 1396 1861; x_wconf 84' lang='lat' dir='ltr'>aliquod</span> <span class='ocrx_word' id='word_1_169' title='bbox 1428 1806 1624 1857; x_wconf 88' lang='lat' dir='ltr'>levamen,</span> <span class='ocrx_word' id='word_1_170' title='bbox 1658 1806 1701 1848; x_wconf 89' lang='lat' dir='ltr'>id</span> <span class='ocrx_word' id='word_1_171' title='bbox 1735 1811 1839 1848; x_wconf 86' lang='lat' dir='ltr'>esset</span> <span class='ocrx_word' id='word_1_172' title='bbox 1871 1807 1913 1848; x_wconf 89' lang='lat' dir='ltr'>in</span> 
     </span>
     <span class='ocr_line' id='line_1_20' title="bbox 145 1880 1970 1937; baseline 0 -14"><span class='ocrx_word' id='word_1_173' title='bbox 145 1886 186 1923; x_wconf 90' lang='lat' dir='ltr'>te</span> <span class='ocrx_word' id='word_1_174' title='bbox 219 1895 316 1932; x_wconf 89' lang='lat' dir='ltr'>un0,</span> <span class='ocrx_word' id='word_1_175' title='bbox 350 1885 391 1922; x_wconf 84' lang='lat' dir='ltr'>et</span> <span class='ocrx_word' id='word_1_176' title='bbox 423 1895 548 1935; x_wconf 90' lang='lat' dir='ltr'>quum</span> <span class='ocrx_word' id='word_1_177' title='bbox 581 1881 754 1936; x_wconf 89' lang='lat' dir='ltr'>primum</span> <span class='ocrx_word' id='word_1_178' title='bbox 789 1881 840 1923; x_wconf 87' lang='lat' dir='ltr'>ab</span> <span class='ocrx_word' id='word_1_179' title='bbox 874 1881 1010 1937; x_wconf 88' lang='lat' dir='ltr'>aliquo</span> <span class='ocrx_word' id='word_1_180' title='bbox 1042 1880 1191 1936; x_wconf 88' lang='lat' dir='ltr'>poterit</span> <span class='ocrx_word' id='word_1_181' title='bbox 1223 1895 1322 1932; x_wconf 89' lang='lat' dir='ltr'>esse,</span> <span class='ocrx_word' id='word_1_182' title='bbox 1357 1896 1380 1922; x_wconf 89' lang='lat' dir='ltr'>a</span> <span class='ocrx_word' id='word_1_183' title='bbox 1411 1886 1451 1923; x_wconf 90' lang='lat' dir='ltr'>te</span> <span class='ocrx_word' id='word_1_184' title='bbox 1484 1882 1574 1923; x_wconf 88' lang='lat' dir='ltr'>erit.</span> <span class='ocrx_word' id='word_1_185' title='bbox 1623 1882 1746 1923; x_wconf 91' lang='lat' dir='ltr'>Nunc</span> <span class='ocrx_word' id='word_1_186' title='bbox 1779 1886 1914 1923; x_wconf 87' lang='lat' dir='ltr'>tamen</span> <span class='ocrx_word' id='word_1_187' title='bbox 1957 1899 1970 1924; x_wconf 84' lang='lat'>5</span> 
     </span>
     <span class='ocr_line' id='line_1_21' title="bbox 146 1953 1914 2011; baseline 0 -16"><span class='ocrx_word' id='word_1_188' title='bbox 146 1954 279 2009; x_wconf 88' lang='lat' dir='ltr'>ipsum</span> <span class='ocrx_word' id='word_1_189' title='bbox 312 1954 398 1995; x_wconf 87' lang='lat' dir='ltr'>sine</span> <span class='ocrx_word' id='word_1_190' title='bbox 429 1958 470 1994; x_wconf 88' lang='lat' dir='ltr'>te</span> <span class='ocrx_word' id='word_1_191' title='bbox 504 1969 588 1995; x_wconf 88' lang='lat' dir='ltr'>esse</span> <span class='ocrx_word' id='word_1_192' title='bbox 621 1970 703 1996; x_wconf 91' lang='lat' dir='ltr'>non</span> <span class='ocrx_word' id='word_1_193' title='bbox 736 1970 914 2011; x_wconf 91' lang='lat' dir='ltr'>possum.</span> <span class='ocrx_word' id='word_1_194' title='bbox 949 1954 1029 1996; x_wconf 88' lang='lat' dir='ltr'>Sed</span> <span class='ocrx_word' id='word_1_195' title='bbox 1061 1969 1135 1996; x_wconf 90' lang='lat' dir='ltr'>nec</span> <span class='ocrx_word' id='word_1_196' title='bbox 1167 1958 1261 1995; x_wconf 88' lang='lat' dir='ltr'>tuae</span> <span class='ocrx_word' id='word_1_197' title='bbox 1295 1953 1404 1995; x_wconf 89' lang='lat' dir='ltr'>domi</span> <span class='ocrx_word' id='word_1_198' title='bbox 1436 1953 1681 2010; x_wconf 83' lang='lat' dir='ltr'>probabatur</span> <span class='ocrx_word' id='word_1_199' title='bbox 1712 1969 1787 1996; x_wconf 91' lang='lat' dir='ltr'>nec</span> <span class='ocrx_word' id='word_1_200' title='bbox 1804 1969 1914 1996; x_wconf 87' lang='lat' dir='ltr'>meae</span> 
     </span>
     <span class='ocr_line' id='line_1_22' title="bbox 147 2027 1915 2085; baseline 0.001 -16"><span class='ocrx_word' id='word_1_201' title='bbox 147 2033 341 2083; x_wconf 86' lang='lat' dir='ltr'>poteram,</span> <span class='ocrx_word' id='word_1_202' title='bbox 375 2042 464 2079; x_wconf 90' lang='lat' dir='ltr'>nec,</span> <span class='ocrx_word' id='word_1_203' title='bbox 500 2027 532 2070; x_wconf 91' lang='lat' dir='ltr'>si</span> <span class='ocrx_word' id='word_1_204' title='bbox 565 2029 731 2084; x_wconf 89' lang='lat' dir='ltr'>propius</span> <span class='ocrx_word' id='word_1_205' title='bbox 765 2044 892 2071; x_wconf 84' lang='lat' dir='ltr'>essem</span> <span class='ocrx_word' id='word_1_206' title='bbox 923 2030 1096 2085; x_wconf 87' lang='lat' dir='ltr'>uspiam,</span> <span class='ocrx_word' id='word_1_207' title='bbox 1129 2033 1264 2070; x_wconf 89' lang='lat' dir='ltr'>tecum</span> <span class='ocrx_word' id='word_1_208' title='bbox 1303 2033 1437 2070; x_wconf 86' lang='lat' dir='ltr'>tamen</span> <span class='ocrx_word' id='word_1_209' title='bbox 1470 2043 1610 2069; x_wconf 87' lang='lat' dir='ltr'>essem.</span> <span class='ocrx_word' id='word_1_210' title='bbox 1660 2028 1775 2070; x_wconf 87' lang='lat' dir='ltr'>Idem</span> <span class='ocrx_word' id='word_1_211' title='bbox 1808 2029 1915 2070; x_wconf 89' lang='lat' dir='ltr'>enim</span> 
     </span>
     <span class='ocr_line' id='line_1_23' title="bbox 149 2099 1915 2157; baseline 0.001 -16"><span class='ocrx_word' id='word_1_212' title='bbox 149 2105 188 2141; x_wconf 90' lang='grc'>136</span> <span class='ocrx_word' id='word_1_213' title='bbox 231 2099 459 2156; x_wconf 88' lang='lat' dir='ltr'>impediret,</span> <span class='ocrx_word' id='word_1_214' title='bbox 503 2117 582 2157; x_wconf 92' lang='lat' dir='ltr'>quo</span> <span class='ocrx_word' id='word_1_215' title='bbox 624 2103 760 2145; x_wconf 91' lang='lat' dir='ltr'>minus</span> <span class='ocrx_word' id='word_1_216' title='bbox 801 2118 959 2145; x_wconf 90' lang='lat' dir='ltr'>mecum</span> <span class='ocrx_word' id='word_1_217' title='bbox 992 2118 1112 2153; x_wconf 87' lang='grc'><strong>68868,</strong></span> <span class='ocrx_word' id='word_1_218' title='bbox 1147 2101 1255 2156; x_wconf 91' lang='lat' dir='ltr'>quod</span> <span class='ocrx_word' id='word_1_219' title='bbox 1287 2116 1397 2143; x_wconf 87' lang='lat' dir='ltr'>nunc</span> <span class='ocrx_word' id='word_1_220' title='bbox 1429 2102 1549 2144; x_wconf 86' lang='lat' dir='ltr'>etiam</span> <span class='ocrx_word' id='word_1_221' title='bbox 1582 2099 1766 2157; x_wconf 87' lang='lat' dir='ltr'>impedit.</span> <span class='ocrx_word' id='word_1_222' title='bbox 1810 2101 1915 2143; x_wconf 90' lang='lat' dir='ltr'>Mihi</span> 
     </span>
     <span class='ocr_line' id='line_1_24' title="bbox 149 2173 1916 2232; baseline 0.002 -17"><span class='ocrx_word' id='word_1_223' title='bbox 149 2173 280 2216; x_wconf 82' lang='lat' dir='ltr'>adhuc</span> <span class='ocrx_word' id='word_1_224' title='bbox 327 2174 431 2217; x_wconf 88' lang='lat' dir='ltr'>nihil</span> <span class='ocrx_word' id='word_1_225' title='bbox 473 2177 585 2232; x_wconf 90' lang='lat' dir='ltr'>prius</span> <span class='ocrx_word' id='word_1_226' title='bbox 627 2177 707 2219; x_wconf 79' lang='lat' dir='ltr'>fuit</span> <span class='ocrx_word' id='word_1_227' title='bbox 750 2177 826 2220; x_wconf 87' lang='lat' dir='ltr'>hac</span> <span class='ocrx_word' id='word_1_228' title='bbox 869 2177 1100 2227; x_wconf 89' lang='lat' dir='ltr'>solitudine,</span> <span class='ocrx_word' id='word_1_229' title='bbox 1135 2191 1256 2232; x_wconf 91' lang='lat' dir='ltr'>quam</span> <span class='ocrx_word' id='word_1_230' title='bbox 1289 2191 1425 2218; x_wconf 88' lang='lat' dir='ltr'>vereor</span> <span class='ocrx_word' id='word_1_231' title='bbox 1457 2191 1508 2218; x_wconf 92' lang='lat' dir='ltr'>ne</span> <span class='ocrx_word' id='word_1_232' title='bbox 1542 2175 1756 2232; x_wconf 85' lang='lat' dir='ltr'>Philippus</span> <span class='ocrx_word' id='word_1_233' title='bbox 1788 2176 1916 2218; x_wconf 87' lang='lat' dir='ltr'>tollat.</span> 
     </span>
    </p>
   </div>
   <div class='ocr_carea' id='block_1_11' title="bbox 150 2248 1974 2364">
    <p class='ocr_par' dir='ltr' id='par_1_11' title="bbox 150 2248 1974 2364">
     <span class='ocr_line' id='line_1_25' title="bbox 150 2248 1974 2306; baseline 0 -16"><span class='ocrx_word' id='word_1_234' title='bbox 150 2248 251 2290; x_wconf 89' lang='lat' dir='ltr'>Heri</span> <span class='ocrx_word' id='word_1_235' title='bbox 299 2248 406 2290; x_wconf 91' lang='lat' dir='ltr'>enim</span> <span class='ocrx_word' id='word_1_236' title='bbox 450 2249 605 2305; x_wconf 87' lang='lat' dir='ltr'>vesperi</span> <span class='ocrx_word' id='word_1_237' title='bbox 651 2257 827 2293; x_wconf 89' lang='lat' dir='ltr'>venerat.</span> <span class='ocrx_word' id='word_1_238' title='bbox 879 2251 947 2293; x_wconf 85' lang='lat' dir='ltr'>Me</span> <span class='ocrx_word' id='word_1_239' title='bbox 981 2251 1147 2306; x_wconf 85' lang='lat' dir='ltr'>scriptio</span> <span class='ocrx_word' id='word_1_240' title='bbox 1181 2255 1222 2291; x_wconf 92' lang='lat' dir='ltr'>et</span> <span class='ocrx_word' id='word_1_241' title='bbox 1253 2250 1391 2291; x_wconf 90' lang='lat' dir='ltr'>literae</span> <span class='ocrx_word' id='word_1_242' title='bbox 1424 2265 1506 2291; x_wconf 90' lang='lat' dir='ltr'>non</span> <span class='ocrx_word' id='word_1_243' title='bbox 1539 2249 1711 2300; x_wconf 90' lang='lat' dir='ltr'>leniunt,</span> <span class='ocrx_word' id='word_1_244' title='bbox 1747 2249 1815 2291; x_wconf 90' lang='lat' dir='ltr'>sed</span> <span class='ocrx_word' id='word_1_245' title='bbox 1850 2249 1918 2291; x_wconf 91' lang='lat' dir='ltr'>ob-</span> <span class='ocrx_word' id='word_1_246' title='bbox 1941 2263 1974 2289; x_wconf 82' lang='grc' dir='ltr'>ιο</span> 
     </span>
     <span class='ocr_line' id='line_1_26' title="bbox 150 2321 334 2364; baseline 0 -1"><span class='ocrx_word' id='word_1_247' title='bbox 150 2321 334 2364; x_wconf 89' lang='lat' dir='ltr'>turbant.</span> 
     </span>
    </p>
   </div>
   <div class='ocr_carea' id='block_1_12' title="bbox 194 2486 1585 2530">
    <p class='ocr_par' dir='ltr' id='par_1_12' title="bbox 194 2486 1585 2530">
     <span class='ocr_line' id='line_1_27' title="bbox 194 2486 1585 2530; baseline 0 -12"><span class='ocrx_word' id='word_1_248' title='bbox 194 2486 286 2518; x_wconf 76' lang='lat' dir='ltr'>Nihil</span> <span class='ocrx_word' id='word_1_249' title='bbox 301 2487 395 2529; x_wconf 78' lang='lat' dir='ltr'>prius</span> <span class='ocrx_word' id='word_1_250' title='bbox 409 2486 493 2528; x_wconf 83' lang='lat' dir='ltr'>fuit.</span> <span class='ocrx_word' id='word_1_251' title='bbox 527 2487 568 2519; x_wconf 92' lang='lat' dir='ltr'>In</span> <span class='ocrx_word' id='word_1_252' title='bbox 591 2488 680 2520; x_wconf 86' lang='lat' dir='ltr'>Med.</span> <span class='ocrx_word' id='word_1_253' title='bbox 704 2488 802 2520; x_wconf 88' lang='lat' dir='ltr'>initio</span> <span class='ocrx_word' id='word_1_254' title='bbox 823 2494 894 2520; x_wconf 83' lang='lat' dir='ltr'>erat</span> <span class='ocrx_word' id='word_1_255' title='bbox 908 2488 1012 2529; x_wconf 80' lang='lat' dir='ltr'>peius,</span> <span class='ocrx_word' id='word_1_256' title='bbox 1035 2489 1038 2526; x_wconf 79' lang='grc'>1</span> <span class='ocrx_word' id='word_1_257' title='bbox 1060 2488 1121 2520; x_wconf 87' lang='grc'><strong>1110</strong></span> <span class='ocrx_word' id='word_1_258' title='bbox 1139 2488 1230 2529; x_wconf 75' lang='lat' dir='ltr'>prius</span> <span class='ocrx_word' id='word_1_259' title='bbox 1253 2488 1460 2530; x_wconf 83' lang='lat' dir='ltr'>acquiescere</span> <span class='ocrx_word' id='word_1_260' title='bbox 1486 2487 1585 2519; x_wconf 84' lang='lat' dir='ltr'>malo.</span> 
     </span>
    </p>
   </div>
   <div class='ocr_carea' id='block_1_13' title="bbox 152 2532 1922 2635">
    <p class='ocr_par' dir='ltr' id='par_1_13' title="bbox 152 2532 1922 2635">
     <span class='ocr_line' id='line_1_28' title="bbox 152 2532 1922 2583; baseline -0.001 -11"><span class='ocrx_word' id='word_1_261' title='bbox 152 2540 273 2572; x_wconf 83' lang='lat' dir='ltr'>deinde</span> <span class='ocrx_word' id='word_1_262' title='bbox 293 2545 477 2572; x_wconf 82' lang='lat' dir='ltr'>correctum</span> <span class='ocrx_word' id='word_1_263' title='bbox 500 2545 549 2572; x_wconf 84' lang='lat' dir='ltr'>est</span> <span class='ocrx_word' id='word_1_264' title='bbox 581 2540 695 2580; x_wconf 70' lang='lat' dir='ltr'>aptius.</span> <span class='ocrx_word' id='word_1_265' title='bbox 733 2541 859 2574; x_wconf 84' lang='lat' dir='ltr'>Kahnt.</span> <span class='ocrx_word' id='word_1_266' title='bbox 895 2541 1013 2583; x_wconf 86' lang='lat' dir='ltr'>Symb.</span> <span class='ocrx_word' id='word_1_267' title='bbox 1036 2532 1039 2572; x_wconf 65' lang='lat'><em>2</em></span> <span class='ocrx_word' id='word_1_268' title='bbox 1105 2542 1281 2583; x_wconf 53' lang='lat' dir='ltr'>Philippu&amp;</span> <span class='ocrx_word' id='word_1_269' title='bbox 1304 2542 1344 2573; x_wconf 88' lang='lat' dir='ltr'>cf.</span> <span class='ocrx_word' id='word_1_270' title='bbox 1368 2552 1418 2583; x_wconf 85' lang='lat' dir='ltr'>cp.</span> <span class='ocrx_word' id='word_1_271' title='bbox 1441 2542 1459 2573; x_wconf 87' lang='grc'><strong>9</strong></span> <span class='ocrx_word' id='word_1_272' title='bbox 1482 2542 1514 2573; x_wconf 83' lang='grc'>11.</span> <span class='ocrx_word' id='word_1_273' title='bbox 1539 2542 1562 2572; x_wconf 93' lang='lat' dir='ltr'>l.</span> <span class='ocrx_word' id='word_1_274' title='bbox 1595 2547 1626 2573; x_wconf 86' lang='lat' dir='ltr'>et</span> <span class='ocrx_word' id='word_1_275' title='bbox 1650 2550 1700 2582; x_wconf 87' lang='lat' dir='ltr'>ep.</span> <span class='ocrx_word' id='word_1_276' title='bbox 1724 2541 1771 2577; x_wconf 80' lang='grc'>18,</span> <span class='ocrx_word' id='word_1_277' title='bbox 1799 2542 1812 2571; x_wconf 94' lang='grc'>1</span> <span class='ocrx_word' id='word_1_278' title='bbox 1838 2547 1922 2573; x_wconf 79' lang='lat' dir='ltr'>extr.</span> 
     </span>
     <span class='ocr_line' id='line_1_29' title="bbox 154 2593 1014 2635; baseline 0.002 -11"><span class='ocrx_word' id='word_1_279' title='bbox 154 2593 233 2625; x_wconf 85' lang='lat' dir='ltr'>Crit.</span> <span class='ocrx_word' id='word_1_280' title='bbox 257 2604 286 2634; x_wconf 88' lang='lat' dir='ltr'>p.</span> <span class='ocrx_word' id='word_1_281' title='bbox 311 2594 329 2625; x_wconf 92' lang='lat'>8</span> <span class='ocrx_word' id='word_1_282' title='bbox 352 2593 497 2625; x_wconf 84' lang='lat' dir='ltr'>malebat</span> <span class='ocrx_word' id='word_1_283' title='bbox 507 2593 658 2633; x_wconf 73' lang='lat' dir='ltr'>optatius.</span> <span class='ocrx_word' id='word_1_284' title='bbox 677 2594 750 2635; x_wconf 83' lang='lat' dir='ltr'>Ego</span> <span class='ocrx_word' id='word_1_285' title='bbox 766 2594 800 2626; x_wconf 90' lang='lat' dir='ltr'>in</span> <span class='ocrx_word' id='word_1_286' title='bbox 818 2595 1014 2626; x_wconf 83' lang='lat' dir='ltr'>victoriano</span> 
     </span>
    </p>
   </div>
   <div class='ocr_carea' id='block_1_14' title="bbox 743 2701 1346 2757">
    <p class='ocr_par' dir='ltr' id='par_1_14' title="bbox 743 2701 1346 2757">
     <span class='ocr_line' id='line_1_30' title="bbox 743 2701 1346 2757; baseline 0.002 -15"><span class='ocrx_word' id='word_1_287' title='bbox 743 2701 890 2743; x_wconf 84' lang='lat' dir='ltr'><em>XVII.</em></span> <span class='ocrx_word' id='word_1_288' title='bbox 955 2702 1021 2756; x_wconf 82' lang='lat' dir='ltr'>(A.</span> <span class='ocrx_word' id='word_1_289' title='bbox 1063 2703 1109 2744; x_wconf 84' lang='lat' dir='ltr'>U.</span> <span class='ocrx_word' id='word_1_290' title='bbox 1147 2703 1188 2743; x_wconf 80' lang='lat' dir='ltr'>G.</span> <span class='ocrx_word' id='word_1_291' title='bbox 1228 2704 1346 2757; x_wconf 83' lang='lat'>709.)</span> 
     </span>
    </p>
   </div>
   <div class='ocr_carea' id='block_1_15' title="bbox 156 2814 1976 3094">
    <p class='ocr_par' dir='ltr' id='par_1_15' title="bbox 156 2814 1976 3094">
     <span class='ocr_line' id='line_1_31' title="bbox 218 2814 1920 2874; baseline 0.001 -18"><span class='ocrx_word' id='word_1_292' title='bbox 218 2815 450 2858; x_wconf 87' lang='lat' dir='ltr'>Marcianus</span> <span class='ocrx_word' id='word_1_293' title='bbox 495 2814 545 2858; x_wconf 84' lang='lat' dir='ltr'>ad</span> <span class='ocrx_word' id='word_1_294' title='bbox 588 2830 651 2857; x_wconf 87' lang='grc'><strong>1116</strong></span> <span class='ocrx_word' id='word_1_295' title='bbox 696 2815 856 2872; x_wconf 86' lang='lat' dir='ltr'>scripsit</span> <span class='ocrx_word' id='word_1_296' title='bbox 887 2832 951 2858; x_wconf 92' lang='lat' dir='ltr'>me</span> <span class='ocrx_word' id='word_1_297' title='bbox 984 2823 1217 2860; x_wconf 88' lang='lat' dir='ltr'>excusatum</span> <span class='ocrx_word' id='word_1_298' title='bbox 1251 2833 1336 2860; x_wconf 86' lang='lat' dir='ltr'>esse</span> <span class='ocrx_word' id='word_1_299' title='bbox 1369 2817 1478 2874; x_wconf 87' lang='lat' dir='ltr'>apud</span> <span class='ocrx_word' id='word_1_300' title='bbox 1512 2816 1756 2873; x_wconf 89' lang='lat' dir='ltr'>Appuleium</span> <span class='ocrx_word' id='word_1_301' title='bbox 1790 2833 1813 2858; x_wconf 87' lang='lat' dir='ltr'>a</span> <span class='ocrx_word' id='word_1_302' title='bbox 1846 2817 1920 2858; x_wconf 88' lang='lat' dir='ltr'>La-</span> 
     </span>
     <span class='ocr_line' id='line_1_32' title="bbox 156 2888 1922 2946; baseline 0.001 -16"><span class='ocrx_word' id='word_1_303' title='bbox 156 2894 325 2941; x_wconf 90' lang='lat' dir='ltr'>terense,</span> <span class='ocrx_word' id='word_1_304' title='bbox 372 2889 550 2940; x_wconf 85' lang='lat' dir='ltr'>Nasone,</span> <span class='ocrx_word' id='word_1_305' title='bbox 599 2888 791 2940; x_wconf 86' lang='lat' dir='ltr'>Laenate,</span> <span class='ocrx_word' id='word_1_306' title='bbox 835 2890 1053 2946; x_wconf 82' lang='lat' dir='ltr'>Torquato,</span> <span class='ocrx_word' id='word_1_307' title='bbox 1098 2891 1313 2943; x_wconf 71' lang='lat' dir='ltr'>Strabone,</span> <span class='ocrx_word' id='word_1_308' title='bbox 1359 2891 1409 2933; x_wconf 88' lang='lat' dir='ltr'>iis</span> <span class='ocrx_word' id='word_1_309' title='bbox 1458 2891 1578 2933; x_wconf 88' lang='lat' dir='ltr'>velim</span> <span class='ocrx_word' id='word_1_310' title='bbox 1626 2906 1714 2932; x_wconf 87' lang='lat' dir='ltr'>meo</span> <span class='ocrx_word' id='word_1_311' title='bbox 1762 2891 1922 2932; x_wconf 88' lang='lat' dir='ltr'>nomine</span> 
     </span>
     <span class='ocr_line' id='line_1_33' title="bbox 158 2961 1922 3020; baseline 0 -16"><span class='ocrx_word' id='word_1_312' title='bbox 158 2961 381 3004; x_wconf 84' lang='lat' dir='ltr'>reddendas</span> <span class='ocrx_word' id='word_1_313' title='bbox 423 2963 559 3004; x_wconf 85' lang='lat' dir='ltr'>literas</span> <span class='ocrx_word' id='word_1_314' title='bbox 603 2977 731 3014; x_wconf 86' lang='lat' dir='ltr'>cures,</span> <span class='ocrx_word' id='word_1_315' title='bbox 777 2969 936 3019; x_wconf 85' lang='lat' dir='ltr'>gratum</span> <span class='ocrx_word' id='word_1_316' title='bbox 980 2965 1081 3006; x_wconf 91' lang='lat' dir='ltr'>mihi</span> <span class='ocrx_word' id='word_1_317' title='bbox 1125 2980 1191 3007; x_wconf 89' lang='lat' dir='ltr'>eos</span> <span class='ocrx_word' id='word_1_318' title='bbox 1234 2964 1389 3007; x_wconf 87' lang='lat' dir='ltr'>fecisse.</span> <span class='ocrx_word' id='word_1_319' title='bbox 1442 2963 1562 3016; x_wconf 77' lang='lat' dir='ltr'>Quod</span> <span class='ocrx_word' id='word_1_320' title='bbox 1607 2979 1676 3020; x_wconf 87' lang='lat' dir='ltr'>pro</span> <span class='ocrx_word' id='word_1_321' title='bbox 1710 2963 1922 3005; x_wconf 85' lang='lat' dir='ltr'>Cornificio</span> 
     </span>
     <span class='ocr_line' id='line_1_34' title="bbox 158 3034 1976 3094; baseline 0.001 -18"><span class='ocrx_word' id='word_1_322' title='bbox 158 3048 222 3076; x_wconf 91' lang='lat' dir='ltr'>me</span> <span class='ocrx_word' id='word_1_323' title='bbox 267 3034 414 3077; x_wconf 88' lang='lat' dir='ltr'>abhinc</span> <span class='ocrx_word' id='word_1_324' title='bbox 462 3034 635 3091; x_wconf 88' lang='lat' dir='ltr'>amplius</span> <span class='ocrx_word' id='word_1_325' title='bbox 679 3036 796 3078; x_wconf 84' lang='lat' dir='ltr'>annis</span> <span class='ocrx_word' id='word_1_326' title='bbox 842 3051 946 3078; x_wconf 85' lang='lat' dir='ltr'><strong>xxv.</strong></span> <span class='ocrx_word' id='word_1_327' title='bbox 995 3037 1257 3094; x_wconf 85' lang='lat' dir='ltr'>spopondisse</span> <span class='ocrx_word' id='word_1_328' title='bbox 1291 3037 1391 3079; x_wconf 88' lang='lat' dir='ltr'>dicit</span> <span class='ocrx_word' id='word_1_329' title='bbox 1427 3036 1602 3087; x_wconf 85' lang='lat' dir='ltr'>Flavius,</span> <span class='ocrx_word' id='word_1_330' title='bbox 1637 3036 1711 3077; x_wconf 87' lang='lat' dir='ltr'>etsi</span> <span class='ocrx_word' id='word_1_331' title='bbox 1744 3051 1834 3077; x_wconf 85' lang='lat' dir='ltr'>reus</span> <span class='ocrx_word' id='word_1_332' title='bbox 1866 3036 1922 3077; x_wconf 94' lang='lat' dir='ltr'>lo-</span> <span class='ocrx_word' id='word_1_333' title='bbox 1964 3053 1976 3077; x_wconf 68' lang='grc' dir='ltr'>ε</span> 
     </span>
    </p>
   </div>
   <div class='ocr_carea' id='block_1_16' title="bbox 204 3193 1922 3297">
    <p class='ocr_par' dir='ltr' id='par_1_16' title="bbox 204 3193 1922 3297">
     <span class='ocr_line' id='line_1_35' title="bbox 204 3193 1922 3247; baseline 0.003 -23"><span class='ocrx_word' id='word_1_334' title='bbox 204 3193 256 3225; x_wconf 83' lang='lat' dir='ltr'>M&#39;e</span> <span class='ocrx_word' id='word_1_335' title='bbox 278 3198 460 3227; x_wconf 69' lang='lat' dir='ltr'>eaecusatnm</span> <span class='ocrx_word' id='word_1_336' title='bbox 483 3206 550 3228; x_wconf 70' lang='lat' dir='ltr'>esse</span> <span class='ocrx_word' id='word_1_337' title='bbox 573 3202 633 3229; x_wconf 87' lang='lat' dir='ltr'>cet.</span> <span class='ocrx_word' id='word_1_338' title='bbox 663 3198 704 3229; x_wconf 88' lang='lat' dir='ltr'>cf.</span> <span class='ocrx_word' id='word_1_339' title='bbox 727 3200 767 3230; x_wconf 83' lang='lat' dir='ltr'>ad</span> <span class='ocrx_word' id='word_1_340' title='bbox 790 3209 838 3241; x_wconf 88' lang='lat' dir='ltr'>ep.</span> <span class='ocrx_word' id='word_1_341' title='bbox 865 3201 913 3238; x_wconf 88' lang='lat'>13,</span> <span class='ocrx_word' id='word_1_342' title='bbox 937 3201 965 3238; x_wconf 74' lang='lat'>2,</span> <span class='ocrx_word' id='word_1_343' title='bbox 989 3207 1020 3232; x_wconf 88' lang='lat' dir='ltr'>et</span> <span class='ocrx_word' id='word_1_344' title='bbox 1041 3198 1047 3247; x_wconf 66' lang='lat'>1</span> <span class='ocrx_word' id='word_1_345' title='bbox 1067 3202 1108 3233; x_wconf 81' lang='lat' dir='ltr'>de</span> <span class='ocrx_word' id='word_1_346' title='bbox 1129 3202 1308 3243; x_wconf 85' lang='lat' dir='ltr'>sponsione</span> <span class='ocrx_word' id='word_1_347' title='bbox 1332 3211 1390 3242; x_wconf 84' lang='lat' dir='ltr'>pro</span> <span class='ocrx_word' id='word_1_348' title='bbox 1413 3199 1590 3232; x_wconf 79' lang='lat' dir='ltr'>Cornificio</span> <span class='ocrx_word' id='word_1_349' title='bbox 1621 3201 1661 3231; x_wconf 85' lang='lat' dir='ltr'>ad</span> <span class='ocrx_word' id='word_1_350' title='bbox 1691 3200 1784 3240; x_wconf 87' lang='lat' dir='ltr'>epist.</span> <span class='ocrx_word' id='word_1_351' title='bbox 1817 3199 1864 3236; x_wconf 74' lang='lat'>14,</span> <span class='ocrx_word' id='word_1_352' title='bbox 1894 3200 1922 3229; x_wconf 75' lang='lat'>2.</span> 
     </span>
     <span class='ocr_line' id='line_1_36' title="bbox 1655 3256 1739 3297; baseline 0 0"><span class='ocrx_word' id='word_1_353' title='bbox 1655 3256 1739 3297; x_wconf 59' lang='lat'>12³⁶</span> 
     </span>
    </p>
   </div>
  </div>
 </body>
</html>
