<?xml version="1.0" encoding="UTF-8"?>
<!DOCTYPE html PUBLIC "-//W3C//DTD XHTML 1.0 Transitional//EN"
    "http://www.w3.org/TR/xhtml1/DTD/xhtml1-transitional.dtd">
<html xmlns="http://www.w3.org/1999/xhtml" xml:lang="en" lang="en">
 <head>
  <title>
</title>
<meta http-equiv="Content-Type" content="text/html;charset=utf-8" />
  <meta name='ocr-system' content='tesseract 3.04.00' />
  <meta name='ocr-capabilities' content='ocr_page ocr_carea ocr_par ocr_line ocrx_word'/>
</head>
<body>
  <div class='ocr_page' id='page_1' title='image "./epistolarumadtpo02ciceuoft_0258.png"; bbox 0 0 2062 3565; ppageno 0'>
   <div class='ocr_carea' id='block_1_1' title="bbox 92 969 125 994">
    <p class='ocr_par' dir='ltr' id='par_1_1' title="bbox 92 969 125 994">
     <span class='ocr_line' id='line_1_1' title="bbox 92 969 125 994; baseline 0 0"><span class='ocrx_word' id='word_1_1' title='bbox 92 969 125 994; x_wconf 82' lang='lat'>10</span> 
     </span>
    </p>
   </div>
   <div class='ocr_carea' id='block_1_2' title="bbox 97 1336 128 1362">
    <p class='ocr_par' dir='ltr' id='par_1_2' title="bbox 97 1336 128 1362">
     <span class='ocr_line' id='line_1_2' title="bbox 97 1336 128 1362; baseline 0 0"><span class='ocrx_word' id='word_1_2' title='bbox 97 1336 128 1362; x_wconf 81' lang='lat'>15</span> 
     </span>
    </p>
   </div>
   <div class='ocr_carea' id='block_1_3' title="bbox 145 150 1500 193">
    <p class='ocr_par' dir='ltr' id='par_1_3' title="bbox 145 150 1500 193">
     <span class='ocr_line' id='line_1_3' title="bbox 145 150 1500 193; baseline 0.001 -1"><span class='ocrx_word' id='word_1_3' title='bbox 145 152 230 192; x_wconf 76' lang='lat'>248</span> <span class='ocrx_word' id='word_1_4' title='bbox 545 152 628 193; x_wconf 85' lang='grc' dir='ltr'>ΕΡ.</span> <span class='ocrx_word' id='word_1_5' title='bbox 665 152 738 192; x_wconf 79' lang='lat' dir='ltr'>AD</span> <span class='ocrx_word' id='word_1_6' title='bbox 771 151 817 191; x_wconf 87' lang='grc' dir='ltr'>Τ.</span> <span class='ocrx_word' id='word_1_7' title='bbox 853 150 1203 192; x_wconf 91' lang='lat' dir='ltr'>POMPONIUM</span> <span class='ocrx_word' id='word_1_8' title='bbox 1235 151 1500 193; x_wconf 78' lang='lat' dir='ltr'>ATTIOUM.</span> 
     </span>
    </p>
   </div>
   <div class='ocr_carea' id='block_1_4' title="bbox 144 285 1953 1375">
    <p class='ocr_par' dir='ltr' id='par_1_4' title="bbox 144 285 1953 1375">
     <span class='ocr_line' id='line_1_4' title="bbox 144 285 1910 340; baseline 0.002 -12"><span class='ocrx_word' id='word_1_9' title='bbox 144 286 314 338; x_wconf 70' lang='lat' dir='ltr'>videbis,</span> <span class='ocrx_word' id='word_1_10' title='bbox 361 302 410 327; x_wconf 91' lang='lat' dir='ltr'>ne</span> <span class='ocrx_word' id='word_1_11' title='bbox 453 287 487 327; x_wconf 90' lang='lat' dir='ltr'>is</span> <span class='ocrx_word' id='word_1_12' title='bbox 534 286 559 327; x_wconf 89' lang='lat'>†</span> <span class='ocrx_word' id='word_1_13' title='bbox 578 300 701 340; x_wconf 88' lang='lat' dir='ltr'>quum</span> <span class='ocrx_word' id='word_1_14' title='bbox 745 286 798 326; x_wconf 89' lang='lat' dir='ltr'>sit</span> <span class='ocrx_word' id='word_1_15' title='bbox 839 286 883 326; x_wconf 90' lang='lat' dir='ltr'>in</span> <span class='ocrx_word' id='word_1_16' title='bbox 916 285 1067 337; x_wconf 86' lang='lat' dir='ltr'>Africa,</span> <span class='ocrx_word' id='word_1_17' title='bbox 1102 291 1148 326; x_wconf 89' lang='lat' dir='ltr'>ut</span> <span class='ocrx_word' id='word_1_18' title='bbox 1179 285 1354 328; x_wconf 86' lang='lat' dir='ltr'>Caelius.</span> <span class='ocrx_word' id='word_1_19' title='bbox 1389 287 1449 328; x_wconf 88' lang='lat' dir='ltr'>De</span> <span class='ocrx_word' id='word_1_20' title='bbox 1481 289 1644 330; x_wconf 89' lang='lat' dir='ltr'>nomine</span> <span class='ocrx_word' id='word_1_21' title='bbox 1674 294 1722 331; x_wconf 89' lang='lat' dir='ltr'>tu</span> <span class='ocrx_word' id='word_1_22' title='bbox 1754 290 1910 332; x_wconf 88' lang='lat' dir='ltr'>videbis</span> 
     </span>
     <span class='ocr_line' id='line_1_5' title="bbox 145 359 1910 415; baseline 0.002 -13"><span class='ocrx_word' id='word_1_23' title='bbox 145 375 236 402; x_wconf 87' lang='lat' dir='ltr'>cum</span> <span class='ocrx_word' id='word_1_24' title='bbox 270 360 420 415; x_wconf 84' lang='lat' dir='ltr'><strong>Cispio,</strong></span> <span class='ocrx_word' id='word_1_25' title='bbox 455 359 538 411; x_wconf 91' lang='lat' dir='ltr'>sed,</span> <span class='ocrx_word' id='word_1_26' title='bbox 573 360 607 401; x_wconf 89' lang='lat' dir='ltr'>si</span> <span class='ocrx_word' id='word_1_27' title='bbox 639 359 813 401; x_wconf 80' lang='lat' dir='ltr'>Plancus</span> <span class='ocrx_word' id='word_1_28' title='bbox 847 359 1036 410; x_wconf 90' lang='lat' dir='ltr'>destinat,</span> <span class='ocrx_word' id='word_1_29' title='bbox 1069 364 1158 401; x_wconf 89' lang='lat' dir='ltr'>tum</span> <span class='ocrx_word' id='word_1_30' title='bbox 1191 359 1314 402; x_wconf 85' lang='lat' dir='ltr'>habet</span> <span class='ocrx_word' id='word_1_31' title='bbox 1348 375 1410 402; x_wconf 87' lang='lat' dir='ltr'>res</span> <span class='ocrx_word' id='word_1_32' title='bbox 1445 360 1737 405; x_wconf 87' lang='lat' dir='ltr'>difficultatem.</span> <span class='ocrx_word' id='word_1_33' title='bbox 1771 364 1827 405; x_wconf 86' lang='lat' dir='ltr'>Te</span> <span class='ocrx_word' id='word_1_34' title='bbox 1860 364 1910 406; x_wconf 84' lang='lat' dir='ltr'>ad</span> 
     </span>
     <span class='ocr_line' id='line_1_6' title="bbox 146 432 1912 492; baseline 0.002 -16"><span class='ocrx_word' id='word_1_35' title='bbox 146 450 208 476; x_wconf 89' lang='lat' dir='ltr'>me</span> <span class='ocrx_word' id='word_1_36' title='bbox 249 434 382 475; x_wconf 87' lang='lat' dir='ltr'>venire</span> <span class='ocrx_word' id='word_1_37' title='bbox 425 438 593 488; x_wconf 89' lang='lat' dir='ltr'>uterque</span> <span class='ocrx_word' id='word_1_38' title='bbox 636 437 819 474; x_wconf 88' lang='lat' dir='ltr'>nostrum</span> <span class='ocrx_word' id='word_1_39' title='bbox 863 433 989 489; x_wconf 88' lang='lat' dir='ltr'>cupit,</span> <span class='ocrx_word' id='word_1_40' title='bbox 1035 432 1104 474; x_wconf 88' lang='lat' dir='ltr'>sed</span> <span class='ocrx_word' id='word_1_41' title='bbox 1147 433 1225 475; x_wconf 87' lang='lat' dir='ltr'>ista</span> <span class='ocrx_word' id='word_1_42' title='bbox 1257 449 1319 475; x_wconf 90' lang='lat' dir='ltr'>res</span> <span class='ocrx_word' id='word_1_43' title='bbox 1353 434 1464 476; x_wconf 77' lang='lat' dir='ltr'>nullo</span> <span class='ocrx_word' id='word_1_44' title='bbox 1497 435 1615 477; x_wconf 90' lang='lat' dir='ltr'>modo</span> <span class='ocrx_word' id='word_1_45' title='bbox 1648 437 1912 492; x_wconf 78' lang='lat' dir='ltr'>relinquenda</span> 
     </span>
     <span class='ocr_line' id='line_1_7' title="bbox 147 506 1953 562; baseline 0.002 -13"><span class='ocrx_word' id='word_1_46' title='bbox 147 512 220 549; x_wconf 84' lang='lat' dir='ltr'>est.</span> <span class='ocrx_word' id='word_1_47' title='bbox 255 507 457 549; x_wconf 89' lang='lat' dir='ltr'>Othonem</span> <span class='ocrx_word' id='word_1_48' title='bbox 490 506 597 562; x_wconf 90' lang='lat' dir='ltr'>quod</span> <span class='ocrx_word' id='word_1_49' title='bbox 631 521 764 562; x_wconf 82' lang='lat' dir='ltr'>speras</span> <span class='ocrx_word' id='word_1_50' title='bbox 798 522 911 562; x_wconf 89' lang='lat' dir='ltr'>posse</span> <span class='ocrx_word' id='word_1_51' title='bbox 945 507 1067 557; x_wconf 83' lang='lat' dir='ltr'>vinci,</span> <span class='ocrx_word' id='word_1_52' title='bbox 1103 522 1196 548; x_wconf 89' lang='lat' dir='ltr'>sane</span> <span class='ocrx_word' id='word_1_53' title='bbox 1221 506 1323 549; x_wconf 90' lang='lat' dir='ltr'>bene</span> <span class='ocrx_word' id='word_1_54' title='bbox 1347 523 1497 550; x_wconf 88' lang='lat' dir='ltr'>narras.</span> <span class='ocrx_word' id='word_1_55' title='bbox 1533 509 1594 550; x_wconf 88' lang='lat' dir='ltr'>De</span> <span class='ocrx_word' id='word_1_56' title='bbox 1618 510 1910 562; x_wconf 86' lang='lat' dir='ltr'>aestimatione,</span> <span class='ocrx_word' id='word_1_57' title='bbox 1945 523 1953 529; x_wconf 73' lang='lat'><em>&#39;</em></span> 
     </span>
     <span class='ocr_line' id='line_1_8' title="bbox 146 579 1912 640; baseline 0.002 -18"><span class='ocrx_word' id='word_1_58' title='bbox 146 585 194 623; x_wconf 86' lang='lat' dir='ltr'>ut</span> <span class='ocrx_word' id='word_1_59' title='bbox 227 580 382 631; x_wconf 88' lang='lat' dir='ltr'>scribis,</span> <span class='ocrx_word' id='word_1_60' title='bbox 417 595 540 636; x_wconf 91' lang='lat' dir='ltr'>quum</span> <span class='ocrx_word' id='word_1_61' title='bbox 574 594 689 634; x_wconf 83' lang='lat' dir='ltr'>agere</span> <span class='ocrx_word' id='word_1_62' title='bbox 723 580 984 635; x_wconf 79' lang='lat' dir='ltr'>coeperimus,</span> <span class='ocrx_word' id='word_1_63' title='bbox 1019 580 1094 620; x_wconf 88' lang='lat' dir='ltr'>etsi</span> <span class='ocrx_word' id='word_1_64' title='bbox 1127 579 1231 621; x_wconf 77' lang='lat' dir='ltr'>nihil</span> <span class='ocrx_word' id='word_1_65' title='bbox 1272 581 1433 636; x_wconf 73' lang='lat' dir='ltr'>scripsit</span> <span class='ocrx_word' id='word_1_66' title='bbox 1465 581 1545 623; x_wconf 87' lang='lat' dir='ltr'>nisi</span> <span class='ocrx_word' id='word_1_67' title='bbox 1578 581 1627 624; x_wconf 89' lang='lat' dir='ltr'>de</span> <span class='ocrx_word' id='word_1_68' title='bbox 1659 583 1778 625; x_wconf 91' lang='lat' dir='ltr'>modo</span> <span class='ocrx_word' id='word_1_69' title='bbox 1812 584 1912 640; x_wconf 83' lang='lat' dir='ltr'>agri.</span> 
     </span>
     <span class='ocr_line' id='line_1_9' title="bbox 148 651 1914 712; baseline 0.002 -16"><span class='ocrx_word' id='word_1_70' title='bbox 148 655 251 696; x_wconf 87' lang='lat' dir='ltr'>Cum</span> <span class='ocrx_word' id='word_1_71' title='bbox 285 654 445 704; x_wconf 85' lang='lat' dir='ltr'>Pisone,</span> <span class='ocrx_word' id='word_1_72' title='bbox 481 653 514 694; x_wconf 91' lang='lat' dir='ltr'>si</span> <span class='ocrx_word' id='word_1_73' title='bbox 547 652 645 705; x_wconf 90' lang='lat' dir='ltr'>quid</span> <span class='ocrx_word' id='word_1_74' title='bbox 678 653 840 708; x_wconf 84' lang='lat' dir='ltr'>poterit.</span> <span class='ocrx_word' id='word_1_75' title='bbox 874 652 1113 694; x_wconf 82' lang='lat' dir='ltr'>Dicaearchi</span> <span class='ocrx_word' id='word_1_76' title='bbox 1145 652 1294 695; x_wconf 89' lang='lat' dir='ltr'>librum</span> <span class='ocrx_word' id='word_1_77' title='bbox 1337 654 1472 710; x_wconf 88' lang='lat' dir='ltr'>accepi</span> <span class='ocrx_word' id='word_1_78' title='bbox 1505 660 1546 696; x_wconf 91' lang='lat' dir='ltr'>et</span> <span class='ocrx_word' id='word_1_79' title='bbox 1577 651 1914 712; x_wconf 80' lang='grc' dir='ltr'><em>καταβάσεως</em></span> 
     </span>
     <span class='ocr_line' id='line_1_10' title="bbox 150 725 1916 784; baseline 0.001 -13"><span class='ocrx_word' id='word_1_80' title='bbox 150 733 350 784; x_wconf 84' lang='lat' dir='ltr'>exspecto.</span> <span class='ocrx_word' id='word_1_81' title='bbox 398 728 438 767; x_wconf 80' lang='lat'>3.</span> <span class='ocrx_word' id='word_1_82' title='bbox 483 725 512 752; x_wconf 32' lang='grc' dir='ltr'>’ἦ</span> <span class='ocrx_word' id='word_1_83' title='bbox 529 725 556 750; x_wconf 55' lang='lat'>⁴⁶</span> <span class='ocrx_word' id='word_1_84' title='bbox 575 725 602 750; x_wconf 71' lang='lat'>÷÷</span> <span class='ocrx_word' id='word_1_85' title='bbox 619 726 827 782; x_wconf 85' lang='lat' dir='ltr'>negotium</span> <span class='ocrx_word' id='word_1_86' title='bbox 871 725 1043 777; x_wconf 88' lang='lat' dir='ltr'>dederis,</span> <span class='ocrx_word' id='word_1_87' title='bbox 1089 726 1260 781; x_wconf 73' lang='lat' dir='ltr'>reperiet</span> <span class='ocrx_word' id='word_1_88' title='bbox 1304 742 1352 768; x_wconf 83' lang='lat' dir='ltr'>ex</span> <span class='ocrx_word' id='word_1_89' title='bbox 1395 742 1441 769; x_wconf 93' lang='lat' dir='ltr'>eo</span> <span class='ocrx_word' id='word_1_90' title='bbox 1484 727 1601 780; x_wconf 82' lang='lat' dir='ltr'>libro,</span> <span class='ocrx_word' id='word_1_91' title='bbox 1635 729 1679 770; x_wconf 88' lang='lat' dir='ltr'>in</span> <span class='ocrx_word' id='word_1_92' title='bbox 1708 744 1788 784; x_wconf 92' lang='lat' dir='ltr'>quo</span> <span class='ocrx_word' id='word_1_93' title='bbox 1820 734 1916 772; x_wconf 87' lang='lat' dir='ltr'>sunt</span> 
     </span>
     <span class='ocr_line' id='line_1_11' title="bbox 150 799 1916 850; baseline 0.001 -6"><span class='ocrx_word' id='word_1_94' title='bbox 150 806 312 844; x_wconf 88' lang='lat' dir='ltr'>senatus</span> <span class='ocrx_word' id='word_1_95' title='bbox 356 800 538 842; x_wconf 88' lang='lat' dir='ltr'>consulta</span> <span class='ocrx_word' id='word_1_96' title='bbox 583 800 658 842; x_wconf 87' lang='lat' dir='ltr'>Cn.</span> <span class='ocrx_word' id='word_1_97' title='bbox 706 800 905 850; x_wconf 81' lang='lat' dir='ltr'>Cornelio,</span> <span class='ocrx_word' id='word_1_98' title='bbox 951 800 999 841; x_wconf 90' lang='lat' dir='ltr'>L.</span> <span class='ocrx_word' id='word_1_99' title='bbox 1045 799 1245 842; x_wconf 81' lang='lat' dir='ltr'>Mummio</span> <span class='ocrx_word' id='word_1_100' title='bbox 1291 816 1392 843; x_wconf 92' lang='lat' dir='ltr'>coss.</span> <span class='ocrx_word' id='word_1_101' title='bbox 1442 801 1503 843; x_wconf 91' lang='lat' dir='ltr'>De</span> <span class='ocrx_word' id='word_1_102' title='bbox 1545 803 1748 845; x_wconf 87' lang='lat' dir='ltr'>Tuditano</span> <span class='ocrx_word' id='word_1_103' title='bbox 1781 809 1916 846; x_wconf 88' lang='lat' dir='ltr'>autem</span> 
     </span>
     <span class='ocr_line' id='line_1_12' title="bbox 150 871 1916 934; baseline 0.001 -16"><span class='ocrx_word' id='word_1_104' title='bbox 150 876 257 933; x_wconf 90' lang='lat' dir='ltr'>quod</span> <span class='ocrx_word' id='word_1_105' title='bbox 301 880 432 932; x_wconf 86' lang='lat' dir='ltr'>putas,</span> <span class='ocrx_word' id='word_1_106' title='bbox 477 871 681 934; x_wconf 77' lang='grc' dir='ltr'><em>εὔλογον</em></span> <span class='ocrx_word' id='word_1_107' title='bbox 724 879 784 916; x_wconf 90' lang='lat' dir='ltr'>est</span> <span class='ocrx_word' id='word_1_108' title='bbox 826 879 914 916; x_wconf 91' lang='lat' dir='ltr'>tum</span> <span class='ocrx_word' id='word_1_109' title='bbox 947 874 1077 925; x_wconf 76' lang='lat' dir='ltr'>illum,</span> <span class='ocrx_word' id='word_1_110' title='bbox 1113 889 1237 930; x_wconf 91' lang='lat' dir='ltr'>quum</span> <span class='ocrx_word' id='word_1_111' title='bbox 1271 874 1351 917; x_wconf 85' lang='lat' dir='ltr'>fuit</span> <span class='ocrx_word' id='word_1_112' title='bbox 1383 874 1433 916; x_wconf 87' lang='lat' dir='ltr'>ad</span> <span class='ocrx_word' id='word_1_113' title='bbox 1467 875 1707 918; x_wconf 70' lang='lat' dir='ltr'>Corinthum</span> <span class='ocrx_word' id='word_1_114' title='bbox 1743 903 1800 908; x_wconf 87' lang='lat'>—-</span> <span class='ocrx_word' id='word_1_115' title='bbox 1835 894 1916 920; x_wconf 91' lang='lat' dir='ltr'>non</span> 
     </span>
     <span class='ocr_line' id='line_1_13' title="bbox 148 947 1915 1003; baseline 0.001 -11"><span class='ocrx_word' id='word_1_116' title='bbox 148 951 252 992; x_wconf 90' lang='lat' dir='ltr'>enim</span> <span class='ocrx_word' id='word_1_117' title='bbox 287 954 436 991; x_wconf 88' lang='lat' dir='ltr'>temere</span> <span class='ocrx_word' id='word_1_118' title='bbox 469 948 572 990; x_wconf 83' lang='lat' dir='ltr'>dixit</span> <span class='ocrx_word' id='word_1_119' title='bbox 606 948 848 989; x_wconf 87' lang='lat' dir='ltr'>Hortensius</span> <span class='ocrx_word' id='word_1_120' title='bbox 883 973 939 978; x_wconf 91' lang='lat'>—</span> <span class='ocrx_word' id='word_1_121' title='bbox 974 951 1045 989; x_wconf 91' lang='lat' dir='ltr'>aut</span> <span class='ocrx_word' id='word_1_122' title='bbox 1077 952 1326 1003; x_wconf 85' lang='lat' dir='ltr'>quaestorem</span> <span class='ocrx_word' id='word_1_123' title='bbox 1349 952 1420 989; x_wconf 87' lang='lat' dir='ltr'>aut</span> <span class='ocrx_word' id='word_1_124' title='bbox 1441 947 1648 990; x_wconf 86' lang='lat' dir='ltr'>tribunum</span> <span class='ocrx_word' id='word_1_125' title='bbox 1674 951 1763 992; x_wconf 81' lang='lat' dir='ltr'>mil.</span> <span class='ocrx_word' id='word_1_126' title='bbox 1777 951 1915 1003; x_wconf 87' lang='lat' dir='ltr'>fuisse,</span> 
     </span>
     <span class='ocr_line' id='line_1_14' title="bbox 147 1014 1915 1080; baseline 0 -14"><span class='ocrx_word' id='word_1_127' title='bbox 147 1024 271 1079; x_wconf 86' lang='lat' dir='ltr'>idque</span> <span class='ocrx_word' id='word_1_128' title='bbox 314 1023 449 1079; x_wconf 84' lang='lat' dir='ltr'>potius</span> <span class='ocrx_word' id='word_1_129' title='bbox 493 1021 615 1063; x_wconf 84' lang='lat' dir='ltr'>fuisse</span> <span class='ocrx_word' id='word_1_130' title='bbox 662 1021 794 1063; x_wconf 88' lang='lat' dir='ltr'>credo.</span> <span class='ocrx_word' id='word_1_131' title='bbox 861 1022 922 1062; x_wconf 82' lang='lat' dir='ltr'>Tu</span> <span class='ocrx_word' id='word_1_132' title='bbox 966 1021 1014 1062; x_wconf 89' lang='lat' dir='ltr'>de</span> <span class='ocrx_word' id='word_1_133' title='bbox 1063 1020 1268 1063; x_wconf 86' lang='lat' dir='ltr'>Antiocho</span> <span class='ocrx_word' id='word_1_134' title='bbox 1302 1021 1402 1063; x_wconf 88' lang='lat' dir='ltr'>scire</span> <span class='ocrx_word' id='word_1_135' title='bbox 1436 1014 1596 1077; x_wconf 68' lang='lat' dir='ltr'>poteris</span> <span class='ocrx_word' id='word_1_136' title='bbox 1622 1023 1731 1078; x_wconf 86' lang='lat' dir='ltr'>[vide</span> <span class='ocrx_word' id='word_1_137' title='bbox 1775 1023 1915 1080; x_wconf 88' lang='lat' dir='ltr'>etiam]</span> 
     </span>
     <span class='ocr_line' id='line_1_15' title="bbox 150 1094 1918 1153; baseline -0.001 -14"><span class='ocrx_word' id='word_1_138' title='bbox 150 1113 229 1153; x_wconf 92' lang='lat' dir='ltr'>quo</span> <span class='ocrx_word' id='word_1_139' title='bbox 273 1112 378 1139; x_wconf 85' lang='lat' dir='ltr'>anno</span> <span class='ocrx_word' id='word_1_140' title='bbox 422 1100 607 1151; x_wconf 83' lang='lat' dir='ltr'>quaestor</span> <span class='ocrx_word' id='word_1_141' title='bbox 651 1100 722 1136; x_wconf 87' lang='lat' dir='ltr'>aut</span> <span class='ocrx_word' id='word_1_142' title='bbox 753 1094 941 1136; x_wconf 88' lang='lat' dir='ltr'>tribunus</span> <span class='ocrx_word' id='word_1_143' title='bbox 975 1094 1058 1136; x_wconf 89' lang='lat' dir='ltr'>mil.</span> <span class='ocrx_word' id='word_1_144' title='bbox 1094 1094 1228 1136; x_wconf 89' lang='lat' dir='ltr'>fuerit.</span> <span class='ocrx_word' id='word_1_145' title='bbox 1279 1094 1321 1136; x_wconf 87' lang='lat' dir='ltr'>Si</span> <span class='ocrx_word' id='word_1_146' title='bbox 1354 1100 1543 1136; x_wconf 81' lang='lat' dir='ltr'>neutrum</span> <span class='ocrx_word' id='word_1_147' title='bbox 1578 1095 1761 1150; x_wconf 80' lang='lat' dir='ltr'>quadret,</span> <span class='ocrx_word' id='word_1_148' title='bbox 1784 1129 1918 1138; x_wconf 91' lang='grc'><strong>.....</strong></span> 
     </span>
     <span class='ocr_line' id='line_1_16' title="bbox 149 1167 1918 1227; baseline 0.001 -15"><span class='ocrx_word' id='word_1_149' title='bbox 149 1171 193 1212; x_wconf 88' lang='lat' dir='ltr'>in</span> <span class='ocrx_word' id='word_1_150' title='bbox 242 1170 452 1227; x_wconf 86' lang='lat' dir='ltr'>praefectis</span> <span class='ocrx_word' id='word_1_151' title='bbox 497 1184 549 1210; x_wconf 89' lang='lat' dir='ltr'>an</span> <span class='ocrx_word' id='word_1_152' title='bbox 596 1169 639 1209; x_wconf 91' lang='lat' dir='ltr'>in</span> <span class='ocrx_word' id='word_1_153' title='bbox 689 1167 1045 1210; x_wconf 84' lang='lat' dir='ltr'>contubernalibus</span> <span class='ocrx_word' id='word_1_154' title='bbox 1104 1168 1238 1219; x_wconf 78' lang='lat' dir='ltr'>fuerit,</span> <span class='ocrx_word' id='word_1_155' title='bbox 1284 1167 1403 1209; x_wconf 88' lang='lat' dir='ltr'>modo</span> <span class='ocrx_word' id='word_1_156' title='bbox 1446 1167 1567 1210; x_wconf 78' lang='lat' dir='ltr'>fuerit</span> <span class='ocrx_word' id='word_1_157' title='bbox 1625 1169 1668 1210; x_wconf 90' lang='lat' dir='ltr'>in</span> <span class='ocrx_word' id='word_1_158' title='bbox 1711 1185 1757 1211; x_wconf 88' lang='lat' dir='ltr'>eo</span> <span class='ocrx_word' id='word_1_159' title='bbox 1799 1169 1918 1213; x_wconf 82' lang='lat' dir='ltr'>bello.</span> 
     </span>
     <span class='ocr_line' id='line_1_17' title="bbox 155 1240 1924 1298; baseline 0 -12"><span class='ocrx_word' id='word_1_160' title='bbox 155 1248 195 1286; x_wconf 72' lang='lat'>4.</span> <span class='ocrx_word' id='word_1_161' title='bbox 240 1245 301 1286; x_wconf 86' lang='lat' dir='ltr'>De</span> <span class='ocrx_word' id='word_1_162' title='bbox 348 1243 525 1284; x_wconf 77' lang='lat' dir='ltr'>Varrone</span> <span class='ocrx_word' id='word_1_163' title='bbox 569 1241 853 1298; x_wconf 72' lang='lat' dir='ltr'>loquebamur,</span> <span class='ocrx_word' id='word_1_164' title='bbox 898 1243 1018 1298; x_wconf 87' lang='lat' dir='ltr'>lupus</span> <span class='ocrx_word' id='word_1_165' title='bbox 1062 1242 1105 1284; x_wconf 91' lang='lat' dir='ltr'>in</span> <span class='ocrx_word' id='word_1_166' title='bbox 1152 1240 1302 1283; x_wconf 84' lang='lat' dir='ltr'>fabula.</span> <span class='ocrx_word' id='word_1_167' title='bbox 1359 1242 1483 1283; x_wconf 90' lang='lat' dir='ltr'>Venit</span> <span class='ocrx_word' id='word_1_168' title='bbox 1529 1243 1636 1284; x_wconf 90' lang='lat' dir='ltr'>enim</span> <span class='ocrx_word' id='word_1_169' title='bbox 1678 1243 1728 1286; x_wconf 88' lang='lat' dir='ltr'>ad</span> <span class='ocrx_word' id='word_1_170' title='bbox 1772 1259 1849 1295; x_wconf 91' lang='lat' dir='ltr'>me,</span> <span class='ocrx_word' id='word_1_171' title='bbox 1883 1249 1924 1286; x_wconf 90' lang='lat' dir='ltr'>et</span> 
     </span>
     <span class='ocr_line' id='line_1_18' title="bbox 153 1315 1923 1375; baseline -0.001 -14"><span class='ocrx_word' id='word_1_172' title='bbox 153 1318 316 1375; x_wconf 88' lang='lat' dir='ltr'>quidem</span> <span class='ocrx_word' id='word_1_173' title='bbox 349 1316 392 1358; x_wconf 87' lang='lat' dir='ltr'>id</span> <span class='ocrx_word' id='word_1_174' title='bbox 434 1316 639 1372; x_wconf 89' lang='lat' dir='ltr'>temporis,</span> <span class='ocrx_word' id='word_1_175' title='bbox 685 1320 731 1357; x_wconf 88' lang='lat' dir='ltr'>ut</span> <span class='ocrx_word' id='word_1_176' title='bbox 763 1316 998 1358; x_wconf 89' lang='lat' dir='ltr'>retinendus</span> <span class='ocrx_word' id='word_1_177' title='bbox 1031 1322 1148 1357; x_wconf 89' lang='lat' dir='ltr'>esset.</span> <span class='ocrx_word' id='word_1_178' title='bbox 1204 1315 1283 1357; x_wconf 87' lang='lat' dir='ltr'>Sed</span> <span class='ocrx_word' id='word_1_179' title='bbox 1316 1330 1390 1371; x_wconf 85' lang='lat' dir='ltr'>ego</span> <span class='ocrx_word' id='word_1_180' title='bbox 1423 1316 1480 1357; x_wconf 88' lang='lat' dir='ltr'>ita</span> <span class='ocrx_word' id='word_1_181' title='bbox 1513 1318 1591 1372; x_wconf 86' lang='lat' dir='ltr'>egi,</span> <span class='ocrx_word' id='word_1_182' title='bbox 1625 1322 1673 1358; x_wconf 89' lang='lat' dir='ltr'>ut</span> <span class='ocrx_word' id='word_1_183' title='bbox 1703 1332 1785 1359; x_wconf 92' lang='lat' dir='ltr'>non</span> <span class='ocrx_word' id='word_1_184' title='bbox 1819 1317 1923 1360; x_wconf 86' lang='lat' dir='ltr'>scin-</span> 
     </span>
    </p>
   </div>
   <div class='ocr_carea' id='block_1_5' title="bbox 238 1449 415 1455">
    <p class='ocr_par' dir='ltr' id='par_1_5' title="bbox 238 1449 415 1455">
     <span class='ocr_line' id='line_1_19' title="bbox 238 1449 415 1455; baseline 0 0"><span class='ocrx_word' id='word_1_185' title='bbox 238 1449 415 1455; x_wconf 95' lang='lat' dir='ltr'> </span> 
     </span>
    </p>
   </div>
   <div class='ocr_carea' id='block_1_6' title="bbox 197 1503 1465 1550">
    <p class='ocr_par' dir='ltr' id='par_1_6' title="bbox 197 1503 1465 1550">
     <span class='ocr_line' id='line_1_20' title="bbox 197 1503 1465 1550; baseline -0.004 -11"><span class='ocrx_word' id='word_1_186' title='bbox 197 1509 234 1539; x_wconf 92' lang='grc'>11</span> <span class='ocrx_word' id='word_1_187' title='bbox 252 1507 360 1550; x_wconf 74' lang='lat' dir='ltr'>potius</span> <span class='ocrx_word' id='word_1_188' title='bbox 381 1506 476 1539; x_wconf 83' lang='lat' dir='ltr'>credo</span> <span class='ocrx_word' id='word_1_189' title='bbox 497 1524 539 1529; x_wconf 96' lang='lat'><strong>—</strong></span> <span class='ocrx_word' id='word_1_190' title='bbox 558 1504 688 1546; x_wconf 71' lang='lat' dir='ltr'>poten&#39;s.</span> <span class='ocrx_word' id='word_1_191' title='bbox 719 1503 796 1536; x_wconf 73' lang='lat' dir='ltr'>Vide</span> <span class='ocrx_word' id='word_1_192' title='bbox 818 1504 913 1535; x_wconf 84' lang='lat' dir='ltr'>etiam</span> <span class='ocrx_word' id='word_1_193' title='bbox 934 1514 993 1546; x_wconf 87' lang='lat' dir='ltr'>quo</span> <span class='ocrx_word' id='word_1_194' title='bbox 1015 1522 1056 1528; x_wconf 87' lang='lat'>-</span> <span class='ocrx_word' id='word_1_195' title='bbox 1079 1504 1118 1536; x_wconf 88' lang='lat'>13</span> <span class='ocrx_word' id='word_1_196' title='bbox 1140 1504 1175 1535; x_wconf 83' lang='lat' dir='ltr'>in</span> <span class='ocrx_word' id='word_1_197' title='bbox 1197 1503 1401 1536; x_wconf 75' lang='lat' dir='ltr'>contubernio</span> <span class='ocrx_word' id='word_1_198' title='bbox 1426 1521 1465 1526; x_wconf 88' lang='lat'><strong>—</strong></span> 
     </span>
    </p>
   </div>
   <div class='ocr_carea' id='block_1_7' title="bbox 157 1677 1021 2099">
    <p class='ocr_par' dir='ltr' id='par_1_7' title="bbox 157 1677 1021 1828">
     <span class='ocr_line' id='line_1_21' title="bbox 159 1677 1021 1720; baseline -0.001 -9"><span class='ocrx_word' id='word_1_199' title='bbox 159 1679 296 1712; x_wconf 75' lang='lat' dir='ltr'>Caelius.</span> <span class='ocrx_word' id='word_1_200' title='bbox 327 1677 471 1710; x_wconf 88' lang='lat' dir='ltr'>Orellius</span> <span class='ocrx_word' id='word_1_201' title='bbox 500 1687 588 1718; x_wconf 89' lang='lat' dir='ltr'>susp.</span> <span class='ocrx_word' id='word_1_202' title='bbox 614 1687 701 1720; x_wconf 82' lang='lat' dir='ltr'>quom</span> <span class='ocrx_word' id='word_1_203' title='bbox 735 1683 926 1718; x_wconf 84' lang='lat' dir='ltr'>corruptum</span> <span class='ocrx_word' id='word_1_204' title='bbox 951 1687 1021 1710; x_wconf 86' lang='lat' dir='ltr'>esse</span> 
     </span>
     <span class='ocr_line' id='line_1_22' title="bbox 158 1731 1021 1775; baseline -0.001 -10"><span class='ocrx_word' id='word_1_205' title='bbox 158 1743 175 1765; x_wconf 91' lang='lat' dir='ltr'>e</span> <span class='ocrx_word' id='word_1_206' title='bbox 196 1743 322 1775; x_wconf 79' lang='lat' dir='ltr'>quoque,</span> <span class='ocrx_word' id='word_1_207' title='bbox 344 1733 433 1773; x_wconf 88' lang='lat' dir='ltr'>quod</span> <span class='ocrx_word' id='word_1_208' title='bbox 453 1732 570 1773; x_wconf 81' lang='lat' dir='ltr'>probat</span> <span class='ocrx_word' id='word_1_209' title='bbox 598 1731 857 1772; x_wconf 81' lang='lat' dir='ltr'>Wesenbergius</span> <span class='ocrx_word' id='word_1_210' title='bbox 879 1733 1021 1764; x_wconf 88' lang='lat' dir='ltr'>Emend-</span> 
     </span>
     <span class='ocr_line' id='line_1_23' title="bbox 157 1785 917 1828; baseline -0.003 -10"><span class='ocrx_word' id='word_1_211' title='bbox 157 1797 186 1828; x_wconf 92' lang='lat' dir='ltr'>p.</span> <span class='ocrx_word' id='word_1_212' title='bbox 211 1787 261 1818; x_wconf 84' lang='lat'>38.</span> <span class='ocrx_word' id='word_1_213' title='bbox 286 1786 397 1825; x_wconf 86' lang='lat' dir='ltr'>Quem</span> <span class='ocrx_word' id='word_1_214' title='bbox 419 1785 570 1817; x_wconf 84' lang='lat' dir='ltr'>Caelium</span> <span class='ocrx_word' id='word_1_215' title='bbox 592 1785 688 1822; x_wconf 70' lang='lat' dir='ltr'>(licat,</span> <span class='ocrx_word' id='word_1_216' title='bbox 712 1795 778 1816; x_wconf 92' lang='lat' dir='ltr'>non</span> <span class='ocrx_word' id='word_1_217' title='bbox 802 1785 917 1826; x_wconf 85' lang='lat' dir='ltr'>liquet.</span> 
     </span>
    </p>

    <p class='ocr_par' dir='ltr' id='par_1_8' title="bbox 159 1839 1021 2099">
     <span class='ocr_line' id='line_1_24' title="bbox 199 1839 1021 1872; baseline -0.001 -1"><span class='ocrx_word' id='word_1_218' title='bbox 199 1841 233 1871; x_wconf 80' lang='lat' dir='ltr'>Si</span> <span class='ocrx_word' id='word_1_219' title='bbox 254 1841 394 1871; x_wconf 81' lang='lat' dir='ltr'>Plancus</span> <span class='ocrx_word' id='word_1_220' title='bbox 417 1840 567 1872; x_wconf 70' lang='lat' dir='ltr'>destinat.</span> <span class='ocrx_word' id='word_1_221' title='bbox 590 1840 690 1871; x_wconf 85' lang='lat' dir='ltr'>Recte</span> <span class='ocrx_word' id='word_1_222' title='bbox 712 1840 896 1870; x_wconf 83' lang='lat' dir='ltr'>Lambinus</span> <span class='ocrx_word' id='word_1_223' title='bbox 919 1839 954 1870; x_wconf 93' lang='lat' dir='ltr'>in</span> <span class='ocrx_word' id='word_1_224' title='bbox 970 1840 1021 1870; x_wconf 86' lang='lat' dir='ltr'>his</span> 
     </span>
     <span class='ocr_line' id='line_1_25' title="bbox 159 1893 1020 1936; baseline -0.002 -10"><span class='ocrx_word' id='word_1_225' title='bbox 159 1896 267 1927; x_wconf 82' lang='lat' dir='ltr'>verbis</span> <span class='ocrx_word' id='word_1_226' title='bbox 290 1906 384 1936; x_wconf 88' lang='lat' dir='ltr'>pron.</span> <span class='ocrx_word' id='word_1_227' title='bbox 407 1894 467 1926; x_wconf 78' lang='lat' dir='ltr'>sibi</span> <span class='ocrx_word' id='word_1_228' title='bbox 496 1895 669 1926; x_wconf 78' lang='lat' dir='ltr'>desiderat.</span> <span class='ocrx_word' id='word_1_229' title='bbox 704 1893 768 1925; x_wconf 80' lang='lat' dir='ltr'>Sibi</span> <span class='ocrx_word' id='word_1_230' title='bbox 789 1894 951 1925; x_wconf 75' lang='lat' dir='ltr'>destinare</span> <span class='ocrx_word' id='word_1_231' title='bbox 973 1895 1020 1925; x_wconf 88' lang='lat' dir='ltr'>di-</span> 
     </span>
     <span class='ocr_line' id='line_1_26' title="bbox 159 1947 1020 1990; baseline -0.002 -10"><span class='ocrx_word' id='word_1_232' title='bbox 159 1949 252 1986; x_wconf 87' lang='lat' dir='ltr'>citur,</span> <span class='ocrx_word' id='word_1_233' title='bbox 283 1949 339 1990; x_wconf 90' lang='lat' dir='ltr'>qui</span> <span class='ocrx_word' id='word_1_234' title='bbox 372 1958 482 1980; x_wconf 89' lang='lat' dir='ltr'>emere</span> <span class='ocrx_word' id='word_1_235' title='bbox 511 1948 610 1988; x_wconf 89' lang='lat' dir='ltr'>cupit.</span> <span class='ocrx_word' id='word_1_236' title='bbox 635 1947 683 1979; x_wconf 75' lang='lat' dir='ltr'>(tf.</span> <span class='ocrx_word' id='word_1_237' title='bbox 707 1947 799 1978; x_wconf 84' lang='lat' dir='ltr'>Fam.</span> <span class='ocrx_word' id='word_1_238' title='bbox 824 1947 906 1978; x_wconf 88' lang='lat' dir='ltr'>VH.</span> <span class='ocrx_word' id='word_1_239' title='bbox 929 1947 978 1985; x_wconf 80' lang='lat'>23,</span> <span class='ocrx_word' id='word_1_240' title='bbox 1002 1949 1020 1978; x_wconf 89' lang='grc'><strong>3</strong></span> 
     </span>
     <span class='ocr_line' id='line_1_27' title="bbox 165 1997 1021 2046; baseline 0 -15"><span class='ocrx_word' id='word_1_241' title='bbox 165 2001 258 2037; x_wconf 70' lang='lat' dir='ltr'>Quod</span> <span class='ocrx_word' id='word_1_242' title='bbox 278 2001 335 2032; x_wconf 77' lang='lat' dir='ltr'><em>tzbz‘</em></span> <span class='ocrx_word' id='word_1_243' title='bbox 357 2001 539 2033; x_wconf 76' lang='lat' dir='ltr'>destinaras</span> <span class='ocrx_word' id='word_1_244' title='bbox 571 1997 840 2046; x_wconf 58' lang='grc' dir='ltr'>τραπεζοφόρον,</span> <span class='ocrx_word' id='word_1_245' title='bbox 885 2001 1021 2042; x_wconf 72' lang='lat' dir='ltr'>habebis,</span> 
     </span>
     <span class='ocr_line' id='line_1_28' title="bbox 162 2057 727 2099; baseline -0.002 -10"><span class='ocrx_word' id='word_1_246' title='bbox 162 2063 193 2090; x_wconf 88' lang='lat' dir='ltr'>et</span> <span class='ocrx_word' id='word_1_247' title='bbox 215 2068 299 2099; x_wconf 87' lang='lat' dir='ltr'>quae</span> <span class='ocrx_word' id='word_1_248' title='bbox 319 2058 434 2089; x_wconf 89' lang='lat' dir='ltr'>monui</span> <span class='ocrx_word' id='word_1_249' title='bbox 457 2059 498 2089; x_wconf 84' lang='lat' dir='ltr'>ad</span> <span class='ocrx_word' id='word_1_250' title='bbox 520 2057 601 2089; x_wconf 85' lang='lat' dir='ltr'>XII.</span> <span class='ocrx_word' id='word_1_251' title='bbox 625 2059 674 2095; x_wconf 82' lang='lat'>31,</span> <span class='ocrx_word' id='word_1_252' title='bbox 701 2059 727 2089; x_wconf 87' lang='lat'>1.</span> 
     </span>
    </p>
   </div>
   <div class='ocr_carea' id='block_1_8' title="bbox 162 2111 1023 2199">
    <p class='ocr_par' dir='ltr' id='par_1_9' title="bbox 162 2111 1023 2199">
     <span class='ocr_line' id='line_1_29' title="bbox 203 2111 1023 2153; baseline 0 -11"><span class='ocrx_word' id='word_1_253' title='bbox 203 2111 252 2142; x_wconf 81' lang='lat' dir='ltr'>De</span> <span class='ocrx_word' id='word_1_254' title='bbox 273 2112 361 2143; x_wconf 70' lang='lat' dir='ltr'>morlo</span> <span class='ocrx_word' id='word_1_255' title='bbox 383 2112 463 2153; x_wconf 67' lang='lat' dir='ltr'>cyri.</span> <span class='ocrx_word' id='word_1_256' title='bbox 487 2112 537 2143; x_wconf 85' lang='lat' dir='ltr'>Cf.</span> <span class='ocrx_word' id='word_1_257' title='bbox 561 2112 643 2143; x_wconf 90' lang='lat' dir='ltr'>Hor.</span> <span class='ocrx_word' id='word_1_258' title='bbox 666 2111 736 2144; x_wconf 86' lang='lat' dir='ltr'>Sat.</span> <span class='ocrx_word' id='word_1_259' title='bbox 759 2113 806 2144; x_wconf 94' lang='lat' dir='ltr'>II.</span> <span class='ocrx_word' id='word_1_260' title='bbox 821 2113 849 2150; x_wconf 88' lang='lat'>6,</span> <span class='ocrx_word' id='word_1_261' title='bbox 864 2113 898 2143; x_wconf 86' lang='lat' dir='ltr'>l:</span> <span class='ocrx_word' id='word_1_262' title='bbox 915 2112 1023 2143; x_wconf 77' lang='lat' dir='ltr'>modus</span> 
     </span>
     <span class='ocr_line' id='line_1_30' title="bbox 162 2157 547 2199; baseline 0.01 -13"><span class='ocrx_word' id='word_1_263' title='bbox 162 2157 234 2198; x_wconf 72' lang='lat' dir='ltr'>ayri</span> <span class='ocrx_word' id='word_1_264' title='bbox 256 2167 318 2187; x_wconf 77' lang='lat' dir='ltr'>nou</span> <span class='ocrx_word' id='word_1_265' title='bbox 339 2157 387 2187; x_wconf 72' lang='lat' dir='ltr'>ita</span> <span class='ocrx_word' id='word_1_266' title='bbox 408 2168 547 2199; x_wconf 59' lang='lat' dir='ltr'>maynu&amp;</span> 
     </span>
    </p>
   </div>
   <div class='ocr_carea' id='block_1_9' title="bbox 165 2203 1023 2302">
    <p class='ocr_par' dir='ltr' id='par_1_10' title="bbox 165 2203 1023 2302">
     <span class='ocr_line' id='line_1_31' title="bbox 207 2203 1023 2250; baseline 0.002 -14"><span class='ocrx_word' id='word_1_267' title='bbox 207 2206 398 2237; x_wconf 81' lang='lat' dir='ltr'>Dicaearchi</span> <span class='ocrx_word' id='word_1_268' title='bbox 433 2207 544 2239; x_wconf 74' lang='lat' dir='ltr'>librum</span> <span class='ocrx_word' id='word_1_269' title='bbox 581 2208 687 2250; x_wconf 79' lang='lat' dir='ltr'>accepi</span> <span class='ocrx_word' id='word_1_270' title='bbox 725 2210 754 2238; x_wconf 84' lang='lat' dir='ltr'>el</span> <span class='ocrx_word' id='word_1_271' title='bbox 798 2203 1023 2250; x_wconf 75' lang='grc' dir='ltr'><em>καταβάσεως</em></span> 
     </span>
     <span class='ocr_line' id='line_1_32' title="bbox 165 2256 1022 2302; baseline 0.001 -12"><span class='ocrx_word' id='word_1_272' title='bbox 165 2263 317 2299; x_wconf 69' lang='lat' dir='ltr'>exspecto.</span> <span class='ocrx_word' id='word_1_273' title='bbox 341 2260 487 2300; x_wconf 82' lang='lat' dir='ltr'>Rogarat</span> <span class='ocrx_word' id='word_1_274' title='bbox 510 2262 626 2294; x_wconf 88' lang='lat' dir='ltr'>Cicero</span> <span class='ocrx_word' id='word_1_275' title='bbox 648 2268 825 2301; x_wconf 86' lang='lat' dir='ltr'>utrumque</span> <span class='ocrx_word' id='word_1_276' title='bbox 847 2269 927 2301; x_wconf 89' lang='lat' dir='ltr'>opus</span> <span class='ocrx_word' id='word_1_277' title='bbox 945 2256 1022 2302; x_wconf 79' lang='grc' dir='ltr'>περὶ</span> 
     </span>
    </p>
   </div>
   <div class='ocr_carea' id='block_1_10' title="bbox 1065 1677 1932 2310">
    <p class='ocr_par' dir='ltr' id='par_1_11' title="bbox 1065 1677 1926 1880">
     <span class='ocr_line' id='line_1_33' title="bbox 1065 1677 1926 1719; baseline 0.001 -10"><span class='ocrx_word' id='word_1_278' title='bbox 1065 1677 1298 1718; x_wconf 88' lang='lat' dir='ltr'>Wesenbergii</span> <span class='ocrx_word' id='word_1_279' title='bbox 1333 1677 1537 1709; x_wconf 81' lang='lat' dir='ltr'>correctione</span> <span class='ocrx_word' id='word_1_280' title='bbox 1564 1687 1654 1719; x_wconf 83' lang='lat' dir='ltr'>quum</span> <span class='ocrx_word' id='word_1_281' title='bbox 1682 1687 1741 1718; x_wconf 87' lang='lat' dir='ltr'>pro</span> <span class='ocrx_word' id='word_1_282' title='bbox 1771 1679 1926 1719; x_wconf 81' lang='lat' dir='ltr'>quoniam,</span> 
     </span>
     <span class='ocr_line' id='line_1_34' title="bbox 1066 1731 1926 1772; baseline 0.001 -10"><span class='ocrx_word' id='word_1_283' title='bbox 1066 1740 1109 1762; x_wconf 93' lang='lat' dir='ltr'>ne</span> <span class='ocrx_word' id='word_1_284' title='bbox 1129 1731 1267 1768; x_wconf 79' lang='lat' dir='ltr'>deesset,</span> <span class='ocrx_word' id='word_1_285' title='bbox 1293 1741 1358 1772; x_wconf 88' lang='lat' dir='ltr'>quo</span> <span class='ocrx_word' id='word_1_286' title='bbox 1382 1731 1557 1762; x_wconf 86' lang='lat' dir='ltr'>referretur</span> <span class='ocrx_word' id='word_1_287' title='bbox 1579 1732 1652 1768; x_wconf 82' lang='lat' dir='ltr'>tum,</span> <span class='ocrx_word' id='word_1_288' title='bbox 1687 1731 1776 1771; x_wconf 90' lang='lat' dir='ltr'>quod</span> <span class='ocrx_word' id='word_1_289' title='bbox 1796 1741 1926 1772; x_wconf 85' lang='lat' dir='ltr'>praece-</span> 
     </span>
     <span class='ocr_line' id='line_1_35' title="bbox 1066 1784 1926 1826; baseline 0.001 -11"><span class='ocrx_word' id='word_1_290' title='bbox 1066 1784 1124 1815; x_wconf 89' lang='lat' dir='ltr'>dit.</span> <span class='ocrx_word' id='word_1_291' title='bbox 1157 1784 1343 1816; x_wconf 85' lang='lat' dir='ltr'>Lambinus</span> <span class='ocrx_word' id='word_1_292' title='bbox 1367 1785 1492 1816; x_wconf 90' lang='lat' dir='ltr'>nodum</span> <span class='ocrx_word' id='word_1_293' title='bbox 1514 1784 1657 1816; x_wconf 84' lang='lat' dir='ltr'>solverat</span> <span class='ocrx_word' id='word_1_294' title='bbox 1681 1786 1926 1826; x_wconf 87' lang='lat' dir='ltr'>transponendo</span> 
     </span>
     <span class='ocr_line' id='line_1_36' title="bbox 1066 1838 1716 1880; baseline 0.002 -12"><span class='ocrx_word' id='word_1_295' title='bbox 1066 1839 1130 1868; x_wconf 83' lang='lat' dir='ltr'>tum</span> <span class='ocrx_word' id='word_1_296' title='bbox 1152 1843 1225 1879; x_wconf 89' lang='lat' dir='ltr'>post</span> <span class='ocrx_word' id='word_1_297' title='bbox 1246 1839 1401 1880; x_wconf 75' lang='lat' dir='ltr'>quoniam.</span> <span class='ocrx_word' id='word_1_298' title='bbox 1424 1838 1491 1870; x_wconf 91' lang='lat' dir='ltr'>Sed</span> <span class='ocrx_word' id='word_1_299' title='bbox 1512 1839 1575 1870; x_wconf 87' lang='lat' dir='ltr'>hoc</span> <span class='ocrx_word' id='word_1_300' title='bbox 1597 1839 1716 1870; x_wconf 89' lang='lat' dir='ltr'>lenius.</span> 
     </span>
    </p>

    <p class='ocr_par' dir='ltr' id='par_1_12' title="bbox 1065 1891 1932 2310">
     <span class='ocr_line' id='line_1_37' title="bbox 1110 1891 1927 1934; baseline 0.004 -12"><span class='ocrx_word' id='word_1_301' title='bbox 1110 1891 1208 1934; x_wconf 75' lang='lat' dir='ltr'>quue</span> <span class='ocrx_word' id='word_1_302' title='bbox 1224 1894 1333 1933; x_wconf 77' lang='lat' dir='ltr'>potius</span> <span class='ocrx_word' id='word_1_303' title='bbox 1346 1893 1454 1934; x_wconf 77' lang='lat' dir='ltr'>fuisse</span> <span class='ocrx_word' id='word_1_304' title='bbox 1465 1893 1558 1924; x_wconf 88' lang='lat' dir='ltr'>credo</span> <span class='ocrx_word' id='word_1_305' title='bbox 1580 1903 1613 1924; x_wconf 71' lang='grc' dir='ltr'>οι</span> <span class='ocrx_word' id='word_1_306' title='bbox 1637 1899 1670 1925; x_wconf 90' lang='lat' dir='ltr'>et</span> <span class='ocrx_word' id='word_1_307' title='bbox 1690 1893 1800 1934; x_wconf 89' lang='lat' dir='ltr'>potius</span> <span class='ocrx_word' id='word_1_308' title='bbox 1821 1894 1927 1931; x_wconf 88' lang='lat' dir='ltr'>credo,</span> 
     </span>
     <span class='ocr_line' id='line_1_38' title="bbox 1067 1947 1930 1988; baseline 0.002 -11"><span class='ocrx_word' id='word_1_309' title='bbox 1067 1956 1142 1978; x_wconf 90' lang='lat' dir='ltr'>eum</span> <span class='ocrx_word' id='word_1_310' title='bbox 1156 1953 1227 1978; x_wconf 88' lang='lat' dir='ltr'>tum</span> <span class='ocrx_word' id='word_1_311' title='bbox 1244 1953 1299 1978; x_wconf 82' lang='lat' dir='ltr'>aut</span> <span class='ocrx_word' id='word_1_312' title='bbox 1314 1955 1522 1988; x_wconf 80' lang='lat' dir='ltr'>quaestorem</span> <span class='ocrx_word' id='word_1_313' title='bbox 1532 1952 1587 1978; x_wconf 85' lang='lat' dir='ltr'>aut</span> <span class='ocrx_word' id='word_1_314' title='bbox 1601 1947 1775 1978; x_wconf 88' lang='lat' dir='ltr'>tribunum</span> <span class='ocrx_word' id='word_1_315' title='bbox 1783 1947 1930 1979; x_wconf 88' lang='lat' dir='ltr'>militum</span> 
     </span>
     <span class='ocr_line' id='line_1_39' title="bbox 1066 1999 1930 2042; baseline 0.003 -12"><span class='ocrx_word' id='word_1_316' title='bbox 1066 1999 1177 2038; x_wconf 88' lang='lat' dir='ltr'>fuisse,</span> <span class='ocrx_word' id='word_1_317' title='bbox 1199 2010 1298 2041; x_wconf 83' lang='lat' dir='ltr'>quam</span> <span class='ocrx_word' id='word_1_318' title='bbox 1322 2001 1355 2031; x_wconf 90' lang='lat' dir='ltr'>in</span> <span class='ocrx_word' id='word_1_319' title='bbox 1388 2002 1502 2032; x_wconf 89' lang='lat' dir='ltr'>decem</span> <span class='ocrx_word' id='word_1_320' title='bbox 1536 2001 1664 2042; x_wconf 77' lang='lat' dir='ltr'>legatis,</span> <span class='ocrx_word' id='word_1_321' title='bbox 1693 2006 1731 2032; x_wconf 88' lang='lat' dir='ltr'>ut</span> <span class='ocrx_word' id='word_1_322' title='bbox 1759 2001 1860 2033; x_wconf 83' lang='lat' dir='ltr'>verba</span> <span class='ocrx_word' id='word_1_323' title='bbox 1888 2001 1930 2033; x_wconf 82' lang='lat' dir='ltr'>ab</span> 
     </span>
     <span class='ocr_line' id='line_1_40' title="bbox 1065 2053 1931 2096; baseline 0.002 -12"><span class='ocrx_word' id='word_1_324' title='bbox 1065 2053 1207 2085; x_wconf 88' lang='lat' dir='ltr'>Ernesto</span> <span class='ocrx_word' id='word_1_325' title='bbox 1228 2060 1374 2085; x_wconf 87' lang='lat' dir='ltr'>correcta</span> <span class='ocrx_word' id='word_1_326' title='bbox 1396 2054 1557 2095; x_wconf 79' lang='lat' dir='ltr'>explicuit</span> <span class='ocrx_word' id='word_1_327' title='bbox 1592 2054 1850 2096; x_wconf 84' lang='lat' dir='ltr'>Wesenbergius</span> <span class='ocrx_word' id='word_1_328' title='bbox 1867 2055 1889 2086; x_wconf 86' lang='lat'>1.</span> <span class='ocrx_word' id='word_1_329' title='bbox 1907 2054 1931 2087; x_wconf 88' lang='lat'>1.</span> 
     </span>
     <span class='ocr_line' id='line_1_41' title="bbox 1066 2107 1930 2149; baseline 0.001 -11"><span class='ocrx_word' id='word_1_330' title='bbox 1066 2107 1107 2138; x_wconf 95' lang='lat' dir='ltr'>In</span> <span class='ocrx_word' id='word_1_331' title='bbox 1132 2107 1171 2138; x_wconf 90' lang='lat' dir='ltr'>iis</span> <span class='ocrx_word' id='word_1_332' title='bbox 1195 2117 1279 2148; x_wconf 87' lang='lat' dir='ltr'>quae</span> <span class='ocrx_word' id='word_1_333' title='bbox 1304 2113 1497 2149; x_wconf 89' lang='lat' dir='ltr'>sequuntur,</span> <span class='ocrx_word' id='word_1_334' title='bbox 1529 2108 1588 2138; x_wconf 84' lang='lat' dir='ltr'>illa</span> <span class='ocrx_word' id='word_1_335' title='bbox 1618 2107 1688 2138; x_wconf 83' lang='lat' dir='ltr'>vide</span> <span class='ocrx_word' id='word_1_336' title='bbox 1710 2107 1805 2138; x_wconf 76' lang='lat' dir='ltr'>etiam</span> <span class='ocrx_word' id='word_1_337' title='bbox 1827 2113 1930 2140; x_wconf 82' lang='lat' dir='ltr'>totam</span> 
     </span>
     <span class='ocr_line' id='line_1_42' title="bbox 1067 2160 1927 2202; baseline 0.002 -11"><span class='ocrx_word' id='word_1_338' title='bbox 1067 2161 1268 2192; x_wconf 82' lang='lat' dir='ltr'>sententiam</span> <span class='ocrx_word' id='word_1_339' title='bbox 1291 2167 1517 2202; x_wconf 78' lang='lat' dir='ltr'>corrumpunt,</span> <span class='ocrx_word' id='word_1_340' title='bbox 1541 2171 1648 2202; x_wconf 89' lang='lat' dir='ltr'>neque</span> <span class='ocrx_word' id='word_1_341' title='bbox 1667 2161 1824 2193; x_wconf 83' lang='lat' dir='ltr'>satisfacit</span> <span class='ocrx_word' id='word_1_342' title='bbox 1835 2160 1927 2195; x_wconf 89' lang='lat' dir='ltr'>Orel-</span> 
     </span>
     <span class='ocr_line' id='line_1_43' title="bbox 1068 2213 1932 2257; baseline 0.002 -13"><span class='ocrx_word' id='word_1_343' title='bbox 1068 2214 1106 2245; x_wconf 91' lang='lat' dir='ltr'>lii</span> <span class='ocrx_word' id='word_1_344' title='bbox 1128 2213 1327 2251; x_wconf 84' lang='lat' dir='ltr'>remedium,</span> <span class='ocrx_word' id='word_1_345' title='bbox 1353 2214 1410 2255; x_wconf 86' lang='lat' dir='ltr'>qui</span> <span class='ocrx_word' id='word_1_346' title='bbox 1433 2214 1581 2245; x_wconf 84' lang='lat' dir='ltr'>volebat:</span> <span class='ocrx_word' id='word_1_347' title='bbox 1627 2213 1723 2245; x_wconf 82' lang='lat' dir='ltr'>Tu...</span> <span class='ocrx_word' id='word_1_348' title='bbox 1745 2214 1826 2245; x_wconf 75' lang='lat' dir='ltr'>scire</span> <span class='ocrx_word' id='word_1_349' title='bbox 1842 2217 1932 2257; x_wconf 82' lang='lat' dir='ltr'>pole-</span> 
     </span>
     <span class='ocr_line' id='line_1_44' title="bbox 1068 2267 1930 2310; baseline 0.005 -13"><span class='ocrx_word' id='word_1_350' title='bbox 1068 2267 1128 2297; x_wconf 57' lang='grc' dir='ltr'>νέες.-</span> <span class='ocrx_word' id='word_1_351' title='bbox 1156 2285 1193 2289; x_wconf 87' lang='lat'>—-</span> <span class='ocrx_word' id='word_1_352' title='bbox 1216 2267 1286 2298; x_wconf 77' lang='lat' dir='ltr'>vide</span> <span class='ocrx_word' id='word_1_353' title='bbox 1309 2267 1404 2298; x_wconf 79' lang='lat' dir='ltr'>eliam</span> <span class='ocrx_word' id='word_1_354' title='bbox 1425 2270 1520 2310; x_wconf 83' lang='lat' dir='ltr'>alque</span> <span class='ocrx_word' id='word_1_355' title='bbox 1542 2268 1647 2306; x_wconf 82' lang='lat' dir='ltr'>eiiam,</span> <span class='ocrx_word' id='word_1_356' title='bbox 1680 2279 1740 2310; x_wconf 81' lang='lat' dir='ltr'>quo</span> <span class='ocrx_word' id='word_1_357' title='bbox 1761 2279 1846 2300; x_wconf 83' lang='lat' dir='ltr'><em>anno</em></span> <span class='ocrx_word' id='word_1_358' title='bbox 1868 2274 1930 2301; x_wconf 86' lang='lat' dir='ltr'>cet.</span> 
     </span>
    </p>
   </div>
   <div class='ocr_carea' id='block_1_11' title="bbox 1970 0 2062 1809">
    <p class='ocr_par' dir='ltr' id='par_1_13' title="bbox 1970 0 2062 1809">
     <span class='ocr_line' id='line_1_45' title="bbox 1970 0 2062 1809; baseline 0 0"><span class='ocrx_word' id='word_1_359' title='bbox 1970 0 2062 1809; x_wconf 95' lang='lat' dir='ltr'> </span> 
     </span>
    </p>
   </div>
   <div class='ocr_carea' id='block_1_12' title="bbox 155 3118 791 3162">
    <p class='ocr_par' dir='ltr' id='par_1_14' title="bbox 155 3118 791 3162">
     <span class='ocr_line' id='line_1_46' title="bbox 155 3118 791 3162; baseline 0.009 -16"><span class='ocrx_word' id='word_1_360' title='bbox 155 3118 324 3159; x_wconf 64' lang='lat' dir='ltr'>›rceyolium</span> <span class='ocrx_word' id='word_1_361' title='bbox 349 3118 473 3150; x_wconf 77' lang='lat' dir='ltr'>dederis</span> <span class='ocrx_word' id='word_1_362' title='bbox 496 3120 549 3151; x_wconf 88' lang='lat' dir='ltr'>vel</span> <span class='ocrx_word' id='word_1_363' title='bbox 572 3119 679 3152; x_wconf 84' lang='lat' dir='ltr'>simile</span> <span class='ocrx_word' id='word_1_364' title='bbox 702 3121 791 3162; x_wconf 86' lang='lat' dir='ltr'>quid.</span> 
     </span>
    </p>
   </div>
   <div class='ocr_carea' id='block_1_13' title="bbox 166 2311 1028 2412">
    <p class='ocr_par' dir='ltr' id='par_1_15' title="bbox 166 2311 1028 2412">
     <span class='ocr_line' id='line_1_47' title="bbox 166 2311 1023 2361; baseline -0.006 -11"><span class='ocrx_word' id='word_1_365' title='bbox 166 2311 282 2361; x_wconf 73' lang='grc' dir='ltr'>ψυχῆς</span> <span class='ocrx_word' id='word_1_366' title='bbox 303 2321 334 2347; x_wconf 85' lang='lat' dir='ltr'>et</span> <span class='ocrx_word' id='word_1_367' title='bbox 356 2312 596 2361; x_wconf 76' lang='grc' dir='ltr'><strong>καταβάσεως.</strong></span> <span class='ocrx_word' id='word_1_368' title='bbox 622 2318 801 2358; x_wconf 81' lang='lat' dir='ltr'>Propterea-</span> <span class='ocrx_word' id='word_1_369' title='bbox 811 2315 925 2347; x_wconf 78' lang='lat' dir='ltr'>debuit</span> <span class='ocrx_word' id='word_1_370' title='bbox 936 2324 1023 2346; x_wconf 89' lang='lat' dir='ltr'>nunc</span> 
     </span>
     <span class='ocr_line' id='line_1_48' title="bbox 166 2371 1028 2412; baseline -0.002 -9"><span class='ocrx_word' id='word_1_371' title='bbox 166 2372 324 2404; x_wconf 85' lang='lat' dir='ltr'>scribere:</span> <span class='ocrx_word' id='word_1_372' title='bbox 355 2372 443 2404; x_wconf 76' lang='lat' dir='ltr'>Duos</span> <span class='ocrx_word' id='word_1_373' title='bbox 469 2373 662 2406; x_wconf 67' lang='lat' dir='ltr'>Dicaearchi</span> <span class='ocrx_word' id='word_1_374' title='bbox 696 2374 791 2404; x_wconf 77' lang='lat' dir='ltr'>libros</span> <span class='ocrx_word' id='word_1_375' title='bbox 821 2371 937 2412; x_wconf 80' lang='lat' dir='ltr'>accepi,</span> <span class='ocrx_word' id='word_1_376' title='bbox 970 2371 1028 2402; x_wconf 80' lang='lat' dir='ltr'>sed</span> 
     </span>
    </p>
   </div>
   <div class='ocr_carea' id='block_1_14' title="bbox 162 2320 1934 3006">
    <p class='ocr_par' dir='ltr' id='par_1_16' title="bbox 162 2320 1934 3006">
     <span class='ocr_line' id='line_1_49' title="bbox 1069 2320 1932 2362; baseline 0.003 -11"><span class='ocrx_word' id='word_1_377' title='bbox 1069 2320 1255 2361; x_wconf 87' lang='lat' dir='ltr'>Aliquanto</span> <span class='ocrx_word' id='word_1_378' title='bbox 1274 2321 1395 2352; x_wconf 86' lang='lat' dir='ltr'>melius</span> <span class='ocrx_word' id='word_1_379' title='bbox 1413 2321 1576 2352; x_wconf 84' lang='lat' dir='ltr'>sententia</span> <span class='ocrx_word' id='word_1_380' title='bbox 1587 2322 1750 2362; x_wconf 84' lang='lat' dir='ltr'>procedet,</span> <span class='ocrx_word' id='word_1_381' title='bbox 1762 2322 1792 2354; x_wconf 88' lang='lat' dir='ltr'>si</span> <span class='ocrx_word' id='word_1_382' title='bbox 1802 2331 1932 2354; x_wconf 88' lang='lat' dir='ltr'>mecum</span> 
     </span>
     <span class='ocr_line' id='line_1_50' title="bbox 1069 2372 1930 2417; baseline 0.005 -14"><span class='ocrx_word' id='word_1_383' title='bbox 1069 2373 1206 2413; x_wconf 81' lang='lat' dir='ltr'>legeris:</span> <span class='ocrx_word' id='word_1_384' title='bbox 1243 2372 1287 2403; x_wconf 85' lang='lat' dir='ltr'>Tu</span> <span class='ocrx_word' id='word_1_385' title='bbox 1317 2372 1356 2403; x_wconf 85' lang='lat' dir='ltr'>de</span> <span class='ocrx_word' id='word_1_386' title='bbox 1386 2373 1424 2404; x_wconf 82' lang='lat' dir='ltr'>A.</span> <span class='ocrx_word' id='word_1_387' title='bbox 1454 2373 1535 2404; x_wconf 76' lang='lat' dir='ltr'>scire</span> <span class='ocrx_word' id='word_1_388' title='bbox 1562 2374 1691 2414; x_wconf 73' lang='lat' dir='ltr'>poteris,</span> <span class='ocrx_word' id='word_1_389' title='bbox 1714 2385 1774 2416; x_wconf 86' lang='lat' dir='ltr'>quo</span> <span class='ocrx_word' id='word_1_390' title='bbox 1796 2385 1879 2406; x_wconf 85' lang='lat' dir='ltr'>anno</span> <span class='ocrx_word' id='word_1_391' title='bbox 1901 2386 1930 2417; x_wconf 87' lang='lat' dir='ltr'>q.</span> 
     </span>
     <span class='ocr_line' id='line_1_51' title="bbox 166 2422 1931 2470; baseline 0.002 -14"><span class='ocrx_word' id='word_1_392' title='bbox 166 2422 294 2470; x_wconf 83' lang='grc' dir='ltr'><strong>καταβ.</strong></span> <span class='ocrx_word' id='word_1_393' title='bbox 324 2430 477 2467; x_wconf 66' lang='lat' dir='ltr'>exspecto,</span> <span class='ocrx_word' id='word_1_394' title='bbox 504 2434 574 2459; x_wconf 86' lang='lat' dir='ltr'>aut:</span> <span class='ocrx_word' id='word_1_395' title='bbox 598 2427 638 2458; x_wconf 86' lang='lat' dir='ltr'>D.</span> <span class='ocrx_word' id='word_1_396' title='bbox 663 2427 774 2457; x_wconf 76' lang='lat' dir='ltr'>librum</span> <span class='ocrx_word' id='word_1_397' title='bbox 790 2425 896 2465; x_wconf 75' lang='lat' dir='ltr'>accepi</span> <span class='ocrx_word' id='word_1_398' title='bbox 919 2435 1024 2457; x_wconf 84' lang='grc' dir='ltr'>κατα·</span> <span class='ocrx_word' id='word_1_399' title='bbox 1071 2438 1101 2457; x_wconf 89' lang='grc' dir='ltr'>α.</span> <span class='ocrx_word' id='word_1_400' title='bbox 1125 2429 1165 2458; x_wconf 77' lang='lat' dir='ltr'>tr.</span> <span class='ocrx_word' id='word_1_401' title='bbox 1188 2438 1226 2457; x_wconf 84' lang='lat' dir='ltr'>m.</span> <span class='ocrx_word' id='word_1_402' title='bbox 1239 2427 1357 2468; x_wconf 79' lang='lat' dir='ltr'>fuerit.</span> <span class='ocrx_word' id='word_1_403' title='bbox 1380 2426 1413 2457; x_wconf 67' lang='lat' dir='ltr'>Si</span> <span class='ocrx_word' id='word_1_404' title='bbox 1438 2430 1579 2458; x_wconf 76' lang='lat' dir='ltr'>neutrum</span> <span class='ocrx_word' id='word_1_405' title='bbox 1591 2428 1736 2470; x_wconf 78' lang='lat' dir='ltr'>quadret,</span> <span class='ocrx_word' id='word_1_406' title='bbox 1753 2427 1825 2460; x_wconf 83' lang='lat' dir='ltr'>vide</span> <span class='ocrx_word' id='word_1_407' title='bbox 1837 2428 1931 2460; x_wconf 81' lang='lat' dir='ltr'>etiam</span> 
     </span>
     <span class='ocr_line' id='line_1_52' title="bbox 166 2473 1933 2524; baseline 0.003 -14"><span class='ocrx_word' id='word_1_408' title='bbox 166 2474 300 2522; x_wconf 75' lang='grc' dir='ltr'><em>βάσεως</em></span> <span class='ocrx_word' id='word_1_409' title='bbox 323 2480 364 2511; x_wconf 87' lang='lat' dir='ltr'>de</span> <span class='ocrx_word' id='word_1_410' title='bbox 386 2481 502 2512; x_wconf 86' lang='lat' dir='ltr'>ceteris</span> <span class='ocrx_word' id='word_1_411' title='bbox 532 2486 653 2513; x_wconf 87' lang='lat' dir='ltr'>tacens.</span> <span class='ocrx_word' id='word_1_412' title='bbox 673 2499 677 2501; x_wconf 20' lang='grc' dir='ltr'>λ</span> <span class='ocrx_word' id='word_1_413' title='bbox 1045 2473 1047 2522; x_wconf 58' lang='lat' dir='ltr'>l</span> <span class='ocrx_word' id='word_1_414' title='bbox 1070 2481 1103 2511; x_wconf 79' lang='lat' dir='ltr'>in</span> <span class='ocrx_word' id='word_1_415' title='bbox 1119 2481 1296 2521; x_wconf 60' lang='lat' dir='ltr'>praestetis</span> <span class='ocrx_word' id='word_1_416' title='bbox 1315 2492 1357 2511; x_wconf 84' lang='lat' dir='ltr'>an</span> <span class='ocrx_word' id='word_1_417' title='bbox 1371 2481 1404 2512; x_wconf 78' lang='lat' dir='ltr'>in</span> <span class='ocrx_word' id='word_1_418' title='bbox 1418 2481 1691 2513; x_wconf 78' lang='lat' dir='ltr'>contubernalibus</span> <span class='ocrx_word' id='word_1_419' title='bbox 1695 2482 1805 2524; x_wconf 79' lang='lat' dir='ltr'>fuerit</span> <span class='ocrx_word' id='word_1_420' title='bbox 1821 2487 1933 2514; x_wconf 86' lang='lat' dir='ltr'>cet.—</span> 
     </span>
     <span class='ocr_line' id='line_1_53' title="bbox 211 2524 1934 2572; baseline 0.006 -14"><span class='ocrx_word' id='word_1_421' title='bbox 211 2529 229 2568; x_wconf 73' lang='lat'>§</span> <span class='ocrx_word' id='word_1_422' title='bbox 251 2530 279 2559; x_wconf 76' lang='lat'>3.</span> <span class='ocrx_word' id='word_1_423' title='bbox 386 2528 541 2570; x_wconf 73' lang='lat' dir='ltr'>neyotium</span> <span class='ocrx_word' id='word_1_424' title='bbox 557 2529 692 2567; x_wconf 67' lang='lat' dir='ltr'>dederis,</span> <span class='ocrx_word' id='word_1_425' title='bbox 708 2530 843 2570; x_wconf 76' lang='lat' dir='ltr'>reperiet</span> <span class='ocrx_word' id='word_1_426' title='bbox 862 2537 922 2562; x_wconf 87' lang='lat' dir='ltr'>cet.</span> <span class='ocrx_word' id='word_1_427' title='bbox 947 2530 1025 2572; x_wconf 84' lang='lat' dir='ltr'>Spe·</span> <span class='ocrx_word' id='word_1_428' title='bbox 1046 2524 1048 2568; x_wconf 70' lang='grc' dir='ltr'>ξ</span> <span class='ocrx_word' id='word_1_429' title='bbox 1070 2534 1258 2566; x_wconf 71' lang='lat' dir='ltr'>Antiochum</span> <span class='ocrx_word' id='word_1_430' title='bbox 1281 2545 1396 2567; x_wconf 87' lang='lat' dir='ltr'>omnes</span> <span class='ocrx_word' id='word_1_431' title='bbox 1419 2535 1543 2567; x_wconf 84' lang='lat' dir='ltr'>faciunt</span> <span class='ocrx_word' id='word_1_432' title='bbox 1565 2546 1698 2567; x_wconf 86' lang='lat' dir='ltr'>servum</span> <span class='ocrx_word' id='word_1_433' title='bbox 1726 2536 1832 2568; x_wconf 87' lang='lat' dir='ltr'>Attici</span> <span class='ocrx_word' id='word_1_434' title='bbox 1861 2537 1934 2569; x_wconf 81' lang='lat' dir='ltr'>lite-</span> 
     </span>
     <span class='ocr_line' id='line_1_54' title="bbox 168 2576 1932 2633; baseline 0.005 -22"><span class='ocrx_word' id='word_1_435' title='bbox 168 2581 255 2611; x_wconf 78' lang='lat' dir='ltr'>ciosa</span> <span class='ocrx_word' id='word_1_436' title='bbox 276 2587 325 2613; x_wconf 87' lang='lat' dir='ltr'>est</span> <span class='ocrx_word' id='word_1_437' title='bbox 345 2581 550 2623; x_wconf 78' lang='lat' dir='ltr'>Malaspinae</span> <span class='ocrx_word' id='word_1_438' title='bbox 574 2583 659 2614; x_wconf 88' lang='lat' dir='ltr'>coni.</span> <span class='ocrx_word' id='word_1_439' title='bbox 683 2584 837 2624; x_wconf 75' lang='lat' dir='ltr'>ncyolium</span> <span class='ocrx_word' id='word_1_440' title='bbox 861 2585 900 2615; x_wconf 79' lang='lat' dir='ltr'>de</span> <span class='ocrx_word' id='word_1_441' title='bbox 922 2585 1025 2615; x_wconf 83' lang='lat' dir='ltr'>decem</span> <span class='ocrx_word' id='word_1_442' title='bbox 1046 2576 1049 2633; x_wconf 57' lang='grc' dir='ltr'>ξ</span> <span class='ocrx_word' id='word_1_443' title='bbox 1071 2593 1194 2626; x_wconf 73' lang='lat' dir='ltr'>ratum3</span> <span class='ocrx_word' id='word_1_444' title='bbox 1219 2590 1276 2620; x_wconf 76' lang='lat' dir='ltr'>sed</span> <span class='ocrx_word' id='word_1_445' title='bbox 1299 2595 1347 2621; x_wconf 75' lang='lat' dir='ltr'>est</span> <span class='ocrx_word' id='word_1_446' title='bbox 1369 2599 1458 2621; x_wconf 79' lang='lat' dir='ltr'>mera</span> <span class='ocrx_word' id='word_1_447' title='bbox 1487 2590 1685 2621; x_wconf 77' lang='lat' dir='ltr'>coniectura.</span> <span class='ocrx_word' id='word_1_448' title='bbox 1731 2590 1796 2622; x_wconf 83' lang='lat' dir='ltr'>Pro</span> <span class='ocrx_word' id='word_1_449' title='bbox 1827 2593 1932 2622; x_wconf 73' lang='lat' dir='ltr'>contu-</span> 
     </span>
     <span class='ocr_line' id='line_1_55' title="bbox 168 2634 1933 2684; baseline 0.006 -20"><span class='ocrx_word' id='word_1_450' title='bbox 168 2634 305 2674; x_wconf 75' lang='lat' dir='ltr'>reperies</span> <span class='ocrx_word' id='word_1_451' title='bbox 327 2640 406 2672; x_wconf 84' lang='lat' dir='ltr'>cet.;</span> <span class='ocrx_word' id='word_1_452' title='bbox 431 2636 488 2667; x_wconf 90' lang='lat' dir='ltr'>sed</span> <span class='ocrx_word' id='word_1_453' title='bbox 510 2646 578 2667; x_wconf 94' lang='lat' dir='ltr'>non</span> <span class='ocrx_word' id='word_1_454' title='bbox 603 2637 680 2668; x_wconf 83' lang='lat' dir='ltr'>satis</span> <span class='ocrx_word' id='word_1_455' title='bbox 703 2643 817 2679; x_wconf 83' lang='lat' dir='ltr'>aptum</span> <span class='ocrx_word' id='word_1_456' title='bbox 836 2646 920 2670; x_wconf 88' lang='lat' dir='ltr'>esset</span> <span class='ocrx_word' id='word_1_457' title='bbox 938 2650 1027 2680; x_wconf 63' lang='lat' dir='ltr'>neqo-</span> <span class='ocrx_word' id='word_1_458' title='bbox 1046 2637 1049 2667; x_wconf 73' lang='grc' dir='ltr'>Ξ</span> <span class='ocrx_word' id='word_1_459' title='bbox 1070 2641 1186 2679; x_wconf 80' lang='lat' dir='ltr'>bernio,</span> <span class='ocrx_word' id='word_1_460' title='bbox 1209 2643 1300 2682; x_wconf 84' lang='lat' dir='ltr'>quod</span> <span class='ocrx_word' id='word_1_461' title='bbox 1316 2652 1382 2673; x_wconf 87' lang='lat' dir='ltr'>non</span> <span class='ocrx_word' id='word_1_462' title='bbox 1399 2643 1477 2674; x_wconf 86' lang='lat' dir='ltr'>satis</span> <span class='ocrx_word' id='word_1_463' title='bbox 1493 2648 1607 2684; x_wconf 87' lang='lat' dir='ltr'>aptum</span> <span class='ocrx_word' id='word_1_464' title='bbox 1621 2648 1679 2680; x_wconf 85' lang='lat' dir='ltr'>est,</span> <span class='ocrx_word' id='word_1_465' title='bbox 1694 2643 1835 2674; x_wconf 86' lang='lat' dir='ltr'>Bosium</span> <span class='ocrx_word' id='word_1_466' title='bbox 1845 2649 1933 2676; x_wconf 76' lang='lat' dir='ltr'>recte</span> 
     </span>
     <span class='ocr_line' id='line_1_56' title="bbox 168 2688 1934 2737; baseline 0.006 -20"><span class='ocrx_word' id='word_1_467' title='bbox 168 2688 255 2725; x_wconf 68' lang='lat' dir='ltr'>lium,</span> <span class='ocrx_word' id='word_1_468' title='bbox 277 2699 381 2729; x_wconf 89' lang='lat' dir='ltr'>quum</span> <span class='ocrx_word' id='word_1_469' title='bbox 403 2689 485 2720; x_wconf 87' lang='lat' dir='ltr'>scire</span> <span class='ocrx_word' id='word_1_470' title='bbox 508 2690 611 2722; x_wconf 85' lang='lat' dir='ltr'>vellet</span> <span class='ocrx_word' id='word_1_471' title='bbox 633 2691 758 2722; x_wconf 78' lang='lat' dir='ltr'>nomina</span> <span class='ocrx_word' id='word_1_472' title='bbox 774 2692 968 2732; x_wconf 82' lang='lat' dir='ltr'>legatorum,</span> <span class='ocrx_word' id='word_1_473' title='bbox 996 2699 1028 2724; x_wconf 90' lang='lat' dir='ltr'>et</span> <span class='ocrx_word' id='word_1_474' title='bbox 1047 2689 1049 2712; x_wconf 62' lang='lat'>¹¹</span> <span class='ocrx_word' id='word_1_475' title='bbox 1072 2695 1238 2736; x_wconf 70' lang='lat' dir='ltr'>scripsisse</span> <span class='ocrx_word' id='word_1_476' title='bbox 1263 2696 1548 2734; x_wconf 73' lang='lat' dir='ltr'>contubernalibus,</span> <span class='ocrx_word' id='word_1_477' title='bbox 1572 2706 1636 2737; x_wconf 92' lang='lat' dir='ltr'>quo</span> <span class='ocrx_word' id='word_1_478' title='bbox 1658 2696 1794 2728; x_wconf 85' lang='lat' dir='ltr'>nomine</span> <span class='ocrx_word' id='word_1_479' title='bbox 1816 2707 1934 2728; x_wconf 77' lang='lat' dir='ltr'>vocan—</span> 
     </span>
     <span class='ocr_line' id='line_1_57' title="bbox 168 2741 1933 2791; baseline 0.008 -20"><span class='ocrx_word' id='word_1_480' title='bbox 168 2741 276 2772; x_wconf 82' lang='lat' dir='ltr'>obstat</span> <span class='ocrx_word' id='word_1_481' title='bbox 299 2751 477 2773; x_wconf 88' lang='lat' dir='ltr'>consensus</span> <span class='ocrx_word' id='word_1_482' title='bbox 499 2743 579 2774; x_wconf 86' lang='lat' dir='ltr'>Mss.</span> <span class='ocrx_word' id='word_1_483' title='bbox 603 2743 636 2773; x_wconf 92' lang='lat' dir='ltr'>in</span> <span class='ocrx_word' id='word_1_484' title='bbox 661 2744 769 2775; x_wconf 87' lang='lat' dir='ltr'>verbis</span> <span class='ocrx_word' id='word_1_485' title='bbox 790 2744 915 2776; x_wconf 72' lang='lat' dir='ltr'>dederis</span> <span class='ocrx_word' id='word_1_486' title='bbox 932 2751 962 2776; x_wconf 90' lang='lat' dir='ltr'>et</span> <span class='ocrx_word' id='word_1_487' title='bbox 979 2756 1025 2776; x_wconf 80' lang='lat' dir='ltr'>re·</span> <span class='ocrx_word' id='word_1_488' title='bbox 1048 2761 1049 2784; x_wconf 70' lang='lat'>1</span> <span class='ocrx_word' id='word_1_489' title='bbox 1073 2755 1126 2781; x_wconf 83' lang='lat' dir='ltr'>tur</span> <span class='ocrx_word' id='word_1_490' title='bbox 1148 2759 1272 2787; x_wconf 84' lang='lat' dir='ltr'>eorum,</span> <span class='ocrx_word' id='word_1_491' title='bbox 1303 2751 1362 2791; x_wconf 90' lang='lat' dir='ltr'>qui</span> <span class='ocrx_word' id='word_1_492' title='bbox 1384 2751 1569 2782; x_wconf 81' lang='lat' dir='ltr'>exercitum</span> <span class='ocrx_word' id='word_1_493' title='bbox 1590 2751 1766 2789; x_wconf 79' lang='lat' dir='ltr'>ducebant,</span> <span class='ocrx_word' id='word_1_494' title='bbox 1797 2751 1933 2784; x_wconf 75' lang='lat' dir='ltr'>comites</span> 
     </span>
     <span class='ocr_line' id='line_1_58' title="bbox 162 2794 1929 2846; baseline 0.006 -21"><span class='ocrx_word' id='word_1_495' title='bbox 162 2795 279 2835; x_wconf 72' lang='lat' dir='ltr'>periet.</span> <span class='ocrx_word' id='word_1_496' title='bbox 302 2794 448 2827; x_wconf 89' lang='lat' dir='ltr'>Orellius</span> <span class='ocrx_word' id='word_1_497' title='bbox 470 2801 562 2837; x_wconf 84' lang='lat' dir='ltr'>putat</span> <span class='ocrx_word' id='word_1_498' title='bbox 585 2798 747 2829; x_wconf 81' lang='lat' dir='ltr'>excidisse</span> <span class='ocrx_word' id='word_1_499' title='bbox 764 2803 840 2830; x_wconf 87' lang='lat' dir='ltr'>ante</span> <span class='ocrx_word' id='word_1_500' title='bbox 855 2799 1026 2839; x_wconf 78' lang='lat' dir='ltr'>negotium</span> <span class='ocrx_word' id='word_1_501' title='bbox 1072 2803 1148 2841; x_wconf 76' lang='lat' dir='ltr'>(vid.</span> <span class='ocrx_word' id='word_1_502' title='bbox 1172 2802 1262 2835; x_wconf 84' lang='lat' dir='ltr'>Cael.</span> <span class='ocrx_word' id='word_1_503' title='bbox 1285 2803 1334 2836; x_wconf 80' lang='lat'>73.</span> <span class='ocrx_word' id='word_1_504' title='bbox 1358 2803 1472 2834; x_wconf 82' lang='lat' dir='ltr'>Plane.</span> <span class='ocrx_word' id='word_1_505' title='bbox 1498 2803 1553 2846; x_wconf 76' lang='lat'>27)</span> <span class='ocrx_word' id='word_1_506' title='bbox 1564 2804 1674 2844; x_wconf 87' lang='lat' dir='ltr'>plures</span> <span class='ocrx_word' id='word_1_507' title='bbox 1693 2805 1858 2836; x_wconf 82' lang='lat' dir='ltr'>viderunt.</span> <span class='ocrx_word' id='word_1_508' title='bbox 1889 2805 1929 2836; x_wconf 93' lang='lat' dir='ltr'>In</span> 
     </span>
     <span class='ocr_line' id='line_1_59' title="bbox 169 2842 1848 2898; baseline 0.007 -21"><span class='ocrx_word' id='word_1_509' title='bbox 169 2848 314 2879; x_wconf 87' lang='lat' dir='ltr'>nominis</span> <span class='ocrx_word' id='word_1_510' title='bbox 336 2848 460 2889; x_wconf 88' lang='lat' dir='ltr'>proprii</span> <span class='ocrx_word' id='word_1_511' title='bbox 481 2849 613 2880; x_wconf 86' lang='lat' dir='ltr'>tertium</span> <span class='ocrx_word' id='word_1_512' title='bbox 637 2860 761 2882; x_wconf 85' lang='lat' dir='ltr'>casum.</span> <span class='ocrx_word' id='word_1_513' title='bbox 795 2851 861 2883; x_wconf 90' lang='lat' dir='ltr'>Sed</span> <span class='ocrx_word' id='word_1_514' title='bbox 883 2862 950 2883; x_wconf 90' lang='lat' dir='ltr'>non</span> <span class='ocrx_word' id='word_1_515' title='bbox 971 2862 1026 2883; x_wconf 78' lang='lat' dir='ltr'>co·</span> <span class='ocrx_word' id='word_1_516' title='bbox 1047 2842 1049 2855; x_wconf 63' lang='lat'>¹</span> <span class='ocrx_word' id='word_1_517' title='bbox 1071 2856 1164 2887; x_wconf 90' lang='lat' dir='ltr'>Med.</span> <span class='ocrx_word' id='word_1_518' title='bbox 1186 2857 1419 2898; x_wconf 85' lang='lat' dir='ltr'>compendiose</span> <span class='ocrx_word' id='word_1_519' title='bbox 1442 2858 1600 2898; x_wconf 87' lang='lat' dir='ltr'>scriptum</span> <span class='ocrx_word' id='word_1_520' title='bbox 1623 2863 1674 2889; x_wconf 82' lang='lat' dir='ltr'>est</span> <span class='ocrx_word' id='word_1_521' title='bbox 1693 2858 1848 2890; x_wconf 75' lang='lat' dir='ltr'>cantaber.</span> 
     </span>
     <span class='ocr_line' id='line_1_60' title="bbox 169 2901 1933 2951; baseline 0.007 -20"><span class='ocrx_word' id='word_1_522' title='bbox 169 2901 286 2940; x_wconf 74' lang='lat' dir='ltr'>gitavit</span> <span class='ocrx_word' id='word_1_523' title='bbox 308 2901 436 2933; x_wconf 75' lang='lat' dir='ltr'>dederis</span> <span class='ocrx_word' id='word_1_524' title='bbox 458 2912 526 2933; x_wconf 88' lang='lat' dir='ltr'>non</span> <span class='ocrx_word' id='word_1_525' title='bbox 557 2903 636 2943; x_wconf 90' lang='lat' dir='ltr'>poni</span> <span class='ocrx_word' id='word_1_526' title='bbox 669 2904 861 2945; x_wconf 80' lang='lat' dir='ltr'>imperative</span> <span class='ocrx_word' id='word_1_527' title='bbox 897 2906 962 2936; x_wconf 87' lang='lat' dir='ltr'>nisi</span> <span class='ocrx_word' id='word_1_528' title='bbox 992 2906 1026 2936; x_wconf 90' lang='lat' dir='ltr'>in</span> <span class='ocrx_word' id='word_1_529' title='bbox 1047 2904 1049 2935; x_wconf 71' lang='grc' dir='ltr'><strong>ἐ</strong></span> <span class='ocrx_word' id='word_1_530' title='bbox 1113 2910 1132 2949; x_wconf 63' lang='grc' dir='ltr'>ξ</span> <span class='ocrx_word' id='word_1_531' title='bbox 1153 2910 1182 2940; x_wconf 82' lang='lat'>4.</span> <span class='ocrx_word' id='word_1_532' title='bbox 1206 2909 1309 2950; x_wconf 75' lang='lat' dir='ltr'>Lupus</span> <span class='ocrx_word' id='word_1_533' title='bbox 1329 2910 1363 2941; x_wconf 82' lang='lat' dir='ltr'>in</span> <span class='ocrx_word' id='word_1_534' title='bbox 1378 2910 1509 2951; x_wconf 77' lang='lat' dir='ltr'>fizbulu.</span> <span class='ocrx_word' id='word_1_535' title='bbox 1552 2910 1774 2942; x_wconf 86' lang='lat' dir='ltr'>Proverbialis</span> <span class='ocrx_word' id='word_1_536' title='bbox 1796 2911 1933 2950; x_wconf 88' lang='lat' dir='ltr'>locutio,</span> 
     </span>
     <span class='ocr_line' id='line_1_61' title="bbox 169 2955 1934 3006; baseline 0.007 -21"><span class='ocrx_word' id='word_1_537' title='bbox 169 2955 333 2986; x_wconf 87' lang='lat' dir='ltr'>sententia</span> <span class='ocrx_word' id='word_1_538' title='bbox 355 2960 508 2996; x_wconf 86' lang='lat' dir='ltr'>negante.</span> <span class='ocrx_word' id='word_1_539' title='bbox 530 2956 673 2997; x_wconf 89' lang='lat' dir='ltr'>Aliquid</span> <span class='ocrx_word' id='word_1_540' title='bbox 696 2958 797 2989; x_wconf 88' lang='lat' dir='ltr'>latere</span> <span class='ocrx_word' id='word_1_541' title='bbox 819 2964 898 2999; x_wconf 89' lang='lat' dir='ltr'>puto</span> <span class='ocrx_word' id='word_1_542' title='bbox 923 2959 957 2990; x_wconf 90' lang='lat' dir='ltr'>in</span> <span class='ocrx_word' id='word_1_543' title='bbox 973 2970 1025 2990; x_wconf 65' lang='lat' dir='ltr'>ea‘-</span> <span class='ocrx_word' id='word_1_544' title='bbox 1047 2982 1050 3003; x_wconf 54' lang='grc' dir='ltr'>ι</span> <span class='ocrx_word' id='word_1_545' title='bbox 1070 2974 1135 3004; x_wconf 82' lang='lat' dir='ltr'>qua</span> <span class='ocrx_word' id='word_1_546' title='bbox 1168 2964 1292 2995; x_wconf 75' lang='lat' dir='ltr'>utimur</span> <span class='ocrx_word' id='word_1_547' title='bbox 1321 2964 1486 3006; x_wconf 77' lang='lat' dir='ltr'>hodieque</span> <span class='ocrx_word' id='word_1_548' title='bbox 1519 2965 1760 2997; x_wconf 79' lang='lat' dir='ltr'>interveniente</span> <span class='ocrx_word' id='word_1_549' title='bbox 1799 2975 1847 3004; x_wconf 92' lang='lat' dir='ltr'>eo,</span> <span class='ocrx_word' id='word_1_550' title='bbox 1893 2967 1934 2998; x_wconf 90' lang='lat' dir='ltr'>de</span> 
     </span>
    </p>
   </div>
   <div class='ocr_carea' id='block_1_15' title="bbox 169 3007 1925 3058">
    <p class='ocr_par' dir='ltr' id='par_1_17' title="bbox 169 3007 1925 3058">
     <span class='ocr_line' id='line_1_62' title="bbox 169 3007 1925 3058; baseline 0.006 -18"><span class='ocrx_word' id='word_1_551' title='bbox 169 3013 282 3050; x_wconf 77' lang='lat' dir='ltr'>specto,</span> <span class='ocrx_word' id='word_1_552' title='bbox 304 3012 394 3052; x_wconf 90' lang='lat' dir='ltr'>quod</span> <span class='ocrx_word' id='word_1_553' title='bbox 409 3012 496 3043; x_wconf 81' lang='lat' dir='ltr'>male</span> <span class='ocrx_word' id='word_1_554' title='bbox 513 3013 553 3043; x_wconf 83' lang='lat' dir='ltr'>ad</span> <span class='ocrx_word' id='word_1_555' title='bbox 569 3015 818 3053; x_wconf 85' lang='lat' dir='ltr'>praecedentem</span> <span class='ocrx_word' id='word_1_556' title='bbox 833 3007 1050 3052; x_wconf 53' lang='lat' dir='ltr'>sententia-ml</span> <span class='ocrx_word' id='word_1_557' title='bbox 1072 3027 1138 3058; x_wconf 89' lang='lat' dir='ltr'>quo</span> <span class='ocrx_word' id='word_1_558' title='bbox 1152 3017 1234 3049; x_wconf 87' lang='lat' dir='ltr'>forte</span> <span class='ocrx_word' id='word_1_559' title='bbox 1243 3028 1351 3050; x_wconf 90' lang='lat' dir='ltr'>sermo</span> <span class='ocrx_word' id='word_1_560' title='bbox 1366 3024 1423 3050; x_wconf 90' lang='lat' dir='ltr'>est.</span> <span class='ocrx_word' id='word_1_561' title='bbox 1438 3019 1488 3051; x_wconf 90' lang='lat' dir='ltr'>Cf.</span> <span class='ocrx_word' id='word_1_562' title='bbox 1512 3020 1646 3051; x_wconf 84' lang='lat' dir='ltr'>Terent.</span> <span class='ocrx_word' id='word_1_563' title='bbox 1660 3020 1727 3051; x_wconf 84' lang='lat' dir='ltr'>Ad.</span> <span class='ocrx_word' id='word_1_564' title='bbox 1750 3020 1813 3051; x_wconf 91' lang='lat' dir='ltr'>IV.</span> <span class='ocrx_word' id='word_1_565' title='bbox 1831 3021 1858 3058; x_wconf 90' lang='lat'>1,</span> <span class='ocrx_word' id='word_1_566' title='bbox 1875 3021 1925 3052; x_wconf 79' lang='lat'>21.</span> 
     </span>
    </p>
   </div>
   <div class='ocr_carea' id='block_1_16' title="bbox 171 3063 1572 3113">
    <p class='ocr_par' dir='ltr' id='par_1_18' title="bbox 171 3063 1572 3117">
     <span class='ocr_line' id='line_1_63' title="bbox 171 3063 1572 3113; baseline 0.008 -19"><span class='ocrx_word' id='word_1_567' title='bbox 171 3063 310 3094; x_wconf 87' lang='lat' dir='ltr'>relatum</span> <span class='ocrx_word' id='word_1_568' title='bbox 333 3070 392 3095; x_wconf 88' lang='lat' dir='ltr'>est.</span> <span class='ocrx_word' id='word_1_569' title='bbox 421 3064 556 3096; x_wconf 84' lang='lat' dir='ltr'>Poterat</span> <span class='ocrx_word' id='word_1_570' title='bbox 584 3065 695 3096; x_wconf 89' lang='lat' dir='ltr'>scribi:</span> <span class='ocrx_word' id='word_1_571' title='bbox 731 3066 770 3096; x_wconf 83' lang='lat' dir='ltr'>de</span> <span class='ocrx_word' id='word_1_572' title='bbox 799 3067 833 3097; x_wconf 83' lang='lat' dir='ltr'><em>X</em></span> <span class='ocrx_word' id='word_1_573' title='bbox 857 3067 887 3097; x_wconf 74' lang='lat' dir='ltr'>si</span> <span class='ocrx_word' id='word_1_574' title='bbox 915 3067 1026 3099; x_wconf 73' lang='lat' dir='ltr'>liberto</span> <span class='ocrx_word' id='word_1_575' title='bbox 1114 3071 1157 3102; x_wconf 89' lang='lat' dir='ltr'>Id</span> <span class='ocrx_word' id='word_1_576' title='bbox 1177 3073 1323 3113; x_wconf 78' lang='lat' dir='ltr'>temporis</span> <span class='ocrx_word' id='word_1_577' title='bbox 1344 3083 1376 3104; x_wconf 78' lang='lat' dir='ltr'>o:</span> <span class='ocrx_word' id='word_1_578' title='bbox 1402 3079 1469 3105; x_wconf 84' lang='lat' dir='ltr'>tam</span> <span class='ocrx_word' id='word_1_579' title='bbox 1491 3084 1572 3106; x_wconf 86' lang='lat' dir='ltr'>sero.</span> 
     </span>
    </p>
   </div>
   <div class='ocr_carea' id='block_1_17' title="bbox 205 3126 1933 3219">
    <p class='ocr_par' dir='ltr' id='par_1_19' title="bbox 205 3126 1933 3219">
     <span class='ocr_line' id='line_1_64' title="bbox 1119 3126 1933 3169; baseline 0.005 -12"><span class='ocrx_word' id='word_1_580' title='bbox 1119 3126 1158 3157; x_wconf 79' lang='lat' dir='ltr'>Ut</span> <span class='ocrx_word' id='word_1_581' title='bbox 1188 3137 1248 3158; x_wconf 81' lang='lat' dir='ltr'>uon</span> <span class='ocrx_word' id='word_1_582' title='bbox 1279 3128 1451 3159; x_wconf 75' lang='lat' dir='ltr'>scinderem</span> <span class='ocrx_word' id='word_1_583' title='bbox 1474 3128 1634 3169; x_wconf 82' lang='lat' dir='ltr'>penulam.</span> <span class='ocrx_word' id='word_1_584' title='bbox 1675 3127 1742 3167; x_wconf 81' lang='lat' dir='ltr'>Qui</span> <span class='ocrx_word' id='word_1_585' title='bbox 1767 3129 1933 3161; x_wconf 80' lang='lat' dir='ltr'>abiturum</span> 
     </span>
     <span class='ocr_line' id='line_1_65' title="bbox 205 3171 1932 3219; baseline 0.005 -12"><span class='ocrx_word' id='word_1_586' title='bbox 205 3171 317 3207; x_wconf 61' lang='lat' dir='ltr'>’Quum</span> <span class='ocrx_word' id='word_1_587' title='bbox 333 3172 404 3212; x_wconf 63' lang='lat' dir='ltr'>suit</span> <span class='ocrx_word' id='word_1_588' title='bbox 436 3172 481 3203; x_wconf 78' lang='lat' dir='ltr'>ad</span> <span class='ocrx_word' id='word_1_589' title='bbox 517 3172 706 3205; x_wconf 58' lang='lat' dir='ltr'>Corinthum.</span> <span class='ocrx_word' id='word_1_590' title='bbox 739 3174 860 3217; x_wconf 85' lang='lat' dir='ltr'>Scripsi</span> <span class='ocrx_word' id='word_1_591' title='bbox 892 3186 907 3207; x_wconf 87' lang='lat' dir='ltr'>e</span> <span class='ocrx_word' id='word_1_592' title='bbox 940 3182 1026 3208; x_wconf 82' lang='lat' dir='ltr'>certa</span> <span class='ocrx_word' id='word_1_593' title='bbox 1074 3179 1239 3212; x_wconf 85' lang='lat' dir='ltr'>dimittere</span> <span class='ocrx_word' id='word_1_594' title='bbox 1261 3181 1387 3219; x_wconf 82' lang='lat' dir='ltr'>nolunt,</span> <span class='ocrx_word' id='word_1_595' title='bbox 1413 3182 1481 3213; x_wconf 85' lang='lat' dir='ltr'>eius</span> <span class='ocrx_word' id='word_1_596' title='bbox 1504 3187 1629 3214; x_wconf 86' lang='lat' dir='ltr'>vestem</span> <span class='ocrx_word' id='word_1_597' title='bbox 1651 3181 1801 3214; x_wconf 84' lang='lat' dir='ltr'>scindere</span> <span class='ocrx_word' id='word_1_598' title='bbox 1819 3182 1932 3215; x_wconf 86' lang='lat' dir='ltr'>dicun-</span> 
     </span>
    </p>
   </div>
  </div>
 </body>
</html>
