2062 3565
234 146 321 185 104

635 143 716 184 ,ΕΡ
749 143 825 183 ΑΒ
858 143 903 182 Τ.
938 139 1288 182 POMPONIUM
1321 139 1584 181 ATTICUM.

233 294 360 330 casus,
405 292 504 332 quos
547 277 725 327 vitasset,
770 276 803 317 si
847 290 940 316 eum
982 274 1085 316 nihil
1128 273 1347 316 fefellisset
1381 275 1471 316 Etsi
1503 274 1537 315 is
1570 280 1669 326 erat,
1703 279 1749 316 ut
1782 275 1838 316 ait
1869 274 1990 327 idem,

232 352 301 406 qui
340 349 396 394 τὸ
439 347 651 406 ἄμεινον
694 346 784 390 καὶ
829 345 886 390 τὸ
917 351 1093 406 χεῖρον
1128 361 1183 391 εν
1215 347 1282 404 τῷ
1314 344 1509 402 αφανεῖ
1537 340 1611 389 ε’τι
1644 361 1862 406 προεωρα
1895 344 1990 404 μά-

230 420 396 477 λιστα,
429 428 563 463 tamen
596 436 677 461 non
710 419 826 471 vidit,
859 435 933 461 1100
967 434 1046 474 (1110
1079 418 1197 460 modo
1229 419 1637 461 Lacedaemoniorum
1669 434 1743 460 1100
1773 434 1852 474 quo
1875 419 1992 461 modo

228 511 390 536 suorum
435 494 584 536 civium
623 493 819 535 invidiam
863 494 1056 548 effugeret
1096 507 1170 534 1100
1203 493 1301 547 quid
1335 493 1548 534 Artaxerxi
1581 492 1848 548 polliceretur.

1899 493 1993 534 Non

196 567 368 609 afuisset
410 568 479 608 illa
528 583 609 608 nox
654 572 735 608 tam
781 566 923 608 acerba
954 566 1158 617 Africano,
1194 566 1488 621 sapientissimo
1521 566 1620 616 viro,
1654 581 1737 607 non
1768 571 1851 607 tam
1885 565 1994 608 dirus

225 641 292 682 ille
337 641 422 683 dies
472 641 661 682 Sullanus
705 641 962 682 callidissimo
1007 640 1093 681 viro

226 713 444 755 fefellisset.

1146 639 1192 681 C.
1227 640 1371 691 Mario,
1406 640 1440 681 si
1473 639 1577 681 nihil
1608 644 1826 694 utrumque
1859 654 1995 681 eorum

500 716 588 756 Nos
634 721 768 756 tamen
820 714 896 756 1100
945 714 1225 755 confirmamus
1265 713 1335 754 illo
1369 713 1551 768 augurio,
1587 728 1665 768 quo
1699 712 1888 764 diximus,
1922 727 1995 755 nec

225 802 297 828 nos
332 786 435 829 fallit
467 803 541 829 nec
575 789 690 830 aliter
724 788 892 830 accidet.
929 791 969 828 8.
1004 787 1176 828 Corruat
1207 787 1284 828 iste
1323 801 1483 827 11000000
1516 791 1577 828 001
1609 791 1680 828 aut
1714 800 1783 841 per
1816 785 1996 828 adversa-

225 861 304 901 rios
339 866 408 901 aut
439 862 524 916 ipse
558 876 627 916 per
660 876 715 911 se,
750 861 820 916 qui
853 860 1017 916 quidem
1050 859 1128 901 01111
1161 864 1222 901 001
1254 859 1503 900 adversarius
1536 874 1643 900 unus
1677 858 1906 900 acerrimus.
1947 858 1996 900 Id

174 951 209 978 10
227 948 341 988 spero
374 933 475 974 vivis
508 933 625 976 nobis
659 933 756 975 fore.

812 933 1065 988 Quamquam
1100 936 1260 987 tempus
1293 936 1355 973 est
1388 946 1461 972 nos
1495 931 1542 972 de
1577 930 1646 972 illa
1679 935 1871 986 perpetua
1901 931 1995 984 iam,

224 1021 306 1047 non
340 1006 388 1048 de
422 1007 497 1048 hac
530 1007 675 1062 exigua
708 1006 790 1047 vita
824 1006 1012 1060 cogitare.
1054 1004 1125 1046 Sin
1161 1003 1259 1058 quid
1293 1003 1484 1045 acciderit
1516 1003 1727 1055 maturius,
1761 1002 1870 1045 haud
1904 1019 1997 1046 sane

224 1094 312 1120 mea
355 1079 526 1120 multum
571 1078 813 1129 interfuerit,
860 1083 994 1119 utrum
1041 1077 1194 1119 factum
1236 1075 1406 1127 videam,
1454 1091 1505 1117 an
1538 1076 1722 1118 futurum
1754 1091 1839 1118 esse
1872 1076 1998 1118 multo

227 1158 319 1193 ante
354 1152 537 1194 viderim.
583 1152 698 1204 Quae
732 1166 856 1206 quum
889 1151 946 1192 ita
980 1151 1075 1200 sint,
1109 1165 1191 1191 non
1225 1155 1286 1190 est
1319 1148 1666 1199 committendum,
1702 1154 1748 1190 ut
1779 1149 1829 1190 iis
1863 1164 1998 1205 parea-

226 1241 330 1276 mus,
377 1240 477 1279 quos
525 1230 663 1267 contra
710 1239 770 1265 me
805 1229 981 1275 senatus,
1015 1239 1065 1265 110
1100 1222 1197 1278 quid
1232 1238 1293 1263 res
1326 1221 1489 1277 publica
1522 1221 1753 1263 detrimenti
1787 1222 1998 1278 acciperet,

173 1316 206 1341 15
227 1299 409 1340 armavit.

227 1386 298 1427 pro
343 1376 414 1412 tuo
459 1371 502 1412 in
547 1386 618 1412 1100
662 1386 793 1412 amore
840 1386 921 1411 nou
972 1368 1171 1424 indigent.

463 1301 503 1338 9.
551 1297 643 1339 Tibi
692 1303 788 1339 sunt
836 1297 971 1338 omnia
1015 1295 1305 1346 commendata,
1353 1309 1455 1349 quae
1498 1294 1858 1336 commendationis
1890 1309 2000 1337 meae
2060 1342 2062 1348 ¹

1226 1369 1291 1409 Ne
1336 1367 1496 1409 hercule
1531 1382 1604 1422 ego
1637 1367 1798 1422 quidem
1832 1369 1999 1424 reperio,

230 1445 336 1500 quod
382 1443 568 1494 scribam,
615 1468 671 1472 —
717 1442 834 1483 sedeo
880 1442 984 1483 enim
1033 1433 1324 1484 πλουδοκῶν
1368 1464 1423 1469 —
1466 1440 1541 1480 etsi
1574 1438 1677 1480 nihil
1710 1454 1888 1494 unquam
1920 1446 2003 1483 tam
2060 1428 2062 1434 Α

228 1518 306 1559 fuit
339 1516 611 1566 scribendum,
647 1530 765 1570 quam
799 1515 904 1556 nihil
937 1514 1037 1555 mihi
1074 1528 1251 1568 unquam
1285 1527 1333 1553 ex
1366 1512 1550 1567 plurimis
1572 1512 1654 1553 tuis
1677 1513 2001 1557 iucunditatibus

228 1590 381 1645 gratius
432 1588 638 1639 accidisse,
686 1603 805 1642 quam
839 1586 946 1642 quod
981 1600 1110 1628 meam
1143 1585 1314 1626 Tulliam
1350 1585 1582 1626 suavissime
1617 1584 2002 1643 diligentissimeque

177 1678 210 1704 20
229 1663 404 1704 coluisti.
439 1661 567 1703 Valde
601 1678 646 1703 eo
679 1662 766 1717 ipsa
801 1661 1000 1702 delectata
1035 1666 1109 1711 est,

230 1736 356 1777 virtus
389 1735 570 1776 mirifica.

1149 1675 1222 1715 ego
1246 1664 1380 1702 autem
1405 1675 1485 1701 non
1508 1659 1656 1701 minus.
1691 1659 1818 1701 Cuius
1841 1659 2004 1715 quidem

622 1734 834 1787 Quomodo
867 1734 937 1775 illa
971 1734 1047 1775 fert
1079 1732 1285 1789 publicam
1320 1732 1495 1774 cladem!
1531 1733 1731 1787 quomodo
1765 1733 2004 1775 domesticas

274 1908 314 1939 12
336 1910 437 1938 ulrum
463 1907 601 1948 factum,
632 1918 673 1937 an
693 1906 769 1946 fiat,
800 1906 919 1937 videam
950 1925 989 1929 —
1019 1907 1055 1940 17
1091 1907 1167 1949 quid
1195 1907 1336 1938 scribam.
1384 1905 1481 1938 Sedeo
1514 1907 1594 1938 enim
1616 1901 1828 1939 πλουὸοκῶν.
1862 1905 1931 1937 Etsi
1961 1923 2002 1928 υ-

235 1964 274 1995 20
297 1962 414 1999 minum
439 1961 527 1994 cuius
549 1980 590 1985 -

237 2123 393 2163 seriptum
423 2126 472 2152 est
505 2121 570 2152 τῶν
600 2131 635 2152 τε
663 2120 883 2166 παραχρῆμα
908 2125 940 2151 et
963 2128 1096 2160 sequen-

237 2180 282 2210 tia
312 2187 440 2218 quoque
472 2177 571 2217 paulo
602 2177 698 2207 aliter
727 2176 896 2216 leguntur.
929 2175 1097 2206 Nimirum

1142 2122 1249 2154 dedit:
1273 2124 1374 2152 ulrum
1389 2122 1526 2162 fizctum,
1549 2132 1588 2152 an
1603 2123 1679 2162 fiat,
1702 2121 1824 2151 videam
1846 2121 2005 2152 Latinum

1143 2185 1211 2205 non
1234 2179 1291 2205 est.
1317 2174 1499 2205 Infinitivis
1522 2173 1656 2215 perfecti
1678 2180 1711 2204 et
1733 2172 1835 2205 futuri
1849 2173 2004 2214 temporis

240 2232 355 2263 Cicero
386 2230 486 2261 verba
518 2229 722 2269 Thucydidis
754 2238 771 2259 e
797 2228 956 2259 memoria
978 2228 1101 2258 citavit.
1144 2228 1232 2258 solus
1256 2227 1443 2258 infinitivus
1465 2226 1644 2267 praesentis
1666 2226 1823 2267 temporis
1827 2226 1906 2267 fieri
1917 2230 2005 2258 recte

240 2283 414 2326 Cornelius
437 2281 548 2322 Nepos
572 2281 606 2311 in
630 2281 749 2312 Them.
773 2281 800 2310 1.
825 2281 967 2311 eundem
989 2280 1100 2310 10011111
1144 2280 1416 2320 interponeretur.

240 2337 285 2367 ita
307 2334 486 2366 convertit:
510 2335 541 2364 et
564 2333 603 2364 cle
625 2332 815 2363 instantibus
838 2332 997 2363 verissime
1020 2331 1100 2363 iudi-

241 2390 331 2420 cabat
356 2391 387 2420 et
408 2387 577 2428 defuturo
599 2387 802 2418 callidissime
825 2386 1018 2417 conficiebat.

283 2443 350 2473 Illa
374 2452 435 2473 nox
461 2457 473 2467 υ
485 2451 549 2482 qua
573 2441 663 2472 domi
687 2441 719 2471 in
746 2441 868 2472 lectulo
880 2441 1103 2481 strangulatus

242 2503 290 2529 cst
319 2495 418 2536 impia
454 2495 712 2536 propinquorum
754 2504 864 2531 manu,
894 2500 930 2525 ut
961 2494 1105 2535 loquitur

243 2550 312 2582 Cic.
336 2550 369 2580 in
394 2558 500 2580 somn.
523 2547 611 2588 Seip.
634 2548 662 2578 2.
688 2548 777 2578 Vell.
800 2548 910 2578 11.4.”
933 2547 1102 2578 1.F.Gro-

244 2604 371 2635 novius.

285 2658 303 2698 ξ
327 2658 355 2688 8.
383 2656 467 2687 Unus
488 2655 671 2686 acerrimam.
700 2655 782 2685 enas
804 2655 946 2686 intendit
970 2656 1037 2686 vim
1049 2665 1099 2686 su-

242 2711 404 2752 perlativi.
426 2709 467 2740 cf.
489 2708 573 2740 Fam
609 2709 689 2739 XV.
714 2710 761 2745 16,
785 2710 803 2739 3
827 2719 890 2739 ozam
916 2709 1100 2749 unofortis-

243 2765 319 2795 sinzo
349 2764 425 2794 viro.
454 2763 529 2793 Na't.
560 2762 600 2793 D.
635 2762 661 2792 Ι.
695 2763 713 2792 2
747 2762 814 2792 L'sm
837 2762 1102 2793 e.1·eellentissima

243 2819 353 2856 vir-824⁸,
376 2818 538 2859 pluraque
561 2816 602 2847 ab
625 2815 792 2848 Ochsnero
815 2817 855 2847 ad
869 2816 938 2847 Cic.
961 2817 1102 2858 Eclogas

243 2883 274 2914 p.
298 2873 339 2903 34
360 2871 469 2902 allata.

290 2924 395 2955 Utrum
417 2923 546 2964 factum
574 2921 706 2959 videam,
736 2928 796 2953 cet.
825 2923 914 2954 Med.
949 2933 967 2953 a
999 2922 1104 2963 prima

246 2991 347 3012 manu
377 2980 476 3011 dabat
511 2981 616 3009 utrum
639 2978 766 3018 saelum
788 2979 854 3018 siat
886 2979 1017 3015 videam,
1047 2979 1104 3009 sed.

246 3038 408 3065 corrector
435 3033 492 3069 siat
525 3032 700 3073 expunxit.
756 3031 805 3062 De
842 3032 976 3072 reliquis
1011 3032 1104 3062 libris

247 3088 402 3118 omnihus
434 3096 535 3127 quum
571 3085 716 3120 sileatur,
738 3085 803 3123 fiat
837 3094 963 3115 merum
997 3084 1104 3115 iudico

196 3179 198 3181 ,
249 3142 372 3174 lim-arii
402 3146 555 3173 erratum.
587 3139 683 3178 Quod
714 3138 856 3170 Orellius
890 3140 923 3169 iu
948 3139 1001 3170 alt.
1027 3138 1103 3169 edit.

1190 2335 1272 2376 Quos
1297 2337 1407 2365 contra
1432 2345 1477 2365 me
1502 2353 1540 2357 —
1563 2334 1707 2366 armavit.
1731 2334 1908 2365 Consti-ue:
1930 2343 2004 2365 con-

1146 2394 1194 2419 tra
1227 2399 1308 2429 quos
1346 2393 1480 2419 senatus
1513 2398 1566 2419 1110
1600 2388 1748 2419 armavit.
1780 2388 1935 2419 Ceterum
1963 2386 2004 2418 cf.

1148 2441 1238 2473 Caes.
1271 2442 1309 2472 B.
1345 2443 1382 2473 (3.
1414 2442 1440 2472 Ι.
1471 2443 1499 2478 5,
1534 2441 1590 2482 qui
1615 2446 1710 2472 vocat
1732 2439 1816 2470 illud
1837 2442 2005 2470 extremum

1147 2496 1240 2536 atque
1270 2494 1410 2525 ultimum
1440 2493 1550 2525 SCtum
1580 2500 1612 2525 et
1641 2494 1674 2524 in
1699 2493 1867 2529 Ciceronis
1889 2493 1929 2524 ad
1952 2493 2006 2524 'ri-

1149 2556 1264 2578 ronem
1287 2547 1435 2588 epistola,
1457 2547 1549 2578 Fam.
1573 2546 1671 2577 XVI.
1695 2547 1743 2583 ll,
1768 2546 1797 2577 3.

1192 2601 1209 2639 ξ
1239 2602 1269 2633 9.
1303 2600 1370 2631 Tibi
1390 2603 1463 2631 sunt
1486 2601 1589 2632 omnia
1611 2599 1835 2632 commendata.
1857 2599 2006 2632 Scriben-

1148 2654 1228 2684 dum
1250 2659 1329 2694 puto
1351 2654 1415 2684 sint
1437 2653 1490 2684 vel
1512 2655 1613 2684 sunto.

1192 2707 1239 2738 Ne
1260 2707 1387 2738 hercule
1409 2717 1463 2748 eqo
1484 2707 1607 2748 quidem
1628 2707 1758 2747 reperio,
1771 2706 1852 2747 quod
1867 2705 2007 2736 scribam.

1150 2761 1295 2802 Respicit
1317 2762 1358 2792 ad
1379 2761 1551 2802 epistolam
1573 2761 1687 2797 Attici,
1710 2761 1768 2801 qui
1789 2764 1922 2800 questus
1941 2763 2008 2790 erat
2054 2759 2056 2765 ’

1151 2815 1215 2846 sibi
1236 2815 1348 2846 deesse
1381 2820 1613 2854 argumentum
1634 2813 1810 2846 scribendi.
1845 2812 2006 2844 Hofman-

1152 2877 1214 2899 nus
1236 2873 1333 2905 recte,
1357 2873 1393 2898 ut
1415 2873 1510 2908 puto:
1534 2866 1599 2897 Nec
1620 2867 1757 2897 hercule.

1192 2915 1401 2952 πλουὸοκῶν.
1436 2919 1557 2949 Nescio
1581 2928 1622 2950 an
1645 2917 1761 2949 Graeci
1784 2918 1845 2949 1100
1867 2918 2006 2949 verbum

1153 2984 1325 3014 nunquam
1361 2975 1550 3015 usurparint
1577 2984 1636 3015 pro
1662 2971 1767 3006 πλοῦν
1790 2970 2006 3020 προσδοκῶν.

1154 3030 1246 3061 Haec
1275 3035 1386 3061 autem
1413 3030 1505 3061 sedeo
1527 3030 1608 3060 enim
1631 3026 1830 3063 πλουὸοκῶν
1853 3025 1914 3060 1100
1936 3038 2009 3059 cau-

1154 3096 1224 3117 sam
1245 3086 1427 3123 continent,
1451 3096 1550 3127 quare
1574 3086 1657 3117 nihil
1684 3086 1820 3116 haberet
1831 3086 1919 3126 quod
1934 3085 2009 3116 scri-

1158 3141 1254 3176 beret,
1278 3144 1305 3170 01
1332 3140 1418 3171 male
1440 3140 1612 3172 divellunt.
1636 3149 1718 3181 quae
1734 3139 1900 3179 iungenda
1914 3142 2006 3170 suut:
