2062 3565
230 157 317 197 124

630 152 714 194 ΕΡ.
748 151 826 192 AD
858 150 903 191 T.
939 146 1291 190 POMPONIUM
1323 146 1589 188 ATTICUM.

227 292 382 333 cionem
426 287 584 330 sustuli.
632 288 673 327 5.
717 284 796 327 Sed
828 284 925 325 dum
957 283 1089 335 redeo,
1125 281 1368 324 Hortensius
1401 287 1576 334 venerat,
1611 287 1652 324 et
1684 282 1734 325 ad
1765 282 1991 325 Terentiam

227 364 445 406 salutatum
477 361 700 402 deverterat
712 377 723 410 ;
756 373 936 400 sermone
970 361 1054 399 erat
1085 371 1184 398 usus
1216 355 1434 397 honorifico
1467 370 1560 411 erga
1593 371 1670 398 me.
1703 357 1853 398 Tamen
1885 371 1991 409 eum,

221 442 268 479 ut
298 440 411 492 puto,
445 433 612 485 videb03
646 432 758 475 misit
790 432 897 474 enim
930 445 1100 486 puerum
1133 445 1173 471 se
1201 429 1251 471 ad
1274 444 1338 471 me
1361 429 1512 471 venire.
1547 430 1638 472 Hoc
1662 429 1826 484 quidem
1847 427 1991 470 melius

225 524 345 566 quam
378 507 529 562 collega
560 510 695 548 noster
728 504 946 555 Antonius,
980 503 1096 545 cuius
1129 503 1235 544 inter
1266 502 1427 543 lictores
1466 502 1610 544 lectica
1641 502 1764 544 mima
1795 505 1991 558 portatur.
2050 486 2051 489 Ἴ

194 599 208 623 5
227 586 268 625 6.
311 583 386 633 Τ11,
432 580 621 637 quoniam
669 583 864 634 quartana
896 593 1005 620 cares
1039 580 1079 618 et
1110 591 1260 618 novum
1292 575 1479 618 morbum
1511 576 1717 617 removisti
1752 575 1842 631 [sed
1873 575 1994 618 etiam

224 655 516 712 gravedinem]‚
565 658 605 694 te
655 656 842 708 vegetum
889 650 1007 693 nobis
1051 650 1096 692 in
1144 649 1314 691 Graecia
1362 650 1457 691 siste
1508 654 1549 691 et
1590 649 1798 691 literarum
1841 647 1994 704 aliquid

223 729 391 771 interea.

269 892 285 923 1
309 890 372 922 Sed
392 900 459 922 cum
481 889 575 922 redeo
597 909 639 914 —
661 892 678 922 5
702 892 733 921 et
755 890 866 922 nedum
889 900 999 922 novum
1021 889 1156 920 morbum
1179 890 1341 922 removisti
1363 889 1421 922 sed
1440 890 1535 921 etiam
1555 889 1760 932 qravedinem
1778 907 1820 912 --

269 1041 289 1081 ξ
312 1042 341 1072 5.
364 1039 426 1072 Sed
446 1039 518 1071 dum
539 1038 642 1077 redeo,
665 1037 857 1070 Hortensius
870 1039 1013 1069 venerat.
1037 1038 1090 1069 Ita
1133 1037 1366 1079 yravedinem}
1399 1037 1581 1069 Fluctuant
1608 1038 1642 1069 h:
1666 1038 1687 1068 1.
1722 1038 1799 1069 libri
1832 1037 1942 1078 scripti
1965 1041 1997 1068 et

226 1094 410 1127 Lambinus
432 1093 467 1125 in
490 1103 594 1133 marg.
617 1092 694 1124 edit.
719 1101 782 1124 sec.
806 1091 951 1123 correxit
973 1101 1039 1122 cum
1059 1101 1090 1122 v.

226 1158 327 1190 quum,
351 1147 440 1188 quod
466 1146 523 1177 alii
546 1145 700 1177 retinent.
726 1142 792 1176 Sed
815 1144 1027 1176 manifestum
1040 1150 1090 1176 est

228 1204 422 1236 Ciceronem
445 1202 587 1234 scribere
598 1201 817 1232 Hortensium
831 1200 971 1237 venisse,
987 1209 1088 1240 quum

228 1259 298 1300 ipse
319 1258 469 1289 nondum
503 1256 663 1293 rediisset,
687 1256 745 1286 sed
766 1259 942 1296 occupatus
966 1260 1034 1286 erat
1054 1254 1088 1285 in

228 1312 407 1344 redeundo.
431 1311 549 1351 Itaque
572 1310 681 1340 dicere
711 1309 840 1340 debuit:
880 1308 950 1339 dum
985 1307 1088 1345 redeo,

234 1365 271 1397 H.
295 1367 436 1403 venerat,
460 1364 737 1406 quemadmodum
771 1363 901 1404 scripsit
923 1362 1020 1393 Verr.
1046 1362 1088 1393 V.

229 1421 267 1452 91
305 1420 383 1451 haec
406 1419 476 1450 dum
508 1420 656 1459 aquantur,
689 1418 813 1448 inlerea
849 1416 1026 1447 Cleomenes
1050 1434 1091 1438 —-

220 1476 424 1516 pervenerat.
448 1473 500 1505 eff.
523 1473 587 1504 alia
610 1473 762 1513 exempla
785 1472 819 1503 111
842 1471 968 1502 Handii
991 1471 1090 1502 Turs.

228 1531 276 1562 11.
308 1541 340 1572 p.
372 1529 442 1561 308.
480 1527 579 1565 Quum
602 1534 690 1560 recte
712 1532 888 1568 poneretur
909 1537 986 1558 cum
1009 1527 1091 1557 indi-

229 1587 337 1618 cativo
359 1585 553 1627 praesentis,
576 1585 603 1616 si
626 1584 789 1616 sententia
811 1593 868 1624 per
889 1583 975 1614 hane
994 1583 1090 1624 parti-

229 1639 338 1670 culam
368 1638 493 1670 adiecta
522 1638 659 1668 modum
689 1642 721 1668 et
750 1636 891 1667 somnam
921 1635 968 1666 rei
1001 1640 1091 1667 actae

229 1691 446 1732 significaret;
477 1690 564 1731 quod
593 1688 771 1720 illustravit
805 1687 1005 1728 Madvigius,
1029 1687 1090 1729 Op.

230 1745 291 1775 Ac.
314 1744 359 1775 Π.
384 1754 413 1785 ρ4
439 1743 468 1774 8.

274 1796 388 1828 Tamen
409 1806 477 1827 eum
499 1814 540 1819 —
563 1794 679 1826 videbo.
706 1793 820 1824 Tamen>
843 1792 982 1825 refertur
994 1793 1035 1824 ad
1046 1793 1089 1830 id,

230 1851 320 1892 quod
343 1859 387 1882 ex
409 1849 576 1890 superiore
596 1847 761 1880 sententia
772 1847 962 1887 legentibus
974 1852 1091 1888 sponte

230 1903 385 1935 occurrit:
410 1902 470 1933 etsi
493 1912 559 1933 eum
582 1911 644 1932 non
668 1900 740 1932 vidi.

274 1957 403 1998 Colleqa
424 1958 530 1988 noster
553 1956 592 1986 A.
620 1966 664 1987 sc.
687 1956 721 1987 in
745 1960 917 1996 auguratu.
933 1954 974 1986 cf.
994 1964 1090 1995 supra

230 2011 296 2043 IX.
321 2012 349 2048 9,
373 2013 403 2042 3.
425 2016 457 2042 et
478 2011 536 2042 lib.
560 2010 651 2041 VIII
673 2010 714 2041 de
736 2010 775 2041 B.
799 2008 839 2040 G.
864 2019 890 2040 c.
915 2009 963 2040 50.

274 2064 367 2096 Cuius
399 2064 485 2095 inler
514 2063 642 2094 lictores
673 2063 787 2094 lectica
821 2063 913 2093 mima
932 2064 1088 2102 portatur.

231 2118 267 2149 Si
289 2118 370 2149 haec
394 2117 493 2149 verba
517 2117 618 2158 ipsius
653 2115 822 2147 Ciceronis
845 2120 930 2152 sunt,
953 2124 1020 2145 non
1043 2114 1091 2145 in-

231 2171 448 2212 terpolatoris,
471 2176 507 2201 ut
530 2169 613 2200 mihi
635 2169 799 2203 videntiu:
828 2168 1006 2199 dicendum
1029 2167 1092 2198 erit

229 2224 373 2256 Antonii
395 2223 601 2254 mentionem
623 2221 779 2253 scribenti
810 2221 912 2252 bilem
933 2220 1087 2251 movisse.

229 2278 296 2311 Sed
318 2278 430 2315 miror,
458 2276 486 2308 si
500 2276 718 2307 Hortensium
740 2285 816 2306 cuin
828 2275 925 2306 laude
939 2274 1091 2306 Antonio

228 2340 393 2374 opponere
415 2330 532 2366 voluit,
556 2328 750 2360 Ciceronem
775 2338 842 2359 non
865 2328 973 2369 potius
993 2328 1091 2369 scrip-
1114 2364 1116 2371 y

1114 2381 1291 2427 {vedinem
1326 2383 1392 2415 Sed
1424 2393 1466 2415 ne
1488 2384 1551 2414 hoc
1574 2382 1708 2423 quidem
1736 2381 1855 2422 placet.
1889 2380 2003 2412 Verba

228 2438 265 2470 Si
299 2436 516 2469 Hortensium
553 2435 666 2473 laudat
701 2438 838 2471 tantum,
868 2434 958 2475 quod
986 2434 1028 2464 ad
1057 2442 1116 2464 58Ι

227 2386 324 2417 sisse:
354 2383 420 2414 Hic
446 2381 568 2424 quidem
596 2380 706 2412 melior
735 2391 825 2423 quam
860 2399 901 2404 —
921 2380 1091 2411 Antonius.

228 2496 385 2523 venturus
415 2494 493 2527 erat,
523 2488 618 2520 nulla
646 2497 742 2518 causa
776 2492 845 2518 erat
867 2497 925 2518 cur
947 2487 1090 2519 Antonii

228 2551 338 2586 turpes
361 2553 469 2575 mores
490 2542 544 2573 hic
567 2542 674 2573 obiter
697 2546 857 2582 tangeret.

270 2598 288 2638 ξ
311 2598 340 2628 6.
364 2596 403 2627 Et
427 2606 536 2628 novum
561 2594 693 2626 morbum
716 2594 882 2632 removisti,
907 2595 980 2635 [sed
995 2594 1090 2625 etiam

799 2726 969 2769 ,XV-U.

1036 2726 1101 2779 (Α.

1139 1091 1217 1122 editi
1240 1091 1328 1122 inter
1350 1089 1461 1121 nedum
1485 1095 1516 1122 et
1552 1100 1674 1122 novum.
1711 1090 1802 1122 Illud
1824 1090 1998 1122 inventum

1138 1152 1187 1178 est
1209 1146 1243 1177 111
1266 1146 1359 1177 codd.
1390 1146 1596 1187 Malaspinae
1627 1151 1659 1177 et
1681 1145 1911 1182 Memmianis;
1935 1145 1998 1177 hoc

1139 1199 1173 1230 in
1196 1199 1285 1230 Med.
1319 1209 1337 1230 a
1366 1198 1472 1240 prima
1506 1208 1620 1237 manu,
1653 1199 1756 1230 Tom.
1790 1202 1871 1230 teste
1902 1197 1998 1229 Lam·

1139 1253 1228 1290 bino,
1256 1258 1289 1284 et
1311 1252 1345 1283 111
1369 1252 1520 1292 margine
1543 1250 1631 1283 Crat.
1661 1251 1752 1283 Illud
1774 1255 1909 1283 tuentur
1929 1250 2000 1282 Ma-

1138 1306 1208 1347 lasp
1247 1305 1377 1343 Bosius,
1403 1310 1436 1336 et
1449 1304 1670 1337 recentiorum
1684 1304 1829 1346 plun’mi,
1845 1304 1887 1335 ad
1902 1303 1999 1335 Balbi

1138 1361 1330 1402 exemplum
1358 1365 1583 1401 provocantes,
1612 1360 1652 1391 de
1675 1369 1741 1400 quo
1769 1358 1841 1390 dixi
1872 1359 1913 1390 ad
1934 1357 1998 1389 IX.

1138 1415 1156 1448 7
1192 1415 1235 1446 A.
1264 1416 1309 1446 in.
1349 1414 1480 1453 Quibus
1509 1420 1596 1446 recte
1630 1414 1814 1445 Lambinus
1848 1412 2000 1454 opposuit
2060 1415 2062 1434 ²

1139 1468 1315 1500 locutionis
1338 1468 1568 1504 insolentiam;
1592 1467 1714 1499 vellem
1745 1466 1924 1498 addidisset
1945 1466 2000 1498 ab·

1138 1523 1271 1554 surdam
1300 1521 1509 1553 sententiam.
1549 1520 1637 1552 Nam
1665 1521 1693 1551 si
1716 1518 1831 1552 Cicero
1854 1519 1998 1551 Balbino

1139 1585 1229 1606 more
1252 1575 1381 1606 locutus
1405 1580 1463 1612 est,
1486 1573 1606 1605 morbus
1627 1573 1806 1615 opponitur
1818 1571 1997 1614 yravedini,

1139 1633 1175 1659 ut
1207 1628 1240 1659 in
1272 1627 1332 1659 illo
1366 1628 1439 1659 loco
1472 1627 1610 1657 homines
1644 1626 1776 1657 humiles
1812 1636 1888 1667 opp.
1923 1625 2002 1657 viris

1140 1680 1351 1721 amplissimis.
1381 1680 1422 1711 cf.
1451 1680 1554 1711 Hand
1583 1680 1618 1711 in
1642 1679 1738 1710 Turs.
1761 1679 1807 1711 H.
1830 1689 1862 1721 p.
1886 1678 1947 1710 563
1970 1683 2002 1711 et

1140 1735 1203 1766 IV.
1233 1745 1265 1775 p.
1298 1735 1367 1765 154.
1407 1734 1485 1765 Non
1516 1734 1636 1765 melius
1665 1743 1717 1765 res
1746 1733 1844 1765 cessit
1872 1732 1922 1771 iis,
1945 1733 2001 1775 qui

1140 1794 1213 1830 post
1250 1787 1436 1820 victorium
1476 1798 1585 1819 novum
1622 1786 1756 1818 morbum
1788 1786 1999 1828 scripserunt,

1140 1842 1238 1882 idque
1267 1841 1308 1871 ad
1336 1845 1531 1881 quartanam
1560 1840 1718 1872 referunt.
1755 1839 1844 1870 Nam
1867 1839 2001 1871 Atticus

1139 1896 1204 1927 iam
1233 1895 1342 1936 plures
1371 1904 1501 1926 menses
1531 1894 1700 1926 laborabat
1728 1898 1887 1934 quartana
1919 1893 1998 1928 (vid.

1140 1948 1210 1979 VII
1245 1948 1271 1985 Ι,
1296 1948 1312 1978 1
1348 1948 1376 1985 2,
1398 1948 1426 1978 2.
1451 1948 1479 1985 5,
1503 1948 1530 1978 1.
1555 1948 1583 1985 8,
1608 1948 1636 1978 2.
1662 1946 1762 1978 VIII.
1787 1946 1815 1984 6,
1838 1946 1867 1977 3.
1890 1945 1955 1977 IX.
1970 1947 2000 1983 4,

1139 2003 1168 2032 3.
1197 2002 1215 2031 8
1244 2005 1328 2032 extr.
1357 2000 1402 2031 X.
1431 2000 1460 2037 9,
1496 1999 1525 2031 3.
1541 2000 1597 2040 -15,
1620 2001 1671 2036 4);
1696 2008 1800 2040 nuper
1823 2002 2002 2030 accesserat

1139 2049 1314 2095 ὃυςουρὶα,
1339 2057 1376 2083 ut
1398 2052 1552 2083 novimus
1575 2060 1617 2083 ex
1640 2060 1692 2091 ep.
1715 2051 1762 2087 10,
1787 2050 1815 2082 3.
1842 2050 1953 2089 Quare
1965 2050 2000 2081 in

1139 2121 1188 2152 ep.
1221 2120 1290 2150 seq.
1318 2115 1479 2151 quartana
1507 2108 1628 2139 dicitur
1650 2108 1738 2137 vetus
1759 2106 1890 2144 morbus,
1914 2105 2002 2137 novis

1139 2168 1250 2193 autem
1258 2161 1513 2201 temptationibus
1522 2160 1714 2200 designatur
1723 2155 1892 2203 ὃυςουρία,
1902 2168 2002 2200 quam

1139 2228 1244 2259 nuper
1260 2219 1395 2249 demum
1407 2222 1563 2249 senserat.
1587 2216 1684 2247 Hanc
1700 2215 1743 2246 ob
1755 2225 1888 2247 causam
1902 2215 2000 2247 Lam-

1140 2273 1238 2304 binus
1266 2273 1300 2303 in
1335 2272 1485 2312 margine
1515 2271 1591 2302 edit.
1621 2279 1684 2301 see.
1718 2269 1863 2310 scripsit:
1887 2271 1918 2300 et
1940 2279 2003 2300 non

1140 2329 1228 2360 modo
1251 2330 1382 2359 veterem
1405 2327 1541 2358 morbum
1563 2325 1731 2363 removisti,
1753 2325 1812 2356 sed
1826 2325 1922 2356 etiam
1929 2336 2002 2367 qra-

1139 2437 1196 2469 sed
1223 2436 1316 2467 etiam
1347 2435 1550 2477 qravedinem
1572 2435 1726 2466 videntur
1750 2443 1820 2465 esse
1842 2433 2001 2474 interpre—

1139 2490 1180 2521 tis
1203 2489 1305 2527 stulti,
1339 2489 1395 2530 qui
1421 2488 1574 2519 Atticum
1604 2497 1671 2518 non
1694 2487 1792 2528 plane
1814 2486 2003 2518 restitutum

1139 2543 1285 2584 putabat,
1309 2542 1372 2573 nisi
1395 2542 1495 2573 etiam
1516 2540 1674 2572 catarrhis
1703 2544 1735 2570 et
1756 2538 2002 2570 defluxionibus

1139 2595 1253 2636 capit-is
1276 2595 1433 2627 liberatus
1445 2594 1618 2626 diceretur.
1638 2592 1819 2633 Propterea
1831 2590 1959 2624 seclusi.

1145 2725 1189 2766 U.
1229 2726 1270 2766 o,
1310 2725 1428 2778 705.)

294 2868 334 2908 1.
367 2865 503 2908 Pridie
535 2866 634 2908 Idus
668 2866 910 2907 Hortensius
945 2865 994 2905 ad
1029 2880 1090 2906 me
1124 2865 1235 2906 venit
1267 2864 1420 2920 scripta
1455 2861 1637 2918 epistola.
1686 2860 1840 2902 Vellem
1873 2863 2003 2901 cetera

229 2941 330 2983 eius.
372 2940 505 2992 Quam
552 2940 596 2980 111
638 2954 701 2981 1118
743 2938 1022 2982 incredibilem
1074 2935 1356 2983 ἐκτένειαν]
1400 2952 1480 2992 qua
1528 2934 1688 2991 quidem
1742 2932 1876 2988 cogito
1925 2932 2000 2973 uti.

272 3119 292 3158 ξ
314 3119 344 3150 1.
373 3117 464 3150 Prid.
495 3116 574 3148 Idus
602 3126 647 3148 sc.
678 3115 794 3153 Maias,
824 3122 861 3147 ut
895 3123 912 3146 e
934 3113 1094 3154 subscrip-

195 3179 198 3181 ’
231 3174 320 3206 tione
350 3178 489 3215 apparet.

1183 3111 1304 3152 Scripta
1327 3110 1460 3151 epistola
1483 3120 1526 3142 sc.
1552 3111 1592 3142 ad
1616 3115 1657 3141 te.
1680 3108 1727 3140 Ea
1751 3108 1816 3149 ipsa
1841 3112 1897 3143 est,
1919 3113 2002 3147 quae

1141 3165 1315 3207 praecedit.
