2062 3565
356 158 536 200 INDEX
579 157 995 199 VOI'EAIIIJLORUM
1038 156 1101 198 ΕΤ
1134 153 1559 197 GRAMMATICUS.

83 292 229 323 Fureilla
250 291 381 324 extrudi
406 290 506 322 XVI.
527 292 557 329 2,
580 294 610 322 4.

85 345 230 376 Futurum
253 346 395 376 exactum
420 345 446 375 I.
469 346 499 382 4,
524 345 551 375 1.
577 345 635 376 IV.
665 347 689 381 I,
713 346 742 376 2.

478 428 509 461 Ο

83 506 243 538 Genilimaes
266 507 299 536 in.
322 507 391 538 ium
416 506 443 537 I.
468 506 515 544 14,
540 508 568 537 5.
583 506 683 537 VIII.
701 507 770 544 l‚3.
789 507 934 543 XV.15,
956 521 958 529 ·

274 562 300 592 l.
323 560 376 599 20,
396 563 433 595 4;
456 560 573 601 duplex
594 560 633 591 ab
657 572 717 592 vno
740 561 860 592 nomine
872 571 937 592 sus-

264 625 382 656 pensus
405 615 453 646 ῙῙ.
476 616 506 652 4,
529 615 558 649 7.
582 616 611 653 5,
639 616 665 646 l.
690 616 750 646 IV.
776 616 804 652 1,
830 616 862 649 2:
887 609 959 661 Νὺξ

269 669 381 700 minum
402 669 436 700 in
459 670 508 701 ius
531 672 561 700 el
586 670 653 701 ium
678 670 701 700 1.
725 671 754 707 5,
778 672 814 706 4;
845 671 938 701 nomi·
958 684 960 690 ι

272 735 340 754 num
358 723 555 764 propriorum
587 723 702 754 tertiae
735 723 815 754 decl.
849 724 881 754 iu
919 710 961 761 ἰ,ἷ

272 778 317 808 11.
343 777 370 814 l,
394 777 429 812 12
453 777 622 808 obiectivus
645 777 707 809 XI.
735 778 782 816 11,
805 778 841 814 2;
865 781 939 809 tem-

264 831 355 872 poris
377 842 416 862 ez
438 830 544 872 ellipsi
567 833 654 862 ortus
678 831 745 863 ΙΙΙ.
768 831 795 867 7,
821 832 847 862 1.

82 886 203 923 Genus,
227 885 348 926 opaeiclzt
372 885 433 916 IV.
457 885 487 922 2,
511 885 541 918 7.
565 884 627 916 VI.
650 885 680 922 2,
705 887 735 916 4.

83 939 236 970 Gerundii
257 949 362 970 accus.
393 951 412 970 a
429 939 664 980 praepositione
680 939 823 980 pendens
853 942 942 970 tran-

258 994 301 1024 sit
322 994 355 1024 in
376 993 580 1034 qerundivmn
601 993 631 1024 ·1.
655 993 705 1032 13,
730 994 758 1024 I.

84 1049 273 1081 Ger-andium
298 1061 339 1080 an
355 1049 485 1091 passive
506 1049 570 1080 dic.
595 1050 679 1081 VII.
703 1050 752 1087 20,
777 1049 806 1081 2.

83 1102 293 1134 Gerundivum
316 1114 382 1134 oum
400 1113 546 1144 praepos.
570 1104 611 1135 ab
634 1103 677 1135 X.
702 1106 731 1141 4,
758 1105 785 1135 5.

82 1157 201 1189 Gestus
223 1157 392 1189 histrionis
417 1157 480 1188 VI.
505 1157 534 1188 1.
558 1158 586 1188 8.

81 1209 305 1242 Glutinavores
328 1210 390 1241 IV.
413 1213 434 1241 4
458 1211 486 1247 b,
512 1211 539 1241 1.

83 1264 283 1297 Grandiores
307 1265 384 1297 libri
408 1264 506 1296 XIII.
531 1265 579 1301 13,
605 1264 630 1295 1.

80 1319 213 1352 Gratiae
228 1321 318 1360 plur.
339 1331 421 1351 num.
446 1319 473 1350 Ι.
498 1320 527 1356 1,
547 1321 586 1350 ’4.

80 1371 228 1404 Gratuita
250 1372 384 1404 comitia
409 1372 472 1403 IV.
497 1372 545 1409 15,
569 1372 598 1403 8.

80 1424 248 1456 Gmtulari
271 1425 398 1466 aliquid
427 1425 466 1456 V.
488 1425 539 1463 20,
565 1426 592 1456 1.

80 1477 264 1509 Gratulatio
286 1477 393 1509 laudis
415 1477 442 1509 Ι.
465 1479 514 1516 17,
539 1479 567 1510 6.

81 1529 198 1562 Gravis
221 1530 333 1572 opinio
358 1530 425 1561 III.
450 1531 500 1569 24,
524 1531 554 1562 2.

82 1584 305 1616 Gravissimus
327 1585 389 1621 vir,
412 1585 531 1616 ironice
555 1586 601 1616 V.
627 1586 675 1621 12,
700 1587 729 1616 2.

135 667 151 686 l

81 1637 232 1670 Gravitas
254 1634 319 1669 lo'ci
342 1638 406 1670 XI.
430 1639 482 1676 21,
506 1639 535 1670 2.

81 1690 222 1723 vaius
243 1696 292 1739 est
314 1691 397 1722 mihi
421 1691 505 1722 XII.
529 1691 577 1728 32,
606 1692 631 1722 I.

80 1743 312 1777 Gubernacula
335 1743 380 1775 II.
404 1744 433 1781 7,
459 1746 489 1774 4.

82 1801 301 1842 Gymnasium
325 1799 352 1831 I.
376 1800 406 1839 8,
429 1800 459 1831 2.

81 1961 214 1994 Habere
225 1961 370 2002 aliquem
393 1959 496 1990 XIII.
519 1959 548 1996 9,
574 1959 609 1996 1;
644 1959 756 1990 animo
790 1959 817 1989 I.
847 1959 877 1996 6,
904 1959 941 1996 1;

228 2023 294 2044 cum
323 2012 481 2054 infinitivo
511 2011 560 2043 11.
590 2012 642 2051 22,
672 2012 707 2050 6,
740 2022 807 2043 cum
824 2010 944 2052 partic.

221 2067 308 2110 perf.
340 2067 402 2099 VI.
433 2066 462 2104 2,
493 2067 527 2103 8;
559 2066 688 2098 exitum
718 2065 803 2097 VII.
834 2065 883 2103 11,
904 2066 942 2103 4,

224 2122 286 2152 hoc
316 2120 420 2158 XIII,
439 2119 475 2157 23
499 2120 534 2151 in
558 2119 712 2150 manibus
731 2118 832 2150 XVI.
854 2119 884 2156 5,
902 2119 942 2156 2;

224 2174 260 2210 in
291 2173 402 2205 numis
435 2172 538 2209 VIII,
573 2171 630 2209 1ος
662 2181 752 2203 mare
786 2171 942 2204 infestum

229 2227 292 2260 IX.
321 2228 370 2265 19,
401 2227 437 2264 3;
471 2226 717 2268 promulgatum
759 2226 785 2256 1.
820 2226 868 2262 18,
905 2228 940 2263 5,

229 2282 309 2322 quid
338 2283 370 2312 et
391 2280 479 2322 quod
500 2279 642 2312 scribam
663 2278 691 2310 1.
715 2278 764 2317 12,
781 2280 813 2317 4;
844 2280 939 2311 ratio-

227 2343 305 2366 nem
333 2342 409 2364 cum
437 2332 549 2374 aliquo
580 2331 628 2362 11.
664 2332 692 2369 5,
719 2331 756 2369 2;
779 2332 942 2364 rationem

227 2400 320 2422 suam
342 2389 424 2421 VII.
445 2389 478 2429 9,
497 2391 539 2425 4,·
576 2398 689 2421 secum
722 2389 786 2420 IV.
817 2389 866 2427 15,
905 2390 940 2428 6,
967 2386 969 2391 “

229 2443 293 2476 sibi
321 2442 447 2484 aliquid
480 2440 565 2472 VII.
589 2441 637 2479 11,
666 2442 700 2479 13
724 2451 822 2473 suum
844 2452 943 2483 nego-

227 2497 310 2528 tium
331 2495 419 2527 XII.
441 2495 493 2534 22,
517 2494 555 2532 33
579 2494 683 2526 XIII.
704 2495 757 2532 49,
780 2495 814 2532 23
840 2496 944 2528 tribus

231 2550 296 2582 1v.
320 2550 370 2588 15,
393 2549 423 2580 9.

84 2606 156 2638 Hac
178 2615 224 2644 re,
245 2604 310 2636 abl.
332 2612 452 2644 conseq.
475 2602 540 2633 IX.
562 2602 580 2636 7
605 2603 650 2640 A,
673 2601 694 2633 2
716 2609 749 2635 et
771 2603 811 2640 B,
835 2603 864 2633 2.

86 2661 178 2693 Haec
197 2659 236 2692 de
258 2669 293 2690 re
314 2658 456 2689 Romana
474 2656 555 2689 XII.
578 2657 628 2695 19,
653 2657 682 2688 1.

85 2715 231 2747 Haerere
251 2712 356 2745 VIII.
390 2712 431 2744 12
453 2710 491 2749 C,
515 2711 544 2743 1.
575 2710 640 2742 IX.
664 2711 715 2749 10,
740 2711 774 2748 3;
807 2710 868 2741 XI.
891 2711 942 2748 24,

252 2765 291 2804 2,
314 2766 348 2797 in
371 2774 406 2796 re
427 2764 530 2796 xm.
554 2764 604 2804 39,
627 2764 656 2795 2.
834 2753 838 2756 ’

85 2819 239 2852 Haeresis
263 2819 464 2850 Vestoriana
485 2818 585 2850 XIV.
610 2818 662 2852 14,
688 2817 715 2848 1.

86 2872 284 2904 Hemicillus
304 2873 478 2912 suspectum
502 2869 603 2901 XIII.
631 2870 682 2907 51,
706 2869 735 2900 1.

85 2925 175 2958 Here
190 2935 251 2966 pro
271 2925 344 2957 heri
366 2925 410 2956 X.
435 2924 484 2962 13,
513 2924 541 2954 1.

87 2980 194 3012 Heres
215 2989 259 3011 ex
280 2978 407 3018 libello,
430 2988 474 3010 ex
495 2977 645 3010 teruncio
669 2976 753 3008 VII.
777 2976 804 3013 2,
829 2976 858 3007 3.

85 3033 192 3065 Heron
213 3032 333 3064 dicitur
357 3032 436 3064 Cato
459 3032 487 3063 Ι.
512 3032 562 3071 17,
585 3032 614 3062 9.

86 3085 154 3117 Hic
175 3099 214 3114 =
234 3085 298 3117 hoc
318 3094 427 3117 rerum
451 3090 536 3116 statu
561 3084 587 3114 I.
613 3084 660 3119 14,
685 3083 714 3112 5.

86 3137 153 3170 Hic
174 3138 231 3170 ille
253 3139 282 3170 I.
305 3139 357 3178 18,
382 3138 410 3169 3.

149 3193 207 3236 ΙΙ.

966 3117 968 3133 I

965 3140 968 3178 I
1009 3152 1022 3163 n

1753 154 1832 196 401

983 289 1112 320 Himdo
1134 289 1250 321 aerarii
1275 288 1300 319 1.
1326 288 1373 325 16,
1400 288 1447 319 ll.

983 343 1130 375 Historia
1154 343 1198 375 11.
1223 344 1251 378 8,
1279 343 1304 373 I.

984 398 1056 428 Hoc
1081 396 1219 428 abundat
1243 396 1304 428 IV.
1328 396 1347 427 8
1371 397 1402 433 b,
1426 397 1455 427 2.

982 452 1055 483 Hoc
1079 452 1143 492 (id)
1166 451 1321 492 temporis
1346 450 1408 481 XI.
1431 450 1462 486 7.
1486 450 1515 481 6.

985 505 1094 536 Homo
1116 515 1181 535 cum
1203 506 1357 536 contemtu
1383 503 1408 534 I.
1446 503 1495 539 16,
1520 504 1553 538 52
1584 502 1653 533 ³ine
1686 503 1838 534 contemtu

1114 559 1140 589 Ι.
1166 559 1213 594 14,
1237 559 1266 591 7.

984 616 1163 646 Hominem
1186 625 1255 646 esse
1280 614 1323 645 ll.
1357 613 1428 652 2,2;
1447 612 1534 649 novi,
1553 613 1659 654 ipsum
1676 621 1742 643 non
1762 610 1838 642 novi

1187 668 1286 699 XIII.
1307 668 1357 705 21,
1380 667 1410 701 7.

986 726 1150 756 nonestus
1173 730 1204 756 et
1226 723 1369 763 dignitas
1393 722 1437 753 11.
1462 722 1512 759 24,
1537 724 1567 752 4.

987 778 1131 809 Honoris
1154 786 1250 808 causa
1276 776 1337 806 XI.
1360 776 1390 812 9,
1414 776 1443 807 2.

962 861 963 868 ,
987 831 1121 863 nomn-i
1144 832 1183 861 ad
1207 840 1328 870 pacem.
1352 839 1412 860 non
1436 839 1548 870 pacem
1574 827 1655 859 VH.
1681 827 1730 865 14,
1754 828 1783 857 3.

962 902 963 905 =
988 885 1102 916 Hostis
1127 884 1171 914 II.
1197 885 1242 920 19,
1266 883 1294 914 3.

962 936 964 946 ¹
988 938 1189 970 Huiusmodi
1211 937 1358 979 sequente
1373 945 1467 976 pron.
1492 934 1626 966 relativo
1650 934 1675 965 l.
1700 935 1727 972 1,
1754 935 1780 965 1.

989 992 1189 1023 I-Iumaniter
1212 991 1293 1022 ferre
1319 988 1344 1018 I.
1368 987 1396 1021 2,
1423 988 1449 1019 l.

992 1153 1005 1183 Ι
1031 1155 1060 1183 et
1083 1163 1100 1184 e
1124 1153 1156 1182 in
1180 1152 1393 1183 AristoteIIus
1415 1157 1476 1182 eet.
1498 1151 1544 1182 11.
1568 1151 1596 1188 l,
1622 1151 1648 1181 1.

989 1205 1103 1239 Iacere
1126 1207 1171 1238 11.
1195 1207 1223 1245 7,
1246 1209 1276 1236 4.

964 1304 965 1310 ἵ
990 1261 1102 1293 IacEre
1125 1260 1187 1292 IX.
1210 1261 1238 1295 9,
1261 1262 1297 1295 4;
1334 1260 1443 1301 aliqua
1465 1269 1498 1290 re
1520 1269 1581 1290 non
1604 1260 1688 1290 recte
1709 1257 1771 1289 dic.
1797 1258 1842 1289 ΙΙ.

1117 1316 1144 1349 6,
1168 1315 1197 1346 2.

990 1371 1114 1401 laetare
1135 1370 1162 1400 I.
1186 1369 1234 1408 11,
1262 1369 1287 1399 1.
1311 1368 1373 1398 IV.
1397 1368 1426 1404 9,
1453 1368 1486 1401 1;
1521 1375 1555 1398 se
1577 1367 1617 1397 de
1652 1366 1764 1407 aliquo
1795 1365 1843 1396 11.

1139 1422 1157 1452 9
1194 1421 1221 1452 1.

988 1475 1059 1505 Iam
1081 1447 1204 1505 delet’ur
1230 1473 1271 1503 V.
1297 1473 1345 1509 12,
1370 1473 1400 1503 2.

962 1550 963 1559 1
1021 1544 1033 1556 a
1081 1530 1181 1561 etiam
1204 1528 1265 1560 XI.
1288 1529 1315 1566 9,
1341 1528 1368 1559 1.

1021 1598 1034 1609 u
1082 1592 1169 1614 nunc
1192 1583 1220 1614 I.
1245 1583 1272 1618 8,
1295 1582 1330 1618 2;
1352 1582 1526 1622 suspectum
1549 1580 1650 1612 XIV.
1673 1580 1722 1616 14,
1745 1579 1774 1613 7.

1023 1652 1036 1663 n
1084 1637 1212 1678 pridem
1235 1637 1281 1667 ΙΙ.
1306 1638 1332 1673 5,
1358 1637 1393 1672 1;
1417 1637 1589 1676 suspectum
1613 1633 1676 1665 VI.
1701 1634 1729 1672 1,
1751 1632 1802 1664 22.

1023 1705 1036 1717 n
1082 1700 1185 1732 quum
1207 1690 1272 1721 III.
1294 1689 1345 1726 22,
1372 1689 1400 1720 1.

991 1745 1120 1777 Ibidem
1142 1745 1220 1776 ilico
1243 1745 1291 1775 11.
1315 1743 1370 1783 12,
1390 1743 1419 1774 2.

991 1800 1032 1831 Id
1054 1804 1101 1831 est
1113 1818 1154 1823 —
1168 1798 1314 1839 formula
1336 1808 1370 1828 se
1393 1796 1579 1839 corriqentit
1593 1796 1657 1828 IV.
1675 1796 1723 1834 18,
1740 1795 1768 1827 l.
1783 1795 1845 1826 VI.

1112 1854 1140 1891 9,
1164 1854 1193 1884 5.
1225 1852 1326 1884 XIV.
1349 1853 1378 1891 2,
1401 1852 1436 1889 3;
1471 1850 1712 1892 explicationem
1733 1849 1845 1882 adiun-

1108 1907 1157 1949 9it
1179 1907 1281 1938 XIII.
1305 1906 1355 1944 38,
1378 1905 1408 1937 2.

989 1961 1029 1992 Id
1052 1961 1141 2002 quod
1163 1978 1204 1983 -—
1226 1959 1260 1990 id
1281 1959 1345 1990 IX.
1369 1959 1388 1992 7
1411 1959 1457 1996 A,
1480 1959 1509 1990 1.

990 2014 1083 2045 Idem
1104 2012 1138 2043 in
1160 2011 1351 2053 oppositione
1373 2011 1400 2042 1.
1424 2011 1474 2049 11,
1500 2011 1528 2042 l.
1542 2011 1606 2043 ΠΙ.
1621 2011 1671 2049 12,
1690 2011 1726 2049 13
1744 2011 1844 2043 idem-

1100 2076 1163 2108 que
1184 2065 1250 2098 IV.
1273 2066 1302 2103 1,
1327 2066 1355 2096 1.

989 2122 1160 2164 Ignoratio
1183 2121 1264 2152 VII.
1287 2119 1338 2156 21,
1364 2119 1392 2150 1.

989 2175 1071 2206 Illac
1094 2174 1199 2205 facere
1221 2173 1396 2213 suspectum
1419 2171 1501 2203 VII.
1524 2170 1555 2209 3.
1577 2172 1606 2202 5.

989 2228 1079 2259 Illim
1105 2227 1186 2258 VII.
1208 2226 1247 2257 13
1271 2227 1302 2264 b,
1327 2225 1355 2257 2.
1380 2225 1423 2257 X.
1445 2225 1475 2263 1,
1497 2224 1528 2256 2.

989 2282 1123 2313 Illustre
1146 2281 1173 2312 1.
1196 2280 1246 2318 13,
1269 2284 1299 2311 4.

989 2335 1173 2366 Immittere
1195 2333 1223 2365 I.
1247 2333 1296 2370 16,
1319 2333 1349 2364 9.

990 2388 1154 2430 Impedire
1178 2387 1372 2429 impeditum
1394 2385 1475 2418 XV.
1500 2385 1550 2424 15,
1574 2383 1603 2415 3.

988 2443 1161 2484 Impendio
1183 2442 1288 2483 magis
1312 2441 1356 2472 X.
1379 2441 1410 2480 4,
1436 2440 1466 2471 9.

989 2497 1171 2539 Imperfecti
1191 2496 1325 2528 indicat.
1343 2505 1418 2526 usus
1441 2493 1566 2536 quidam
1577 2493 1683 2524 rarior
1696 2491 1739 2522 V.
1753 2491 1804 2529 17,
1817 2491 1845 2522 1.

1195 2550 1235 2580 de
1257 2550 1371 2580 conatu
1395 2547 1437 2579 V.
1461 2548 1511 2585 15,
1533 2547 1562 2578 3.
1588 2545 1668 2576 VII.
1691 2544 1739 2582 23,
1763 2543 1792 2575 2.

1195 2602 1350 2634 coniunct.
1368 2602 1441 2642 post
1456 2608 1610 2641 praesens
1632 2597 1730 2629 VIII.
1752 2596 1844 2632 12,1.

1200 2655 1297 2687 VIII.
1320 2655 1360 2686 12
1384 2654 1424 2692 B,
1448 2653 1478 2684 2.

989 2713 1181 2754 Impetratio
1204 2711 1265 2743 XI.
1287 2711 1338 2746 22,
1362 2711 1390 2741 1.

989 2766 1177 2808 Impingere
1200 2765 1265 2796 VI.
1289 2765 1317 2802 1,
1341 2765 1370 2795 6.

989 2821 1181 2862 Implicatus
1206 2820 1317 2860 aliqua
1339 2827 1373 2849 re
1398 2816 1425 2847 Ι.
1450 2815 1499 2852 19,
1523 2814 1551 2845 8.

988 2874 1163 2915 Impouere
1185 2871 1326 2904 absolute
1357 2869 1472 2900 diclum
1496 2868 1522 2898 I.
1554 2866 1602 2899 lo.
1636 2865 1675 2896 3:
1699 2876 1734 2890 z
1757 2863 1842 2894 deei-

1182 2934 1259 2967 pere
1270 2923 1349 2956 XV.
1362 2922 1412 2958 26,
1429 2923 1462 2957 4,
1478 2919 1599 2951 vulnus
1611 2917 1690 2958 reip.
1706 2916 1733 2947 I.
1750 2916 1798 2953 16,
1811 2914 1846 2947 7.

966 2954 1198 3021 [Impugnatio
1222 2977 1284 3008 IV.
1307 2975 1335 3006 3.
1360 2974 1389 3004 3.

986 3033 1026 3064 Iu
1069 3042 1135 3063 cum
1157 3030 1266 3061 ablat..
1291 3027 1340 3058 ubi
1363 3025 1456 3056 eliam
1469 3034 1536 3055 cum
1555 3031 1659 3054 accus.
1675 3022 1763 3052 nare
1771 3028 1841 3060 pos-

1070 3085 1112 3115 sit
1137 3083 1201 3114 IV.
1225 3081 1274 3117 17,
1300 3079 1328 3110 3.

1068 3147 1136 3168 cum
1159 3143 1263 3165 aecus.
1279 3142 1338 3172 pro
1360 3130 1458 3161 ablat.
1482 3128 1562 3160 XV.
1585 3129 1614 3164 4,
1638 3128 1668 3158 2.

1600 3184 1651 3223 26
