2062 3565
719 141 824 185 ΜΒ.
861 141 960 185 XII.
995 143 1080 186 ΕΡ.
1117 146 1188 186 32.
1225 119 1297 185 :3:5.

1805 148 1886 187 197

121 277 196 329 bis,
239 281 472 332 temperate.
523 281 563 320 ⁶2..
608 278 791 321 Ciceroni
835 279 954 322 velim
1000 279 1076 322 hoc
1109 295 1321 337 proponas,
1354 283 1411 323 ita
1446 289 1595 333 tamen,
1631 285 1663 325 si
1698 283 1773 325 tibi
1808 299 1885 325 nou

120 352 305 407 iniquum
344 349 561 402 videbitur,
609 358 655 395 ut
697 358 881 410 sumptus
926 353 1047 396 huius
1094 356 1439 411 peregrinationis,
1475 356 1635 411 quibus,
1671 358 1704 398 si
1743 358 1887 399 Romae

121 429 225 468 esset
270 423 514 480 domumque
557 425 813 478 conduceret,
857 427 965 483 quod
1011 427 1138 470 facere
1183 429 1399 485 cogitabat,
1436 430 1551 472 facile
1583 436 1796 474 contentus
1831 432 1890 473 fu-

120 502 235 541 turus
278 502 377 548 erat,
424 499 698 541 accommodet
743 500 792 542 ad
836 501 1037 544 mercedes
1080 502 1248 558 Argileti
1291 508 1332 545 et
1378 505 1585 555 Aventini,
1621 509 1661 546 et
1694 521 1819 561 quum
1853 507 1888 548 ei

119 571 385 628 proposueris,
428 572 513 627 ipse
556 571 675 614 velim
724 573 878 630 reliqua
909 574 1127 627 moderere,
1162 576 1499 632 quemadmodum
1534 594 1582 620 cx
1615 579 1665 620 iis
1698 579 1890 622 mercedi·
1929 591 1943 616 5

119 643 195 687 bus
237 644 540 701 suppeditemus
584 646 635 702 ei,
681 646 789 702 quod
823 663 924 704 opus
957 650 1025 690 sit.

1059 649 1279 692 Praestabo
1313 666 1385 693 nec
1419 651 1611 694 Bibulum
1645 669 1719 696 nec
1752 654 1889 696 Acidi-

119 733 216 761 num
248 733 322 761 nec
356 719 584 772 Messalam,
619 735 719 776 quos
753 722 927 764 Athenis
960 722 1116 765 futuros
1141 724 1276 776 audio,
1301 726 1469 768 maiores
1492 731 1676 783 sumptus
1698 726 1887 779 facturos,

118 807 238 849 quam
281 792 389 848 quod
430 808 478 835 ex
523 795 580 836 eis
623 794 875 837 mercedibus
920 797 1148 853 recipietur.
1205 798 1348 854 Itaque
1383 799 1500 841 velim
1535 799 1682 852 videas,
1717 803 1890 857 primum

118 866 381 910 conductores
429 869 498 924 qui
546 870 628 911 sint
677 874 718 912 et
756 871 913 925 quanti,
956 871 1100 913 deinde
1151 878 1197 914 ut
1238 874 1291 915 sit
1334 874 1401 929 qui
1455 874 1503 915 ad
1539 874 1644 916 diem
1678 875 1819 927 solvat,
1851 881 1890 917 et

118 939 217 995 quid
250 941 401 994 viatici,
436 941 535 998 quid
567 943 825 985 instrumenti
861 945 958 986 satis
993 945 1060 986 sit.
1095 945 1283 987 Iumento
1317 952 1422 988 certe
1456 947 1628 990 Athenis
1664 949 1766 991 nihil
1791 965 1890 1006 opus
1910 967 1944 993 ιο

118 1018 193 1056 est.
225 1013 386 1068 Quibus
418 1019 553 1058 autem
585 1017 629 1059 in
661 1017 725 1059 via
756 1020 908 1069 utatur,
942 1016 1050 1060 domi
1085 1023 1181 1061 sunt
1214 1019 1328 1076 plura
1361 1036 1480 1076 quam
1514 1036 1614 1078 opus
1648 1027 1746 1074 erat,
1782 1023 1889 1079 quod

118 1089 239 1130 etiam
272 1093 318 1131 tu
351 1090 653 1134 animadvertis.

165 1281 258 1322 Aqes,
279 1283 314 1313 ut
336 1280 459 1321 scribis,
480 1282 662 1322 temperate.
705 1281 797 1314 Male
818 1282 898 1314 hinc
920 1282 986 1314 effi·
1006 1297 1009 1331 Ι

124 1336 219 1368 ciunt
247 1335 402 1368 Atticum
424 1345 557 1378 quoque
579 1336 620 1368 de
642 1335 784 1368 consilio
806 1336 985 1368 mulierum
1007 1351 1010 1374 2

123 1390 290 1433 scripsisse
311 1391 354 1423 ad
376 1390 583 1423 Ciceronem.
621 1391 718 1422 Tunc
754 1391 846 1424 enim
869 1391 986 1424 Cicero

123 1443 207 1476 illud
235 1454 304 1477 non
332 1448 381 1476 tot
408 1443 518 1477 verbis
547 1444 770 1486 explicuisset.
800 1444 884 1486 Aqes
913 1446 986 1476 tem-

117 1499 231 1538 perate
262 1502 321 1536 est,
352 1497 387 1529 id
419 1497 608 1540 explorabis
641 1498 810 1530 moderate
839 1503 873 1530 et
910 1508 984 1540 pru-

123 1551 249 1590 denter,
272 1553 307 1582 ut
329 1550 441 1583 scribis
463 1560 498 1583 o:
527 1552 808 1594 quemadmodum
842 1551 985 1584 scribere

122 1605 219 1637 soles.
274 1622 278 1629 -

164 1659 183 1700 ξ
204 1659 235 1691 2.
260 1658 378 1701 Quibus
399 1679 440 1684 —
460 1662 627 1692 contentus
639 1659 779 1702 ficturus
801 1662 883 1692 erat.
905 1659 983 1692 Pro-

122 1723 243 1747 nomen
266 1714 410 1756 pertinet
430 1715 473 1746 ad
495 1714 661 1754 mercedes,
685 1725 753 1747 non
776 1715 818 1746 ad
832 1717 984 1756 sumptus.
1006 1709 1007 1718 ¹

162 1769 309 1812 Arqiletz’.
333 1771 376 1802 In
397 1770 563 1812 Argileto,
589 1769 645 1812 (de
679 1781 745 1813 quo
778 1771 851 1802 dixi
881 1771 922 1802 ad
953 1770 980 1801 I⁴
1004 1795 1007 1810 ἶ

121 1824 169 1863 14,
193 1824 227 1866 7)
251 1829 284 1857 et
306 1825 341 1857 in
372 1824 544 1857 Aventino
575 1824 771 1857 Ciceronem
800 1825 896 1857 aedes
928 1823 982 1856 vel
1004 1814 1006 1824 ¹

120 1879 272 1911 tabernas
293 1878 459 1917 habuisse,
471 1889 554 1920 quas
572 1879 706 1918 locaret,
720 1879 800 1910 hinc
812 1878 980 1910 discimus.

163 1935 336 1967 Praestabo
358 1941 419 1967 cet.
443 1934 610 1967 Polliceor
631 1944 685 1966 me
707 1934 912 1972 effecturum,
946 1938 982 1964 ut

120 1999 161 2023 cx
196 1989 237 2022 iis
268 1988 479 2021 mercedibus
513 1993 604 2022 tanta
634 1988 775 2031 pecunia
803 1989 980 2030 redigatur,
1002 1999 1005 2020 t

674 2129 888 2173 XXXIII.

954 2133 1021 2186 (A.

1032 1290 1070 1317 ut
1097 1295 1140 1318 ne
1172 1286 1370 1318 nobilissimi
1404 1287 1538 1328 quidem
1567 1287 1801 1326 adolescentes,
1835 1288 1892 1329 qui

1032 1339 1178 1371 Athenis
1197 1340 1382 1371 studiorum
1393 1350 1491 1372 causa
1505 1341 1808 1380 commorabuntur,
1826 1342 1894 1374 lau-

1032 1393 1098 1425 tius
1121 1398 1154 1426 et
1175 1394 1398 1435 sumptuosius
1422 1394 1540 1426 victuri
1564 1395 1642 1427 sint.

1074 1446 1265 1489 Recipietur.
1287 1447 1445 1489 Recipere
1467 1448 1641 1489 pecuniam
1663 1454 1696 1480 et
1713 1454 1894 1490 quaestum

1032 1509 1082 1536 est
1104 1503 1263 1544 colligere
1297 1503 1340 1535 cf.
1364 1514 1395 1545 p.
1417 1503 1460 1543 Q.
1490 1504 1586 1536 Rosc.
1609 1504 1650 1536 24
1671 1506 1712 1537 de
1735 1505 1800 1547 leg.
1823 1516 1893 1547 agr.

1031 1557 1080 1588 Π.
1104 1556 1145 1590 47
1171 1562 1204 1589 et
1226 1557 1276 1588 62.

1074 1611 1115 1643 Ec
1140 1611 1260 1654 quanti.
1283 1612 1343 1643 Est
1365 1612 1531 1653 genitivus
1546 1612 1652 1654 pretii.
1674 1613 1893 1647 Audiendum

1030 1675 1063 1697 v.
1086 1664 1293 1697 conduxerint
1315 1675 1332 1697 e
1355 1666 1491 1698 nomine
1523 1667 1737 1699 conductores.
1775 1668 1817 1700 In
1846 1678 1893 1701 se-

1031 1728 1119 1760 quen
1129 1719 1154 1750 ti
1173 1719 1324 1751 membro
1336 1729 1412 1750 cum
1425 1719 1594 1751 Lambino
1609 1720 1701 1761 plur..
1715 1731 1894 1754 numerum

1030 1773 1080 1813 (ut
1101 1772 1176 1811 sint,
1199 1772 1252 1815 qui
1274 1791 1314 1796 —
1335 1773 1476 1816 solvant)
1499 1774 1658 1812 desidem,
1683 1775 1744 1807 etsi
1780 1776 1891 1818 singu-

1029 1826 1134 1858 larem
1156 1826 1202 1857 sic
1226 1826 1304 1858 licet
1327 1826 1508 1868 explicare:
1540 1831 1588 1866 ut,
1609 1827 1636 1858 si
1669 1838 1737 1860 non
1774 1839 1889 1862 omnes

1029 1883 1118 1910 certe
1141 1879 1260 1920 aliquis
1292 1879 1344 1918 sit,
1374 1889 1393 1911 a
1423 1889 1489 1921 quo
1519 1880 1697 1921 diligenter
1728 1882 1769 1913 ad
1803 1882 1892 1914 diem

1028 1932 1169 1973 pecunia
1190 1937 1383 1974 praestetur,
1407 1938 1446 1965 ut
1466 1932 1652 1966 Gronovius
1682 1934 1717 1967 h.
1740 1934 1762 1966 l.
1792 1935 1890 1968 inter-

1028 1989 1175 2027 pretatus
1197 1991 1257 2018 est.

1062 2132 1107 2173 U.
1142 2129 1185 2172 0.
1225 2132 1342 2186 709.)

184 2273 221 2312 1.
271 2271 372 2326 Ego,
420 2278 464 2312 ut
503 2270 586 2312 beri
633 2271 682 2312 ad
727 2275 766 2313 te
801 2273 955 2328 scripsi,
991 2274 1023 2314 si
1058 2278 1098 2315 et
1130 2273 1254 2315 Silius
1286 2274 1319 2314 is
1354 2272 1488 2325 fuerit,
1523 2289 1642 2330 quem
1675 2281 1719 2318 tu
1753 2283 1885 2332 putas,

117 2359 190 2386 nec
223 2344 379 2386 Drusus
412 2344 568 2386 facilem
601 2360 643 2386 se
676 2344 918 2401 praebuerit,
953 2347 1245 2404 Damasippum
1278 2348 1397 2390 velim
1430 2348 1676 2404 aggrediare.
1713 2349 1768 2401 Is,
1803 2351 1886 2406 opi-

116 2432 202 2468 nor,
236 2419 294 2459 ita
325 2422 457 2473 partes
491 2417 587 2460 fecit
618 2419 674 2460 in-
693 2419 780 2474 ripa
824 2420 959 2462 nescio
994 2426 1259 2476 quotenorum
1293 2423 1490 2477 iugerum,
1526 2427 1571 2464 ut
1603 2427 1710 2464 certa
1758 2425 1885 2479 pretia

116 2491 390 2542 constitueret,
441 2506 543 2546 quae
586 2491 687 2533 mihi
730 2497 826 2534 nota
871 2508 952 2535 non
995 2499 1105 2536 sunt.
1153 2494 1312 2537 Scribes
1350 2495 1400 2537 ad
1433 2511 1496 2537 me
1529 2496 1653 2551 igitur
1685 2497 1882 2553 quidquid
1921 2523 1935 2548 5

116 2566 257 2620 egeris.
304 2567 344 2606 2.
385 2564 654 2606 Vehementer
697 2580 760 2607 me
807 2566 996 2608 sollicitat

1040 2569 1198 2610 Atticae
1245 2574 1403 2611 nostrae
1433 2569 1635 2621 valetudo,
1671 2576 1715 2612 ut
1748 2587 1882 2614 verear

115 2638 237 2680 etiam
280 2653 329 2679 ne
374 2652 453 2693 qua
496 2637 614 2694 culpa
659 2640 725 2680 sit.
775 2639 853 2682 Sed
885 2645 926 2682 et
957 2641 1176 2699 paedagogi
1205 2643 1383 2700 probitas
1418 2652 1458 2686 et
1491 2644 1633 2687 medici
1668 2645 1882 2687 assiduitas

115 2715 156 2752 et
187 2715 273 2754 tota
304 2711 447 2753 domus
478 2712 522 2753 in
554 2713 663 2754 omni
696 2727 840 2768 genere
873 2714 1045 2771 diligens
1078 2731 1140 2759 me
1173 2732 1310 2760 rursus
1341 2718 1383 2760 id
1409 2720 1602 2775 suspicari
1621 2724 1742 2761 vetat.
1776 2719 1881 2762 Cura-

114 2785 260 2840 igitur,
293 2785 408 2841 plura
439 2785 546 2827 enim
578 2800 660 2828 non
692 2801 870 2842 possum.

156 2964 175 3004 ξ
197 2965 226 2995 l.
248 2963 469 3005 Damfflpm,
489 2963 530 2995 de
552 2972 618 3004 quo
639 2964 706 2994 vid.
739 2973 789 3006 ep.
814 2963 854 2996 29
876 2970 974 3002 extr„

114 3018 285 3050 dimensus
307 3023 376 3050 erat
397 3027 494 3059 agros
517 3026 593 3048 suos
617 3017 651 3048 in
674 3018 745 3059 ripa
767 3018 900 3051 Tiberis
916 3028 974 3060 per

114 3073 238 3113 iugera,
260 3081 381 3113 easque
402 3077 510 3113 partes
531 3071 628 3103 certis
650 3072 762 3113 pretiis
781 3082 841 3114 pro
858 3078 975 3106 natura

115 3127 178 3159 soli
201 3127 339 3159 diversis
360 3127 504 3159 vendere
526 3127 614 3159 velle
634 3127 814 3160 dicebatur.

159 3181 178 3222 ξ
201 3181 230 3212 2.
252 3180 446 3223 Paedaqoqi.
469 3181 549 3214 Noli
570 3181 716 3223 cogitare
738 3183 779 3216 de
800 3182 845 3224 Q.
863 3182 972 3218 Caeci-

1022 2966 1068 2998 lio
1096 2966 1249 3008 Epirota,
1289 2968 1347 3008 qui
1385 2968 1532 2999 Atticam
1567 2969 1631 2999 iam
1664 2975 1799 3009 nuptam
1829 2968 1877 2999 M.

1021 3019 1192 3061 Agrippae
1213 3021 1324 3051 docuit
1346 3021 1434 3052 etin
1466 3030 1504 3052 ea
1534 3027 1704 3062 suspectus
1735 3020 1805 3052 fuit.
1835 3020 1876 3051 cf.

1020 3072 1112 3106 Suet.
1132 3075 1174 3107 de
1198 3084 1334 3116 gramm.
1361 3074 1409 3106 16.
