2062 3565
743 158 844 198 121'13.
882 157 979 199 ΧΗ.
1015 157 1099 199 ΕΡ.
1137 161 1175 197 53.
1226 158 1253 196 l.
1797 157 1872 195 1⁴3?

117 310 163 334 ne
204 294 278 335 iste
322 294 401 334 iani
447 294 673 334 auctionem
720 293 871 334 nullam
914 293 1046 341 faciat,
1094 292 1161 333 sed
1209 292 1313 333 ludis
1350 293 1463 333 sactis
1498 288 1665 349 circvms)
1699 290 1879 331 subsidi«)

115 370 261 416 currat,
295 380 345 406 ne
378 366 470 407 talis
505 366 564 406 vir
598 362 838 424 α’λογηθῇ.
879 365 955 406 sed
988 361 1198 421 μελήσει.

155 539 170 569 1
196 535 312 582 κτύπῳ
334 535 471 568 subsidio
493 538 611 567 currat.
638 535 683 566 Ne
706 554 742 559 —

119 688 180 719 mis
203 686 315 726 egenti
337 685 512 722 subveniat,
543 693 585 716 ne
607 684 682 715 talis
706 684 756 714 vir
778 694 795 715 a
819 695 853 716 se
877 685 979 725 110011-
1004 692 1006 702 ’·
1028 695 1078 726 ep.
1102 690 1130 717 5.
1154 686 1192 716 h.
1216 686 1324 717 XVI:
1355 686 1398 716 Tu
1422 685 1559 716 Atticam
1592 695 1705 726 quae-51}
1738 695 1825 723 eum,
1856 687 1886 715 el

119 745 224 781 gutur.
1004 723 1058 771 ¹:ei
1091 741 1224 772 salutem
1257 743 1286 771 et
1320 740 1439 777 Piliae,
1473 740 1597 771 Tulliae
1635 750 1753 780 quoque
1786 739 1887 771 verbis

159 791 222 823 Sed
239 789 395 838 μελήσει.
421 789 515 829 Quae
537 789 588 820 his
612 789 833 820 subiiciuntur
856 789 889 820 in
913 790 981 821 Me·
1006 796 1007 807 *
1029 795 1137 832 omisi,
1160 795 1316 836 quoniam
1340 795 1402 826 hoc
1425 795 1498 826 loco
1523 794 1556 825 in
1580 795 1674 825 codd.
1696 795 1824 825 desunt.

121 849 223 887 (liceo,
257 849 314 880 ubi
350 849 470 880 iterum
504 846 584 878 haec
608 845 746 887 epistola
770 845 890 886 legitur
912 851 984 886 post

735 965 818 1005 JV.
885 967 949 1018 (A.
993 965 1037 1006 U.
1076 966 1118 1006 C.
1157 967 1274 1019 708.)

185 1086 224 1124 1.
280 1085 316 1125 O
359 1085 492 1137 gratas
531 1087 623 1122 tuas
655 1080 757 1121 mihi
788 1079 1065 1134 iucundasque
1098 1080 1258 1121 literas!
1295 1081 1408 1127 Quid
1441 1081 1627 1135 quaeris?
1662 1080 1889 1122 Restitutus

120 1161 181 1198 est
212 1155 312 1197 mihi
345 1154 430 1196 dies
465 1152 606 1194 festus.
656 1151 848 1206 Angebar
881 1152 1005 1203 enim,
1038 1151 1147 1207 quod
1179 1152 1272 1193 Tiro
1308 1149 1708 1212 ἐνερευθέστερον
1739 1159 1779 1194 te
1813 1153 1889 1194 sibi

121 1244 205 1271 esse
250 1228 382 1269 visum
426 1225 596 1266 dixerat.
647 1223 806 1265 Addam
850 1223 990 1278 igitur,
1036 1228 1083 1265 ut
1126 1239 1278 1275 censeS,
1324 1239 1451 1265 00010
1496 1224 1616 1266 diem.
1654 1229 1694 1267 2.
1730 1225 1807 1267 Sed
1842 1225 1889 1266 de

121 1302 273 1343 Catone
307 1293 578 1358 πρόβλημα
616 1289 978 1354 »Αρχιμήδειον
1010 1300 1084 1337 est.
1135 1296 1230 1337 Non
1266 1311 1454 1351 assequor
1487 1301 1534 1337 ut
1567 1278 1751 1349 sQibam,
1783 1298 1891 1353 quod

119 1374 182 1415 tui
225 1372 414 1414 convivae
456 1385 539 1411 non
579 1368 699 1410 modo
743 1367 930 1417 libenter,
965 1368 1035 1410 sed
1069 1369 1190 1409 etiam
1224 1384 1350 1424 aequo
1385 1369 1519 1410 animo
1555 1370 1685 1426 legere
1720 1371 1889 1426 possint.

123 1446 237 1493 Quin
283 1445 418 1494 etiam,
464 1442 498 1483 si
546 1456 569 1482 a
612 1441 824 1482 sententiis
867 1441 954 1482 0105
999 1440 1133 1491 dictis,
1168 1441 1201 1482 si
1235 1440 1284 1482 ab
1318 1442 1427 1483 omni
1460 1442 1665 1484 voluntate
1699 1444 1893 1485 000511115-

124 1534 214 1574 que,
265 1532 366 1572 quae
415 1516 464 1558 de
510 1531 552 1557 10
595 1514 760 1570 publica
807 1513 966 1566 habuit,
1011 1514 1194 1556 recedam
1232 1511 1471 1570 ψιλῶςο100
1504 1516 1623 1557 velim
1656 1517 1891 1571 gravitatem

125 1590 472 1645 constantiamque
516 1589 602 1630 eius
645 1587 824 1639 laudare,
869 1587 945 1629 hoc
978 1588 1112 1643 ipsum
1146 1592 1281 1629 tamen
1313 1588 1402 1629 istis
1436 1588 1620 1630 odiosum
1654 1585 1893 1646 ἄκουσμα

125 1664 191 1706 sit.
246 1662 323 1705 Sed
373 1678 463 1704 vere
506 1661 663 1703 laudari
706 1661 774 1702 1110
820 1661 879 1702 vir
922 1676 1005 1702 non
1047 1665 1192 1716 potest,
1244 1661 1324 1702 nisi
1355 1661 1454 1703 haec
1485 1665 1624 1703 ornata
1658 1662 1752 1713 sint,
1787 1661 1895 1716 quod
1916 1674 1952 1700 10

124 1737 191 1779 ille
234 1752 294 1788 ea,
340 1752 440 1792 quae
490 1749 597 1777 nunc
650 1739 758 1785 sunt,
798 1739 838 1775 et
877 1734 1014 1775 futura
1062 1733 1209 1775 viderit
1242 1739 1282 1775 et
1315 1749 1365 1775 ne
1398 1734 1538 1775 fierent
1570 1734 1824 1775 contenderit
1855 1738 1896 1774 et

126 1810 230 1852 facta
263 1826 313 1851 110
347 1809 499 1850 videret
532 1807 655 1848 vitam
689 1806 909 1862 reliquerit.
961 1807 1117 1848 Horum
1153 1806 1251 1861 quid
1285 1811 1358 1857 est,
1394 1806 1503 1862 quod
1536 1806 1696 1848 Alledio
1729 1806 1895 1862 probare

128 1883 360 1938 possimus?
394 1881 472 1924 Sed
506 1894 601 1922 cura
643 1877 807 1920 obsecro
848 1884 895 1920 ut
928 1879 1072 1930 valeas,
1109 1894 1288 1933 eamque,
1324 1893 1445 1934 quam
1479 1878 1529 1920 ad
1563 1894 1700 1920 omnes
1733 1894 1794 1921 res
1827 1878 1895 1921 ad-

127 1956 256 2006 hibes,
289 1954 486 2010 imprimis
520 1951 569 1993 ad
603 1950 964 1992 convalescendum
1000 1950 1146 1992 adhibe
1181 1950 1451 2006 prudentiam.

171 2103 211 2134 12
234 2102 346 2134 Aledio
367 2120 408 2125 —

170 2238 242 2278 §L
264 2229 577 2281 Ἐνερευθέστερον,
624 2239 730 2278 magis
771 2238 869 2268 solito
903 2236 989 2267 rubi-

132 2294 288 2325 cundum.
318 2293 423 2325 Docte
454 2303 565 2324 veram
588 2294 658 2325 vim
681 2304 712 2324 v.
732 2290 915 2337 ἐνερευᾶἡς
936 2301 992 2323 ex·
1014 2297 1016 2303 ¹

130 2350 265 2391 plicavit
288 2349 502 2381 Casaubonus
525 2350 565 2380 ad
588 2349 713 2381 Athen.
741 2360 772 2390 p.
795 2349 835 2380 36
858 2359 906 2390 sq.
937 2349 991 2379 do·

130 2403 264 2444 cuitque
293 2402 339 2434 ita
367 2402 488 2434 distare
522 2403 564 2433 ab
593 2399 739 2446 ἐρευθής
768 2405 799 2433 et
827 2397 988 2448 ἐρυθρός,

132 2467 169 2492 ut
191 2460 283 2491 ruber
305 2469 324 2490 a
345 2459 473 2490 modice
495 2459 595 2490 rubro
619 2459 673 2490 vel
688 2457 871 2489 rubicundo.
894 2459 991 2490 Prae-

133 2514 251 2555 positio
273 2513 374 2555 igitur
395 2513 518 2544 minuit
540 2512 608 2543 vim
630 2512 793 2543 vocabuli.

176 2566 299 2598 Addam
320 2585 362 2590 —
383 2576 476 2597 unum
499 2565 580 2596 diem
609 2575 640 2596 o:
672 2565 791 2602 triduo,
821 2566 910 2606 quod
938 2575 991 2596 me

135 2625 168 2654 in
191 2622 382 2654 Tusculano
405 2631 599 2652 mansurum
621 2620 814 2661 scripseram
828 2621 889 2661 (ep.
902 2622 930 2657 3,
949 2621 992 2657 1),

135 2676 252 2707 addam
266 2685 371 2706 unum
383 2674 480 2711 diem,
495 2678 532 2704 ut
548 2673 607 2704 tibi
623 2673 664 2704 sit
673 2674 767 2714 copia
775 2673 840 2704 mei
849 2673 989 2704 visendi.
1014 2690 1015 2693 =

177 2728 196 2768 ξ
217 2728 247 2759 2.
270 2727 318 2758 De
341 2726 467 2758 Catone.
489 2726 530 2757 cf.
554 2727 596 2757 ad
617 2735 667 2766 ep.
691 2727 719 2763 5,
742 2725 762 2756 2
784 2726 817 2756 11.
839 2725 861 2755 1.

178 2779 206 2810 Λ
227 2779 394 2811 sententiis
421 2779 490 2810 eius
515 2779 620 2809 dictis.
658 2778 823 2809 Ultimum
853 2778 991 2809 voeabu-

136 2833 207 2864 lum
228 2832 300 2863 sine
323 2831 506 2863 sententiae
528 2831 701 2871 dispendio
730 2831 843 2861 abesse
871 2836 990 2870 posset,
1013 2831 1016 2849 ¹

136 2893 243 2926 neque
266 2889 376 2914 tamen
405 2883 584 2914 delendum
614 2887 671 2919 est,
701 2886 757 2912 aut
785 2891 862 2912 cum
889 2881 991 2913 Bosio
1014 2882 1017 2919 [

137 2938 232 2968 scrib.
260 2936 290 2967 si
318 2947 338 2967 a
366 2936 459 2966 seriis
489 2935 555 2966 eius
591 2935 696 2966 dictis.
739 2934 993 2976 opponerentur

138 2990 227 3022 enim
249 2990 322 3026 ioci,
345 2989 466 3030 quibus
487 2998 566 3020 sane
588 2989 680 3019 locus
703 2998 769 3019 non
789 2993 857 3020 erat
871 2988 906 3019 in
922 2997 992 3028 gra-

139 3044 239 3076 vitate
265 3043 515 3084 constantiaque
544 3042 607 3073 viri
634 3043 810 3074 laudanda.
841 3043 994 3074 Fortasse

141 3094 255 3128 Cicero
277 3095 419 3138 scripsit:
445 3094 482 3127 Si
506 3105 525 3125 a
547 3094 724 3133 sententiis,
747 3094 775 3126 si
797 3105 817 3125 a
840 3094 943 3133 dictis,
967 3093 996 3125 si

140 3148 177 3180 ab
199 3148 281 3179 omni
307 3148 466 3180 volumtate
487 3154 547 3180 cet.

1083 2239 1152 2269 Nm'
1175 2239 1254 2270 haee
1275 2240 1391 2269 ornata
1414 2238 1479 2268 sint
1501 2247 1557 2278 np.
1593 2245 1675 2278 quae
1705 2235 1813 2266 statim
1844 2235 1899 2266 ad-

1040 2293 1097 2330 dit,
1122 2292 1258 2324 Catonis
1280 2291 1492 2333 prudentiam
1513 2290 1548 2322 in
1571 2289 1668 2321 malis
1691 2289 1769 2329 reip.
1794 2288 1900 2329 provi-

1040 2344 1166 2382 dendis,
1190 2344 1418 2376 fortitudinem
1447 2344 1481 2374 in
1511 2342 1720 2384 repellendis,
1750 2346 1900 2372 constan-

1040 2399 1122 2430 tiam
1144 2399 1179 2430 in
1202 2398 1410 2439 defugiendis
1434 2402 1540 2428 morte
1561 2396 1758 2427 voluntaria.

1082 2452 1219 2483 Alledio.
1242 2452 1338 2483 Idem
1360 2460 1482 2483 nomen
1506 2449 1677 2481 invenitur
1696 2448 1728 2479 h.
1747 2449 1768 2479 1.
1783 2457 1833 2489 ep.
1850 2448 1899 2484 23,

1042 2507 1069 2538 1.
1093 2508 1143 2544 24,
1166 2506 1215 2543 27,
1239 2506 1288 2543 28,
1311 2506 1405 2537 libris
1436 2509 1547 2536 tamen
1581 2504 1667 2534 inter
1695 2502 1841 2533 Aledium
1869 2508 1901 2533 et

1014 2566 1016 2575 ’
1040 2558 1187 2590 Atedium
1211 2558 1425 2590 variantibus.
1465 2556 1538 2588 Alii
1567 2556 1759 2596 interpretes
1782 2559 1899 2595 putant

1041 2620 1111 2642 0550
1143 2620 1265 2641 nomen
1300 2608 1491 2641 Caesariani
1521 2608 1669 2644 alicuius,
1698 2607 1754 2637 alii
1787 2607 1899 2636 fictum

1041 2672 1163 2694 nomen
1185 2662 1309 2693 habent
1331 2661 1480 2693 Caesaris
1513 2660 1625 2701 ipsius.
1658 2659 1745 2690 Mihi
1779 2658 1899 2689 arridet

1040 2716 1207 2747 Tunstalli
1229 2716 1381 2756 suspicio,
1406 2714 1464 2755 qui
1493 2714 1556 2745 hoc
1586 2712 1723 2744 nomine
1755 2711 1898 2742 Balbum

1038 2770 1197 2802 occultari
1218 2769 1366 2810 putabat.
1393 2767 1548 2798 Arredius
1572 2766 1672 2803 enim,
1697 2765 1742 2796 sic
1768 2765 1825 2796 ille
1848 2774 1898 2804 op.

1039 2823 1060 2853 l.
1083 2833 1113 2863 p.
1138 2822 1198 2852 160
1221 2826 1270 2853 est
1291 2821 1410 2858 balbus,
1443 2819 1567 2861 quique
1598 2813 1792 2863 ὃιαῤῥὴδην
1832 2826 1897 2846 non

1040 2879 1204 2920 loquatur.
1228 2876 1381 2908 Arredius
1403 2885 1500 2917 porro
1521 2884 1579 2916 per
1600 2873 1818 2905 imitationem
1835 2871 1900 2902 bal-

1014 2923 1017 2944 ²
1040 2932 1198 2964 butientis
1220 2931 1292 2962 soni
1306 2931 1339 2961 in
1357 2929 1503 2960 Alledius
1517 2932 1672 2964 mutatur,
1687 2931 1721 2957 ut
1739 2935 1781 2957 ex
1799 2924 1900 2955 Hirro

1040 2984 1077 3016 fit
1104 2984 1228 3020 Hillus,
1251 2983 1334 3013 Fam
1349 2982 1395 3012 ΙΙ.
1413 2982 1462 3018 10,
1486 2981 1514 3011 1.
1529 2980 1624 3011 Idem
1638 2987 1759 3010 nomeu
1777 2976 1898 3017 duplici

1041 3038 1054 3069 l
1075 3037 1227 3069 scribitur
1249 3037 1282 3067 in
1306 3035 1384 3067 Tac.
1407 3035 1499 3066 Ann.
1522 3033 1604 3065 XII.
1629 3032 1657 3064 7.
