2062 3565
137 140 220 179 202
540 138 623 178 ΕΡ.
658 135 733 176 AD
766 135 812 175 T.
846 132 1195 174 POMPONIUM
1229 131 1492 174 ATTICUM.

135 275 294 315 homine
338 273 586 328 dignissima,
630 270 785 312 laudari
829 283 891 310 me
932 268 1051 310 etiam
1096 272 1291 323 oportere.
1340 270 1381 309 4.
1429 267 1522 319 Sed,
1565 282 1689 322 quum
1732 281 1805 322 ego
1838 268 1894 308 fa-

135 349 237 390 ciam
279 346 426 396 omm‘a,
471 360 571 400 quae
614 343 742 385 facere
784 342 934 398 possim
978 341 1028 383 ad
1060 355 1123 382 me
1157 340 1440 393 adlevandum,
1473 346 1521 383 tu
1553 341 1662 383 effice
1693 340 1752 391 id,
1785 339 1894 395 quod

135 420 249 461 video
289 423 328 461 te
368 433 449 460 non
492 418 626 460 minus
671 431 792 472 quam
824 430 886 456 me
918 413 1111 456 laborare.
1162 414 1253 456 Hoc
1285 414 1386 456 mihi
1419 414 1563 457 debere
1594 415 1732 456 videor
1763 429 1894 469 neque

129 494 251 536 levari
293 508 421 549 posse,
466 492 546 533 nisi
589 490 741 532 solvero
787 494 858 530 aut
900 487 1036 529 videro
1082 503 1143 530 me
1184 503 1298 544 posse
1343 488 1506 540 solvere,
1551 488 1595 530 id
1638 492 1712 539 est,
1744 487 1892 538 locum,

96 580 110 604 5
131 567 289 622 qualem
331 565 434 616 volo,
468 565 672 606 invenero.
728 561 909 604 Heredes
938 561 1147 617 Scapulae,
1182 562 1216 603 si
1247 562 1347 603 istos
1380 561 1531 612 hortos,
1564 565 1612 603 ut
1643 561 1784 604 scribis
1816 560 1893 603 tibi

130 640 333 682 Othonem
377 638 538 690 dixisse,
581 636 765 694 partibus
799 639 990 691 quattuor
1022 634 1154 686 factis,
1188 635 1301 677 liceri
1333 635 1527 690 cogitant,
1561 635 1665 677 nihil
1696 639 1757 677 est
1789 635 1893 677 scili—

130 719 192 756 cet
235 713 405 769 emptori
449 712 540 754 loci.
586 712 657 754 Sin
701 709 912 760 venibunt,
959 709 1055 764 quid
1096 709 1180 751 fieri
1221 709 1348 765 possit
1390 708 1631 751 videbimus.
1679 709 1786 750 Nam
1826 708 1893 749 1116

129 788 239 829 100115
281 786 559 837 Publicianus,
603 785 673 840 qui
717 789 778 826 est
809 782 1000 826 Trebonii
1033 788 1073 824 et
1106 783 1279 832 Cusinij,
1313 788 1398 825 erat
1431 782 1482 824 ad
1514 799 1577 825 me
1610 782 1769 825 allatus.
1816 782 1894 825 Sed

129 860 206 902 scis
240 875 371 901 aream
404 875 502 901 esse.
536 859 663 901 Nullo
697 862 814 914 pacto
847 855 988 912 probo.
1044 855 1209 898 Clodiae
1243 871 1337 898 sane
1371 856 1544 912 placent,
1579 856 1649 898 sed
1681 872 1764 899 non
1795 861 1894 914 puto

78 950 112 976 10
129 949 213 976 esse
247 933 419 975 venales.
452 933 513 975 De
548 932 670 974 Drusi
702 931 845 982 hortis,
881 930 1063 986 quamvis
1098 929 1148 971 ab
1180 929 1230 971 iis
1264 929 1492 981 abhorreas,
1515 934 1561 971 ut
1585 929 1742 983 scribis,
1759 936 1894 974 tamen

129 1023 175 1049 eo
208 1006 451 1062 confugiam,
486 1006 566 1048 nisi
598 1005 696 1061 quid
728 1004 945 1046 inveneris.
981 1002 1219 1045 Aedificatio
1252 1011 1328 1046 me‘
1343 1018 1424 1045 non
1457 1008 1604 1046 movet.
1637 1004 1755 1046 Nihil
1787 1005 1894 1047 enim

129 1081 237 1123 aliud
272 1079 489 1122 aedificabo
522 1079 601 1121 nisi
633 1078 690 1130 id,
726 1077 834 1134 quod
868 1077 1004 1128 etiam,
1041 1077 1075 1118 si
1107 1077 1197 1118 illos
1231 1091 1313 1118 non
1345 1075 1537 1118 habuero.
1573 1075 1737 1136 Κῦρος
1755 1070 1815 1129 δ’,
1839 1076 1892 1134 ε’,

129 1155 228 1197 mihi
262 1155 319 1196 sic
353 1153 518 1210 placuit,
553 1158 599 1194 ut
632 1157 761 1195 cetera
795 1150 1068 1201 Antisthenis,
1104 1149 1279 1192 hominis
1303 1151 1411 1192 acuti
1437 1149 1565 1206 magis
1588 1164 1708 1206 quam
1730 1150 1892 1193 eruditi.

173 1322 192 1352 2
216 1319 428 1351 adiuvandum
452 1338 491 1343 —

131 1470 264 1510 negavit
286 1469 432 1509 integros
456 1477 525 1499 esse
549 1468 637 1498 locos
661 1468 830 1499 Ciceronis
843 1475 875 1498 et
887 1468 985 1505 Livii,

128 1524 185 1555 ubi
218 1523 351 1554 maa-ime
373 1521 573 1563 superlativo
597 1522 779 1552 adderetur.
804 1521 870 1552 Hic
893 1521 988 1552 Lani-

130 1577 226 1608 binus
255 1581 327 1617 post
356 1574 534 1614 deleyerim,
565 1574 717 1605 Handius
748 1574 843 1605 Turs.
870 1574 934 1605 LII.
958 1584 988 1614 p.

128 1630 186 1661 591
211 1634 283 1671 post
304 1630 446 1669 oportere
469 1627 699 1658 collocandum
721 1627 890 1668 putabant.
916 1627 988 1667 Ego

127 1693 204 1715 cnm
235 1682 402 1714 Gronovio
437 1681 569 1712 maxime
602 1680 746 1711 liberalis
778 1681 988 1712 scribendum

126 1745 254 1774 censeo,
286 1742 319 1767 et
340 1734 576 1776 superlativum
599 1734 768 1765 invectum
790 1743 808 1764 a
833 1734 986 1772 librariis,

127 1798 163 1822 ut
184 1791 395 1832 responderet
410 1789 559 1830 sequenti
574 1789 775 1830 superlativo
791 1788 987 1829 diqnissima.

129 1845 314 1886 Malaspina
336 1845 431 1875 docet
455 1842 556 1874 fuisse
578 1843 635 1884 qui
650 1843 831 1874 scriberent
842 1843 989 1880 maxima,

129 1898 352 1930 liberalissima
375 1902 436 1929 cet.

171 1953 189 1993 ς
220 1954 249 1982 4.
282 1950 334 1981 Ad
354 1961 399 1981 me
421 1950 644 1981 adlevandum.
673 1949 798 1990 Scripsi
820 1958 838 1981 e
863 1949 988 1980 coniec-

130 2014 200 2039 tura
233 2006 362 2043 Orellii,
404 2006 538 2047 probata
575 2014 708 2046 quoque
746 2004 988 2044 Wesenbergio

129 2060 268 2092 Emend.
291 2070 322 2100 p.
346 2059 414 2090 123.
439 2058 648 2090 Adiuvanius
671 2058 760 2089 enim
783 2058 875 2094 alios,
890 2067 988 2088 nenio

130 2124 164 2146 56
186 2114 254 2155 ipse
276 2113 417 2144 adiuvat.
441 2111 656 2144 Adlevandum
686 2112 899 2142 confirmatur
921 2120 987 2151 seq.
1012 2132 1013 2136 ,

129 2167 230 2199 levari
252 2173 285 2198 et
307 2176 355 2202 eo,
381 2167 469 2207 quod
491 2172 539 2197 est
562 2166 595 2196 in
619 2174 669 2205 ep.
694 2165 743 2201 39,
768 2165 796 2201 2,
819 2164 959 2194 adlevor.

171 2221 314 2253 Heredes
336 2220 489 2262 Scapulae
512 2228 605 2252 erant
628 2219 725 2257 Otho,
749 2229 797 2260 ep.
822 2219 871 2256 37,
895 2220 924 2250 2.
938 2220 988 2256 43,

131 2277 159 2308 2.
190 2276 341 2314 Mustela,
364 2277 414 2313 44,
441 2276 470 2306 2.
500 2274 645 2315 Crispus,
675 2276 704 2311 5,
734 2274 763 2304 2.
793 2273 895 2304 XIII.
919 2272 947 2310 3,
972 2274 987 2303 1

131 2337 163 2363 et
186 2330 357 2371 Vergilius
380 2329 428 2367 51,
453 2330 472 2360 2
494 2334 526 2361 et
547 2328 649 2360 XIII.
671 2328 719 2366 26,
745 2328 772 2358 1.

636 2500 638 2502 Ι
693 2432 892 2476 XXXIX.

957 2436 1021 2487 (A.

1081 1467 1183 1497 Licet-i
1214 1476 1244 1497 o:
1279 1467 1362 1497 inter
1392 1475 1426 1496 sc
1455 1465 1633 1506 plurinum]
1656 1465 1797 1496 licitanti
1819 1474 1894 1497 ven-

1037 1521 1123 1552 dere.
1157 1519 1360 1561 Opponitur:
1393 1518 1442 1549 sin
1477 1518 1624 1550 venibunt
1653 1529 1686 1550 a:
1711 1520 1767 1550 sed
1789 1519 1817 1550 si
1839 1529 1894 1560 pu—

1039 1574 1123 1605 blice
1154 1574 1386 1610 distrahentur,
1418 1573 1481 1610 vel,
1513 1580 1549 1604 ut
1581 1572 1695 1604 scribit
1716 1582 1767 1614 ep.
1790 1574 1842 1611 40,
1875 1575 1896 1604 4

1035 1627 1065 1657 si
1081 1626 1233 1667 praeconi
1254 1626 1468 1657 subiit-icatur.

1078 1679 1177 1711 Locus
1209 1678 1422 1716 Publicianus,
1456 1679 1512 1720 qni
1550 1679 1611 1710 fuit
1640 1679 1721 1710 olim
1751 1680 1894 1713 Publicii

1035 1733 1215 1769 cuiusdam,
1239 1742 1328 1763 nunc
1350 1737 1399 1764 est
1420 1732 1459 1763 T.
1481 1737 1513 1764 et
1536 1732 1572 1764 C.
1595 1732 1636 1763 cf.
1659 1741 1708 1773 ep.
1731 1733 1782 1770 41,
1806 1733 1836 1766 3.

1078 1784 1146 1816 Scis
1167 1796 1273 1816 aream
1296 1795 1362 1817 esse
1385 1796 1416 1816 o:
1440 1786 1550 1816 locum
1571 1794 1712 1816 vacuum
1728 1794 1809 1824 esse,
1826 1796 1891 1817 non

1037 1840 1206 1871 arboribus
1228 1849 1289 1871 nec
1311 1840 1452 1871 arbustis
1473 1839 1645 1870 consitum.

1083 1893 1212 1925 Clodiae
1253 1893 1339 1926 horti
1379 1894 1420 1925 ad
1455 1894 1614 1926 Tiberim.
1665 1894 1706 1926 cf.
1746 1901 1827 1927 orat.
1863 1906 1892 1936 p.

1039 1946 1129 1978 Cael.
1152 1947 1201 1977 35.

1079 1997 1186 2040 Κῦρος
1214 1988 1258 2035 δ’,
1288 1996 1316 2028 ε’.
1342 1996 1559 2028 Antisthenes
1582 1995 1768 2028 Socraticus
1791 1997 1894 2028 multa

1037 2053 1174 2094 scripsit,
1183 2053 1297 2084 decem
1307 2053 1404 2085 tomis
1414 2042 1688 2094 evulgata.Tomo
1697 2058 1811 2094 quarto
1819 2064 1894 2085 con·

1038 2103 1227 2134 tinebantur
1253 2103 1363 2148 Κῦρος
1381 2109 1412 2135 et
1434 2095 1602 2146 Ἡρακλῆς
1616 2101 1636 2139 ή
1654 2100 1732 2146 περὶ
1752 2100 1890 2148 ἰσχύος,

1035 2159 1154 2200 quinto
1176 2158 1284 2201 Κῦρος
1310 2153 1329 2191 ἥ
1359 2151 1438 2203 περὶ
1466 2152 1646 2200 βασιλείας
1661 2149 1894 2193 61“Ασπασία.

1040 2215 1117 2246 Vid.
1128 2215 1224 2255 Diog.
1239 2214 1348 2248 Laert.
1362 2215 1425 2246 VI.
1440 2214 1467 2252 l,
1490 2214 1538 2245 16.
1551 2214 1641 2246 Hinc
1662 2215 1812 2246 laudatur
1823 2214 1893 2246 An—

1037 2267 1196 2298 tisthenes
1217 2263 1250 2297 ἐν
1281 2257 1422 2310 θατέρῳ
1452 2266 1518 2296 τῶν
1547 2261 1666 2308 Κύρων
1690 2265 1777 2306 apud
1790 2264 1893 2296 Athe-

1040 2334 1161 2357 naeum
1185 2324 1229 2354 V.
1255 2335 1285 2365 p.
1312 2324 1372 2356 220
1396 2322 1431 2355 C.

1064 2433 1108 2474 U.
1147 2433 1188 2472 C.
1226 2431 1344 2485 709.)

200 2556 237 2594 1.
283 2551 529 2594 Tabellarius
573 2550 622 2591 ad
667 2565 728 2591 me
773 2564 896 2604 quum
941 2549 1025 2590 sine
1060 2548 1187 2589 literis
1220 2547 1301 2588 tuis
1335 2546 1523 2597 venisset,
1557 2547 1781 2588 existimavi
1815 2546 1891 2589 tibi

133 2642 218 2668 eain
263 2640 422 2667 causam
465 2639 546 2665 non
591 2622 792 2664 scribendi
835 2622 971 2672 fuisse,
1017 2621 1123 2677 quod
1168 2619 1296 2676 pridie
1341 2620 1567 2676 scripsisses
1611 2635 1658 2662 ea
1695 2620 1797 2676 ipsa,
1842 2620 1891 2662 ad

133 2715 235 2755 quae
278 2698 461 2754 rescripsi
505 2697 685 2752 epistola.
736 2697 1021 2752 Exspectaram
1054 2701 1189 2737 tamen
1223 2693 1374 2748 aliquid
1409 2693 1457 2735 de
1492 2693 1617 2734 literis
1653 2693 1783 2734 Asinii
1817 2694 1891 2735 Po-

98 2785 113 2811 5
133 2773 266 2815 lionis.
311 2771 390 2814 Sed
432 2770 622 2813 nimirum
666 2785 714 2812 ex
759 2785 852 2812 meo.
891 2769 1017 2810 otium
1054 2770 1198 2823 (tuum)
1233 2774 1382 2823 specto.
1433 2766 1690 2822 Quamquam
1722 2766 1798 2809 tibi
1832 2783 1889 2809 re·

180 2918 198 2948 3
220 2919 237 2955 †
259 2916 302 2948 ad
321 2926 400 2959 quae
421 2934 462 2938 —
485 2916 502 2945 5
527 2912 588 2945 Sed
609 2912 731 2944 nimium
755 2923 795 2944 ea·
817 2921 881 2943 meo
903 2911 966 2943 otio
989 2914 1073 2942 tuum
1098 2927 1137 2932 —

179 3064 197 3103 ξ,
233 3064 261 3094 1.
295 3061 343 3093 Ea
377 3061 457 3102 ipsa,
485 3061 530 3092 ad
558 3070 637 3101 qaae
670 3059 818 3100 rescripsi
846 3058 989 3099 epistola.
1036 3067 1074 3089 ea
1101 3059 1180 3099 ipsa,
1211 3059 1255 3089 ad
1283 3068 1362 3100 qaae
1386 3059 1532 3098 rescripsi
1553 3058 1715 3100 epistolam
1738 3068 1782 3090 sc.
1806 3067 1889 3095 eam,

137 3116 281 3150 Orellius
317 3117 430 3147 laudat
467 3115 622 3146 Lambini
660 3113 912 3146 correctionem:
951 3115 990 3143 ed
1036 3121 1121 3153 quae
1142 3112 1257 3143 ordine
1279 3112 1364 3142 hanc
1386 3111 1558 3152 praecedit.

138 3170 217 3210 ipsa,
240 3169 285 3199 ad
304 3179 392 3211 quam
415 3167 571 3208 rescripsi,
593 3167 737 3207 epistolii.
760 3166 832 3206 Ego
854 3166 987 3197 malim:
1011 3206 1014 3212 .
1080 3164 1240 3196 Nimirum.
1263 3164 1445 3196 Lambinus
1462 3164 1612 3202 restituit,
1629 3174 1730 3206 quum
1745 3164 1779 3196 in
1796 3164 1889 3196 codd.
