2062 3565
178 967 212 993 10

179 1329 210 1354 15

182 1699 217 1726 20

231 170 283 207 :32
632 167 714 209 ΕΡ.
752 166 827 206 AD
860 165 906 205 T.
940 161 1291 204 POMPONIUM
1331 159 1596 201 ATTIOUM.

227 301 362 343 berare
396 302 528 357 cupio,
563 315 692 354 neque
724 298 905 340 subsidio
938 298 994 338 ire
1029 311 1205 351 possum,
1240 294 1347 351 quod
1382 294 1443 337 his
1477 295 1635 337 duabus
1668 294 1896 351 legionibus
1916 308 1996 335 non

227 380 325 429 puto
358 389 441 415 esse
475 372 821 423 committendum,
858 378 903 413 ut
933 371 1030 412 illuc
1063 370 1277 421 ducantur,
1315 386 1363 412 ex
1397 369 1544 424 quibus
1566 375 1701 412 tamen
1727 385 1808 412 non
1827 368 1998 424 amplius

229 461 320 489 XIV.
356 448 537 489 cohortes
569 445 801 488 contrahere
835 444 963 500 potui,
1000 443 1106 498 quod
1134 476 1141 484 .
1165 476 1173 484 .
1208 443 1473 485 Brundisium
1495 444 1601 495 misi,
1626 459 1756 498 neque
1779 442 1999 485 Canusium

229 521 314 562 51116
346 520 558 576 praesidio,
593 519 689 560 dum
723 518 916 567 abessem,
950 517 1089 572 putavi
1123 531 1207 558 6556
1242 515 1545 558 dimittendum.
1581 519 1622 558 3.
1656 515 1708 558 D.
1727 515 1865 558 Laelio
1889 529 1999 556 man-

231 593 379 644 daram,
414 592 521 647 quod
554 591 721 633 maiores
755 590 889 645 copias
933 588 1141 645 sperabam
1174 604 1247 630 1105
1280 588 1503 639 habituros,
1539 596 1597 641 ut,
1632 590 1666 631 si
1699 589 1813 630 vobis
1847 587 1999 629 videre-

231 672 311 717 tur,
359 665 547 706 alteruter
591 668 767 705 vestrum
811 662 861 704 ad
906 678 968 704 me
1014 662 1181 713 veniret,
1227 662 1326 703 alter
1370 662 1412 704 in
1457 662 1634 704 Siciliam
1669 677 1761 703 cum
1793 677 1840 702 ea
1873 660 2001 716 copia,

233 753 351 793 quam
384 737 545 792 Capuae
579 741 619 777 et
651 736 803 777 circum
842 735 1022 791 Capuam
1066 735 1339 790 comparastis,
1375 740 1414 776 et
1447 750 1538 776 cum
1572 735 1622 776 iis
1656 733 1867 785 militibus,
1903 747 2002 788 quos

234 811 407 852 Faustus
449 809 561 865 legit,
604 809 934 865 proficisceretur,
980 808 1182 850 Domitius
1226 823 1318 850 611111
1364 822 1445 850 xn.
1479 809 1562 850 suis
1596 806 1829 849 cohortibus
1863 805 2002 847 eodem

235 884 533 938 adiungeretur,
568 882 743 937 reliquae
777 882 913 937 copiae
948 897 1085 923 omnes
1150 880 1414 923 Brundisium
1448 886 1686 936 cogerentur
1731 886 1770 922 et
1807 880 1902 922 inde
1935 895 2004 922 na-

234 956 350 998 vibus
394 955 689 1012 Dyrrhachium
733 959 1117 1011 transportarentur.
1182 955 1320 1006 Nunc,
1365 970 1490 1010 quum
1533 954 1609 996 hoc
1656 960 1833 1010 tempore
1879 953 2006 996 nihilo

234 1029 360 1085 magis
393 1043 467 1084 ego
501 1043 619 1083 quam
655 1043 723 1069 vos
757 1026 938 1069 subsidio
982 1027 1161 1068 Domitio
1194 1027 1251 1068 ire
1284 1027 1448 1082 possim,
1483 1026 1510 1051 ⁹⁶
1531 1026 1558 1051 ἦ
1577 1042 1617 1068 56
1651 1042 1720 1082 per
1753 1032 1908 1069 montes
1941 1043 2007 1068 ex-

234 1104 394 1159 plicare,
430 1117 510 1144 non
543 1106 603 1143 est
635 1101 752 1143 nobis
786 1101 1134 1150 committendum,
1171 1107 1216 1143 ut
1248 1100 1298 1142 ad
1324 1100 1395 1142 has
1420 1114 1512 1142 XIV.
1538 1100 1735 1152 cohortes,
1761 1116 1859 1156 quas
1882 1099 2007 1142 dubio

235 1177 367 1218 animo
400 1175 543 1227 habeo,
578 1174 704 1216 hostis
737 1174 923 1216 accedere
958 1179 1028 1216 aut
1061 1175 1103 1216 in
1148 1175 1291 1216 itinere
1315 1190 1377 1216 me
1402 1175 1593 1229 consequi
1614 1175 1755 1230 possit.
1793 1177 1834 1216 4.
1857 1173 2008 1226 Quam-

235 1248 371 1290 obrem
403 1248 597 1304 placitum
631 1254 691 1289 est
722 1247 838 1300 1111111,
872 1264 916 1290 ac
949 1249 1007 1290 ita
1042 1248 1156 1290 video
1189 1249 1343 1290 censeri
1377 1248 1568 1290 Marcello
1603 1254 1643 1289 et
1692 1248 1833 1290 ceteris
1881 1247 2007 1289 nostri

235 1322 401 1374 ordinis,
436 1322 506 1378 qui
538 1322 604 1363 1116
638 1328 746 1374 sunt,
784 1327 828 1363 ut
861 1321 1126 1363 Brundisium
1160 1322 1346 1364 ducerem
1382 1322 1485 1364 hanc
1519 1322 1690 1377 copiam,
1715 1336 1835 1376 quam
1851 1335 2009 1362 mecum

235 1396 377 1438 habeo.
412 1396 495 1437 Vos
528 1395 678 1447 hortor,
714 1400 760 1437 ut
793 1394 1060 1450 quodcunque
1094 1395 1269 1437 militum
1303 1395 1535 1437 contrahere
1568 1395 1765 1451 poteritis,
1801 1393 2010 1436 contraha-

236 1471 288 1512 tis
332 1476 372 1511 et
415 1468 567 1520 eodem,
613 1468 891 1519 Brundisium,
938 1469 1107 1510 veniatis
1150 1483 1269 1523 quam
1313 1469 1502 1524 primum.
1568 1470 1692 1510 Arma
1736 1482 1836 1523 quae
1869 1465 1919 1508 ad
1953 1481 2016 1507 1116

237 1543 398 1585 missuri
443 1543 577 1594 eratis,
621 1542 685 1593 iis,
721 1557 876 1593 censeo,
909 1542 1071 1584 armetis
1105 1542 1266 1593 milites,
1302 1557 1401 1597 quos
1436 1541 1643 1584 vobiscum
1676 1541 1849 1584 habetis.
1899 1540 2012 1592 Quae

239 1632 348 1659 arma
379 1615 640 1672 superabunt,
675 1631 722 1657 ea
755 1616 788 1656 si
832 1615 1094 1657 Brundisium
1139 1615 1329 1657 iumentis
1363 1615 1633 1671 deportaritis,
1668 1614 1924 1656 vehementer
1956 1612 2010 1653 rei

238 1689 423 1746 publicae
457 1688 700 1744 profueritis.
735 1688 795 1729 De
829 1687 903 1728 hac
937 1704 977 1728 re
1014 1688 1130 1729 velim
1168 1693 1324 1730 nostros
1359 1689 1545 1730 certiores
1580 1688 1749 1729 faciatis.
1785 1687 1872 1740 Ego
1895 1685 1945 1726 ad
1965 1685 2011 1726 P.

240 1765 401 1819 Lupum
435 1769 475 1804 et
506 1763 553 1804 C.
587 1762 812 1817 Coponium
846 1767 1047 1817 praetores
1092 1762 1196 1812 misi,
1231 1767 1277 1803 ut
1311 1777 1350 1802 se
1386 1760 1496 1802 vobis
1530 1761 1821 1816 coniungerent
1853 1764 1906 1810 et,
1942 1759 2012 1800 mi-

241 1838 358 1879 litum
393 1835 499 1890 quod
534 1835 742 1885 haberent,
777 1833 831 1876 ad
861 1849 930 1875 vos
965 1834 1224 1876 deducerent.

284 2023 303 2052 3
327 2032 406 2064 quas
426 2021 631 2054 Brundisium
649 2022 843 2064 praesidium
867 2022 937 2053 misi
969 2041 997 2045 —
1028 2024 1064 2053 12
1086 2032 1162 2064 quas
1186 2032 1240 2063 eqo
1264 2022 1376 2055 (omisi
1400 2032 1455 2063 eqo
1478 2032 1553 2053 611111
1578 2021 1682 2060 Med.)
1709 2039 1742 2043 -

243 2209 348 2235 ratam
376 2202 475 2235 habet
501 2204 761 2235 excusationem.
805 2204 871 2235 Sed
905 2204 976 2235 sine
1005 2213 1103 2235 causa
1126 2226 1127 2249 ;
1194 2205 1213 2245 ξ
1236 2206 1265 2235 3.
1289 2203 1329 2234 D.
1352 2203 1472 2235 Laelio,
1496 2203 1597 2235 Recte
1625 2202 1790 2235 Corradus
1819 2212 1861 2234 ex
1893 2212 1943 2244 ep.
1967 2203 2017 2234 11.

244 2256 375 2286 additur
395 2254 432 2285 id
452 2260 527 2287 ante
549 2256 640 2297 quod,
670 2262 706 2287 ut
729 2256 763 2287 in
793 2265 842 2297 ep.
874 2256 913 2287 12
943 2256 993 2293 Β.,
1023 2257 1042 2286 2
1071 2261 1104 2287 et
1154 2257 1209 2288 D..
1234 2258 1263 2288 1.
1286 2257 1333 2288 Ut
1355 2257 1399 2288 ibi
1423 2257 1456 2288 in
1480 2258 1550 2288 cod.
1573 2256 1620 2288 M.
1646 2266 1688 2288 ex
1717 2266 1755 2288 eo
1784 2255 1909 2288 factum
1937 2255 2014 2287 Dia-

245 2309 278 2340 in
301 2308 363 2339 hac
385 2308 479 2349 epist.
506 2308 525 2348 ξ
548 2309 576 2339 1.
610 2308 763 2349 Denique
794 2309 827 2339 in
859 2317 908 2349 ep.
940 2307 980 2338 D.
1009 2318 1105 2349 neque
1152 2310 1206 2349 lio,
1229 2311 1275 2342 sic
1297 2312 1329 2342 h.
1352 2311 1374 2342 1.
1397 2311 1615 2352 scriptumest
1628 2310 1846 2351 Delli0‚quod
1860 2310 1894 2341 in
1911 2319 2017 2351 marg.

244 2361 339 2392 etiam
362 2379 400 2384 -v
424 2363 633 2392 convenerunt
656 2371 714 2401 pro
737 2363 766 2391 et
788 2360 920 2391 nondum
944 2379 984 2383 —
999 2370 1105 2391 conve·
1128 2362 1129 2368 ¹
1154 2370 1335 2397 correctum
1358 2371 1404 2397 est
1427 2365 1468 2396 Ι),
1492 2365 1573 2397 Elio,

244 2416 368 2452 neruus,
398 2415 486 2456 quod
513 2414 642 2445 notavit
671 2414 782 2444 Madv·
813 2414 854 2444 ad
883 2413 959 2444 Fin-
989 2424 1020 2454 p-
1043 2413 1105 2444 826
1128 2416 1129 2454 J
1201 2418 1239 2450 Se
1255 2429 1315 2460 per
1345 2422 1464 2450 montes
1501 2419 1670 2459 explicare.
1712 2418 1831 2450 Bosius
1859 2418 2021 2459 quidlibet

245 2470 319 2502 adn.
346 2470 373 2500 1.
408 2469 533 2500 Eadem
556 2469 683 2500 ratione
706 2469 836 2509 scripsit
860 2468 980 2500 Caesar
1004 2470 1043 2500 B.
1065 2468 1104 2500 G.
1128 2475 1129 2482 ¹
1154 2473 1314 2514 Pompeio
1343 2474 1539 2515 permissum
1569 2478 1668 2510 ratus,
1697 2473 1743 2504 sic
1776 2472 1934 2513 scriptum
1957 2482 2014 2513 pu-

246 2522 310 2555 V1.
335 2523 375 2553 43
408 2532 465 2552 nec
487 2521 588 2562 plane
617 2521 711 2552 etiam
739 2521 842 2552 abisse
874 2531 912 2552 61·
941 2525 1105 2561 conspeelu
1154 2526 1252 2564 tabat,
1283 2536 1341 2567 pro
1373 2536 1422 2564 e0‚
1445 2527 1534 2567 quod
1556 2535 1626 2558 esse
1650 2525 1806 2558 debebat:
1837 2526 1879 2556 ad
1909 2525 2016 2566 ipsum

246 2575 480 2606 contenderent.
504 2574 624 2606 Paullo
647 2579 732 2612 ante,
754 2574 811 2605 ubi
833 2574 996 2615 legimns:
1014 2585 1053 2605 ne
1064 2574 1108 2605 ad
1130 2583 1131 2587 ¹
1155 2589 1213 2620 per
1250 2586 1380 2612 montes
1419 2581 1678 2622 expediendum,
1733 2579 1904 2611 Weiskius
1946 2589 2014 2610 non

245 2639 292 2660 me
313 2628 375 2659 iter
402 2647 442 2651 -
463 2628 506 2658 ἐϋ
527 2630 622 2670 atque
643 2645 684 2650 -
700 2627 806 2668 POS⁸²7⁸
816 2628 905 2659 hand
918 2628 1107 2668 Pfflllloffle·
1130 2645 1132 2651 ’
1156 2633 1265 2664 111111115
1295 2634 1392 2664 dure:
1422 2635 1456 2663 ut
1486 2643 1520 2663 se
1533 2643 1594 2673 per
1616 2633 1734 2663 montes
1756 2631 1902 2673 explicet.
1924 2630 2018 2663 Veri-

247 2681 310 2713 lius
346 2681 546 2713 sententiam
585 2690 678 2712 suam
706 2680 903 2712 declarasset
934 2681 1107 2713 scribendo
1132 2686 1133 2722 ξ
1158 2686 1265 2718 simile
1294 2692 1341 2718 est
1364 2687 1489 2728 aliquis]
1513 2686 1684 2723 excidisse,
1709 2685 1802 2717 velut
1833 2685 1922 2726 quod
1952 2685 2018 2716 Bu-

248 2745 326 2766 m've
346 2734 519 2775 -Ρθ-ἳδῖθ·
1132 2728 1133 2739 ¹
1157 2740 1307 2772 chelerus
1330 2740 1495 2782 supplevit
1519 2744 1592 2780 post
1610 2738 1748 2780 possim.-
1774 2738 1882 2770 videat
1903 2738 1960 2769 ille
1982 2740 2017 2769 ul

292 2788 310 2829 ἓ
333 2788 363 2819 2·
385 2787 450 2818 Ηῖθ
477 2786 598 2818 duabm
626 2786 809 2828 leqz'onz‘bus,
846 2797 950 2828 paene
980 2787 1108 2819 alienis·
1132 2793 1263 2838 ipos-rit.
1290 2795 1477 2828 Gronovius
1507 2795 1664 2828 coniecit:
1695 2805 1752 2826 nee
1791 2794 2017 2826 circumventos

1134 2872 1136 2891 3
1159 2850 1333 2890 explicare.

1201 2903 1366 2936 Marcello.
1390 2902 1602 2934 Inter-ciditne
1624 2910 1822 2942 praenomen
1848 2899 1891 2931 M.
1911 2900 1926 2930 ⁸?

249 2841 328 2872 Vid.
350 2841 432 2872 V11.
455 2840 494 2871 13
517 2850 547 2870 a.
570 2839 590 2870 2
612 2844 645 2870 et
666 2838 706 2870 cf.
732 2838 768 2871 C.
793 2840 812 2879 ξ
834 2841 863 2870 4.
886 2840 926 2871 D.
952 2841 969 2880 ξ
990 2841 1019 2871 1.

295 2895 386 2936 Quod
406 2917 415 2926 .
438 2917 446 2925 .
469 2892 674 2924 Brundisium
693 2893 773 2924 misi.
796 2893 875 2925 Post
892 2894 974 2935 quod
987 2894 1110 2926 excidit

252 2955 330 2980 nota
352 2947 533 2980 numeralis
554 2947 600 2978 Π.
621 2950 659 2978 ut
681 2951 808 2977 constat
831 2956 873 2978 ex
896 2947 946 2985 iis,
968 2957 1052 2989 quae
1067 2948 1110 2979 le-

253 3002 362 3043 gimus
383 3002 418 3033 h.
449 3002 472 3032 1.
502 3002 531 3039 3,
561 3000 591 3033 7.
614 2999 651 3032 Si
673 3000 793 3031 Bosius
827 3001 860 3031 in
891 3001 1001 3033 codice
1029 3001 1113 3032 vidit

252 3067 340 3097 quas,
363 3057 397 3087 id
418 3061 528 3087 ortum
550 3059 599 3087 est
621 3064 639 3086 e
669 3055 865 3095 compendio
894 3056 1060 3087 scribendi
1082 3067 1110 3097 q.

254 3109 344 3140 duas.
374 3108 423 3141 Cf.
446 3117 530 3150 quae
552 3107 717 3140 Bucheler
739 3107 772 3138 in
796 3108 882 3139 Mus.
906 3108 1012 3140 Rhen.
1043 3108 1110 3138 vol.
1136 3109 1138 3118 '

253 3161 360 3193 XIII.
385 3172 415 3204 1)-
439 3163 498 3193 593
520 3171 567 3201 sq.
590 3162 630 3193 de
651 3161 684 3191 h.
708 3161 729 3191 1.
755 3161 891 3200 scripsit.
