2062 3565
694 167 800 209 LIB.
835 168 888 209 X.
923 167 1006 209 ΕΡ.
1046 169 1115 211 12.
1155 170 1223 210 13.
1752 170 1827 210 117

21 330 34 349 5
74 315 188 359 spero
227 302 360 344 firmas
399 316 499 344 esse.
549 303 867 346 Massiliensium
900 303 1051 346 factum
1085 319 1210 361 quum
1242 305 1374 361 ipsum
1409 320 1477 361 per
1511 321 1551 346 se
1586 305 1831 347 luculentum

0 520 37 739 ..ege-„fan
23 492 30 507 .,
20 463 38 481 3
10 427 29 447 .;

51 2389 58 2394 ,
79 2348 208 2381 theatro
231 2348 381 2381 Caesaris
404 2350 528 2382 amicos
550 2350 727 2392 exceperit.

0 926 37 3565 wwomfflwsw
0 869 26 914 :v
0 746 26 857 asaf».
0 716 10 731 ⁴

75 379 149 426 est,
179 378 268 418 tum
300 375 402 418 mihi
434 381 672 432 argumento
704 380 766 418 est
797 380 904 418 recte
937 392 1022 419 esse
1054 378 1097 420 in
1132 378 1356 434 Hispaniis.
1403 378 1543 420 Minus
1576 379 1681 420 enim
1716 378 1835 420 aude-

73 451 176 499 rent,
209 448 244 490 si
275 448 392 492 aliter
423 454 542 502 esset,
576 455 617 492 et
650 451 818 503 50118111,
852 465 946 492 nam
979 455 1021 493 et
1052 452 1175 494 vicini
1208 456 1248 493 et
1281 452 1494 508 diligentes
1527 457 1635 494 sunt.
1685 451 1834 494 Odium

74 526 209 566 autem
247 527 354 565 recte
396 523 681 566 animadvertis
714 524 984 579 significatum
1015 525 1187 567 theatro.
1237 525 1433 581 Legiones
1466 526 1586 568 etiam
1619 525 1704 577 has,
1739 541 1837 581 quas

72 595 116 639 111
164 595 284 639 Italia
325 597 556 654 assumpsit,
603 598 866 640 alienissimas
908 613 993 640 8558
1036 599 1166 640 video.
1213 599 1289 641 Sed
1332 604 1466 641 tamen
1498 598 1601 640 nihil
1634 599 1837 642 inimicius
1878 614 1892 638 5

73 653 192 726 quafm
224 669 303 712 sibi
334 671 434 727 ipse.
468 671 578 713 Hlud
610 676 716 714 recte
749 671 880 723 times,
915 687 965 714 118
998 677 1102 714 ruat.
1138 673 1180 715 Si
1214 672 1446 728 desperarit,
1481 678 1586 714 certe
1610 679 1712 714 ruet.
1747 673 1838 724 Quo

73 744 200 800 magis
232 744 487 788 efficiendum
521 746 673 802 aliquid
707 750 781 797 est,
815 746 976 788 fortuna
1008 746 1127 788 velim
1160 746 1336 797 meh‘ore,
1365 747 1499 788 animo
1522 746 1724 789 Caeliano.
1760 747 1838 788 Sed

73 818 249 877 primum
292 818 485 874 quidque,
520 818 642 874 quod,
677 818 957 875 qualecunque
991 820 1079 870 erit,
1115 819 1308 861 continuo
1341 819 1455 861 scies.
1494 820 1532 861 7.
1567 820 1653 861 Nos
1685 820 1836 870 iuveni,

73 895 121 934 ut
150 906 281 947 rogas,
316 891 681 947 suppeditabimus,
715 897 756 933 et
789 891 1111 948 Peloppnnesum
1144 892 1272 948 ipsam
1298 891 1601 934 sustinebimus.
1634 892 1709 934 Est
1731 892 1839 934 enim

71 963 246 1016 indoles;
280 965 400 1007 modo
433 965 588 1022 aliquid
631 965 707 1007 hoc
747 966 801 1007 sit
832 956 961 1019 ἦθος
993 966 1020 1008 †
1052 960 1437 1009 AKIMOAON.
1487 966 1607 1018 Quod
1640 966 1674 1006 si
1707 965 1838 1007 adhuc
1858 982 1894 1008 1ο

72 1037 230 1080 nullum
262 1043 336 1090 est,
371 1054 455 1082 esse
487 1044 622 1082 tamen
657 1044 801 1096 potest,
838 1045 909 1081 aut
940 1036 1084 1099 ἁρετὴ
1118 1054 1199 1081 11011
1232 1044 1293 1080 est
1316 1033 1586 1083 διδακτόν.·
1609 1038 1715 1093 quod
1739 1038 1838 1080 mihi

71 1111 303 1167 persuaderi
335 1128 417 1156 non
450 1119 596 1170 potest.

112 1284 152 1316 10
180 1284 484 1318 ΔΔΧΙΔΑΟΝΟΝ
513 1301 561 1306 —-

1502 1320 1541 1374 ’1

72 1435 210 1468 Nullam
233 1436 463 1470 auctoritatem
491 1437 596 1469 citans
620 1436 784 1469 Corradus
805 1436 933 1477 scripsit
956 1442 958 1447 ⁸
1022 1434 1269 1475 Peloponnesum
1291 1435 1387 1476 ipsam
1419 1434 1648 1466 sustinebimus.
1683 1434 1735 1465 eff.
1757 1444 1841 1476 quae

75 1488 113 1521 C.
137 1488 288 1522 Caelium
310 1488 454 1522 Caldum
475 1491 693 1528 consularem,
731 1499 796 1531 quo
819 1489 934 1521 Sullae
955 1455 960 1538 l
982 1488 1216 1529 adscripsimus
1238 1489 1280 1520 ad
1303 1498 1353 1530 ep.
1376 1490 1405 1526 5,
1429 1489 1449 1520 2
1469 1489 1502 1520 h.
1526 1488 1548 1519 l.

76 1545 289 1587 tyrannidem
310 1545 494 1587 impediret,
517 1546 552 1576 in
575 1545 675 1577 Italia
698 1545 826 1576 bellum
848 1545 935 1576 exci-
956 1579 959 1597 ι
1022 1541 1079 1572 Est
1102 1542 1182 1572 enim
1205 1541 1338 1573 indoles.
1364 1542 1497 1574 Indoles
1520 1542 1555 1573 in
1570 1542 1777 1574 adolescente
1794 1549 1841 1574 est

75 1603 170 1637 tasse,
191 1599 348 1640 idemque
370 1599 547 1630 consilium
570 1599 726 1630 adversus
761 1597 935 1630 Caesarem
956 1599 959 1624 1
981 1597 1180 1637 significatio
1203 1598 1364 1638 quaedam
1386 1597 1515 1629 futurae
1538 1597 1678 1634 virtutis,
1702 1602 1738 1628 ut
1761 1597 1839 1628 For-

77 1650 233 1684 Ciceroni
254 1652 383 1684 dedisse
412 1652 575 1684 Atticum.
607 1651 716 1691 Quale
745 1650 843 1683 fuerit
871 1651 935 1683 hoc
980 1651 1120 1682 cellinus
1143 1650 1297 1691 explicat.
1320 1649 1362 1681 cf.
1383 1649 1439 1682 Gr.
1462 1647 1572 1690 φύσις,
1598 1650 1692 1691 Belg.
1716 1651 1842 1692 aanleq.

77 1705 274 1739 Caelianum
297 1711 329 1738 et
351 1707 392 1739 ad
414 1715 516 1748 quem
538 1705 690 1738 Caelium
720 1706 762 1737 sit
794 1705 935 1738 referen-
956 1722 959 1746 Ι
980 1705 1036 1738 Sic
1069 1706 1110 1737 de
1138 1704 1320 1738 Octaviano
1349 1706 1391 1737 ad
1421 1706 1566 1738 Brutum
1597 1706 1624 1738 1.
1659 1707 1697 1737 18
1731 1707 1842 1738 scribit

77 1760 159 1792 dum
180 1759 335 1801 ignorare
356 1769 391 1792 se
413 1759 535 1792 fatetur
547 1758 694 1792 Orellius
706 1758 828 1792 Onom.
844 1759 936 1791 Tull.
957 1789 960 1813 A
981 1760 1112 1793 Cicero:
1155 1759 1286 1791 Videtur
1309 1761 1389 1792 enim
1411 1760 1444 1792 in
1465 1771 1500 1792 eo
1529 1771 1596 1792 esse
1624 1761 1754 1799 indoles,
1787 1762 1845 1793 sed

77 1824 110 1857 p.
132 1815 204 1846 111.
227 1814 393 1847 Corradus
416 1819 528 1847 tamen
551 1814 635 1846 illud
658 1823 725 1846 non
747 1814 857 1852 finxit,
880 1815 937 1846 sed
957 1816 960 1872 ι
970 1814 1128 1856 flexibilis
1149 1817 1251 1846 aetas.
1273 1815 1315 1846 In
1337 1815 1387 1853 iis,
1409 1825 1493 1857 quae
1516 1822 1708 1857 sequuntur,
1721 1814 1847 1857 aliquid

75 1867 259 1909 desumpsit
280 1877 297 1900 e
321 1867 494 1900 Plutarchi
517 1867 633 1908 Pomp.
656 1877 683 1898 0.
707 1866 735 1904 7,
752 1867 809 1908 qui
828 1872 939 1898 narrat
958 1882 961 1924 ἔ
981 1879 1039 1910 pro
1063 1869 1219 1900 adverbio
1242 1869 1331 1910 poni,
1362 1874 1398 1900 ut
1429 1869 1472 1900 sit
1493 1869 1600 1911 aliquo
1623 1869 1723 1908 modo,
1752 1868 1844 1901 Orel-

77 1920 220 1954 Sullano
243 1927 391 1963 tempore
413 1922 569 1954 adversus
592 1921 792 1963 Pompeium
803 1927 868 1954 tres
883 1923 939 1954 du·
959 1931 961 1951 i
983 1921 1048 1952 lius
1071 1922 1212 1953 monuit.
1234 1921 1358 1953 Graeca
1381 1922 1415 1953 in
1438 1922 1531 1953 codd.
1555 1926 1590 1953 ut
1611 1922 1694 1953 solet
1724 1922 1842 1954 misere

78 1984 132 2007 085
154 1975 347 2013 surrexisse,
371 1974 561 2014 (ΒΜ-1111111111,
593 1975 755 2014 Caelium,
777 1977 938 2014 Brutum;
983 1973 1163 2016 depravata
1188 1975 1278 2007 varie
1300 1974 1454 2016 temptari
1482 1982 1631 2016 possunt.
1667 1975 1844 2014 Ingeniose

78 2027 136 2059 sed
157 2037 228 2059 rem
249 2028 338 2060 male
359 2028 526 2060 cecidisse.
985 2025 1132 2058 Cobetus
1141 2027 1366 2068 suspicabatur
1376 2026 1504 2066 Quinto
1515 2020 1714 2064 tribuissaflog
1723 2018 1758 2059 ’A
1765 2024 1846 2072 χίλ-

119 2078 161 2110 Et
184 2079 314 2112 scirent.
337 2080 518 2122 Perperam
539 2081 696 2112 Handius
726 2081 762 2112 in
793 2081 888 2113 Tura
912 2082 940 2113 I.
986 2077 1087 2113 λειον.
1112 2081 1201 2112 Nam
1224 2087 1293 2112 erat
1314 2081 1409 2113 ferox
1433 2087 1465 2114 et
1487 2091 1654 2121 arrogans.
1689 2081 1755 2113 Sed
1777 2092 1845 2113 non

78 2144 110 2176 p.
132 2133 194 2166 268
216 2134 306 2176 expl.
331 2149 345 2161 u
357 2139 390 2167 et
410 2135 439 2166 si
461 2135 558 2167 aliter
585 2134 834 2167 esseseirentfi
875 2135 942 2167 Im-
985 2141 1093 2177 potest
1114 2135 1199 2167 illud
1221 2146 1296 2167 cum
1311 2137 1430 2174 verbis,
1442 2146 1525 2178 quae
1538 2137 1737 2178 praecedunt
1751 2147 1846 2178 quae-

78 2197 134 2219 mo
156 2193 222 2220 est:
248 2188 316 2220 “Et
337 2188 469 2227 scirent,
492 2188 520 2220 51
542 2189 638 2221 aliter
661 2190 782 2221 esset.''
986 2199 1050 2231 que
1065 2194 1250 2232 sequuntur
1264 2191 1444 2228 conciliari,
1463 2190 1527 2222 nisi
1542 2191 1638 2232 plura
1654 2197 1782 2222 mutare
1794 2201 1847 2223 ve-

125 2241 272 2274 Thealro.
295 2241 402 2275 Scrib.
415 2242 450 2274 in
464 2243 604 2274 theatro.
627 2243 742 2275 Verba
753 2243 944 2285 accipienda
984 2241 1037 2273 lis.
1059 2241 1212 2273 Fortasse
1229 2242 1455 2273 scribendum:
1479 2232 1574 2280 ἦθος
1591 2240 1844 2288 ἀνακαμπτέον,

79 2295 120 2327 118
141 2295 248 2327 sibilis
272 2295 327 2327 vel
349 2295 472 2337 frigido
494 2296 623 2338 plausu,
652 2306 720 2338 quo
741 2297 885 2338 populus
907 2297 942 2328 in
974 2297 1124 2338 flexibile
1145 2297 1313 2339 inqenium.

1030 2350 1095 2380 Aut
1117 2347 1221 2393 ἀρετὴ
1246 2360 1307 2380 non
1325 2351 1371 2380 est
1385 2345 1567 2382 διδακτόν.
1593 2349 1642 2382 De
1662 2349 1723 2381 hac
1751 2359 1846 2391 quae-

985 2405 1095 2437 stione
1117 2406 1223 2436 multa
1255 2405 1465 2446 disputarunt
1499 2405 1687 2446 philosophi
1719 2404 1845 2438 Graeci.

984 2459 1124 2501 Saepius
1153 2469 1227 2491 eam
1259 2460 1371 2500 tetigit
1403 2459 1509 2496 Plato,
1539 2460 1686 2491 maxime
1716 2460 1749 2491 in
1778 2460 1846 2491 Me-

78 2513 142 2542 tum
164 2515 197 2543 et
218 2511 356 2544 observa
384 2522 482 2544 usum
514 2512 607 2544 verbi
637 2512 834 2544 absolutum.
876 2513 942 2545 Hic
962 2530 965 2560 Ι
983 2522 1082 2550 110118,
1106 2513 1141 2544 in
1164 2513 1260 2544 cuius
1281 2513 1359 2544 libri
1383 2512 1520 2544 exordio
1543 2513 1675 2553 ponitur
1698 2512 1847 2553 quaestio

78 2563 292 2605 cogitandum
314 2565 356 2597 de
380 2564 662 2597 admonitionibus
685 2570 717 2597 et
739 2565 884 2597 stimulis
901 2567 942 2598 ad
961 2563 964 2603 ἱ
984 2557 1053 2611 ἆρα
1082 2560 1247 2597 διδακτὸν
1277 2563 1296 2600 ἡ
1329 2562 1451 2609 ἀρετὴς

79 2616 247 2650 virtutem.

123 2405 141 2446 ἓ
163 2403 192 2438 7.
215 2404 280 2436 Nos
301 2405 406 2437 iuveni
431 2407 477 2445 (o:
505 2406 547 2445 Q.
565 2405 649 2446 filio)
668 2405 943 2447 suppeditabimus.

80 2457 121 2489 cf.
142 2457 243 2490 XIV.
266 2458 317 2497 20,
339 2459 358 2490 3
383 2457 466 2501 quod
492 2458 637 2490 Ciceroni
658 2459 850 2501 suppeditas,
868 2470 942 2501 yra-

671 2685 816 2728 XHL-
866 2687 932 2740 (A.
973 2689 1019 2730 U.
1057 2690 1100 2730 0.
1137 2689 1256 2744 705.)

145 2802 185 2841 1.
219 2799 402 2856 Epistola
434 2804 506 2841 tua
533 2799 759 2855 gratissima
791 2800 871 2842 fuit
914 2817 1023 2845 meae
1055 2803 1226 2855 Tulliae,
1261 2810 1302 2846 et
1334 2804 1558 2864 mehercule
1592 2805 1705 2846 mihi.
1741 2807 1847 2847 Seni-

81 2888 151 2929 per
192 2874 368 2917 †secum
411 2873 586 2928 aliquam
631 2873 804 2915 afferunt
846 2879 937 2917 tuae
969 2876 1123 2919 literae.
1158 2877 1316 2920 Scribes
1349 2879 1472 2934 igitur
1506 2893 1565 2929 ac,
1599 2879 1633 2920 51
1668 2878 1764 2933 quid
1799 2878 1848 2919 ad

124 3006 145 3037 2
164 3004 290 3047 Semper
310 3014 412 3037 secum
436 3005 546 3047 aliqua
570 3024 609 3029 -

126 3126 146 3166 ξ
167 3126 197 3158 1.
218 3125 343 3168 Semper
363 3127 381 3165 †
401 3135 504 3157 cecum
532 3125 668 3168 aliquam
698 3128 839 3170 afferunt
868 3129 946 3160 tuae
995 3128 1085 3165 sivit,
1111 3128 1170 3159 ubi
1193 3137 1259 3159 non
1284 3133 1378 3160 esset.
1403 3127 1489 3158 Nam
1510 3125 1654 3167 primum
1676 3122 1800 3165 aliquid
1821 3133 1851 3155 v.

58 3187 61 3189 ·
86 3177 211 3211 literae.
242 3178 387 3212 Orellius
410 3178 555 3210 scribens
578 3178 688 3222 aliqua
710 3181 826 3213 vitium
849 3191 943 3223 quae·
970 3217 972 3219 ,
995 3181 1104 3224 aliqua
1127 3182 1243 3223 afferre
1265 3182 1385 3223 exigua
1409 3181 1479 3212 laus
1502 3179 1686 3215 literarum3
1718 3182 1785 3209 tum
1806 3187 1854 3209 -se-
