2062 3565
150 148 231 187 296
550 145 631 186 ΕΡ.
666 143 741 184 AD
774 141 819 183 T.
856 138 1204 183 POMPONIUM
1239 137 1502 180 ATTICUM.

147 282 273 336 magis
318 287 358 322 et
400 279 526 334 magis
570 278 715 332 cogito.
764 276 852 318 Nec
895 275 1002 317 enirn
1047 275 1172 315 Bruto
1218 289 1304 315 meo
1337 273 1518 324 exilium,
1552 278 1598 314 ut
1631 269 1772 314 scribit
1804 271 1906 327 ipse,

148 354 359 395 meditanti
408 351 523 393 video
567 350 665 406 quid
710 349 896 405 prodesse
946 347 1108 403 possim.
1160 346 1363 388 Leonidae
1408 360 1471 387 me
1512 345 1650 387 literae
1696 361 1778 387 non
1811 345 1908 386 satis

148 427 410 468 delectarunt.
459 425 519 466 De
565 423 727 466 Herode
769 422 846 464 tibi
890 421 1098 463 assentior.
1147 421 1297 463 Saufeii
1340 420 1484 475 legisse
1530 419 1685 460 vellem.
1730 420 1817 473 Ego
1862 433 1909 459 ex

148 500 390 555 Pompeiano
426 512 485 540 v1.
519 497 618 540 Idus
651 497 752 538 Mai.
787 495 1027 550 cogitabam.

186 691 204 726 ξ
233 692 263 720 4.
297 688 450 720 Leonidae
482 688 596 718 literae
619 694 651 718 et
672 685 811 717 Herodis
834 685 1003 717 silentium
1028 686 1030 707 l
1057 683 1189 715 Atticus
1225 682 1353 723 aliquid
1387 682 1428 713 ad
1466 691 1541 713 eum
1575 682 1755 722 scripserat,
1792 682 1911 723 legisse

145 743 184 774 de
207 743 320 774 Marco
349 742 429 773 filio.
453 741 502 773 Cf.
527 750 575 782 ep.
601 740 649 778 16,
673 742 701 771 3.
734 740 774 770 In
798 739 907 770 verbis
929 738 1004 768 Sau-
1028 759 1030 781 ἰ
1054 738 1204 769 voluerit.
1237 737 1290 768 Ne
1323 736 1406 767 illud
1428 736 1561 777 quidem
1583 742 1720 774 constat,
1744 746 1843 778 quem
1864 737 1909 769 le-

136 796 205 836 fez'i
234 795 349 837 leyisse
379 794 490 825 vellem
520 794 657 825 dubium
689 799 746 830 est,
780 798 892 824 utrum
915 793 1004 824 illius
1054 791 1140 831 gisse
1163 790 1252 827 velit,
1283 800 1317 821 se
1347 800 1387 820 an
1411 789 1590 821 Herodem.
1620 789 1690 821 Nec
1714 790 1804 821 iuvat
1824 799 1913 821 com-

146 849 299 889 Epicurei
328 848 439 879 literas
466 857 507 878 an
540 847 661 877 librum
697 846 852 886 aliquem,
876 847 916 877 de
939 855 1004 886 quo
1028 818 1033 903 ἱ
1054 846 1178 886 paratio
1202 845 1376 877 verborum
1405 851 1634 886 corruptorum
1657 854 1699 876 ex
1723 844 1802 876 XV.
1827 847 1857 882 4,
1877 845 1908 876 2.

746 996 861 1037 XIX.
928 996 993 1048 (A.
1035 995 1080 1036 U.
1119 996 1160 1036 C.
1198 995 1315 1048 710.)

211 1140 250 1179 1.
295 1137 403 1178 Non.
448 1135 547 1178 Mai.
592 1149 715 1190 quum
760 1149 885 1175 essem
928 1134 970 1175 in
1017 1133 1274 1188 Pompeiano,
1310 1131 1445 1186 accepi
1480 1131 1594 1173 binas
1628 1146 1650 1172 a
1683 1136 1722 1172 te
1755 1131 1907 1183 literas,

147 1212 290 1254 alteras
323 1216 434 1252 sexto
466 1210 545 1261 die,
580 1210 724 1251 alteras
758 1213 914 1264 quarto.
967 1207 1031 1248 Ad
1065 1207 1287 1263 superiores
1320 1205 1446 1260 igitur
1478 1205 1607 1260 prius.
1643 1204 1776 1256 Quam
1808 1204 1911 1245 mihi

145 1285 368 1328 iucundum
402 1289 625 1340 opportune
657 1282 734 1324 tibi
767 1283 994 1324 Barnaeum
1026 1281 1162 1322 literas
1195 1278 1432 1320 reddidisse.
1470 1279 1531 1320 Tu
1565 1293 1656 1319 vero
1691 1292 1782 1319 cum
1815 1277 1910 1319 Cas-

110 1375 122 1399 5
147 1361 220 1412 sio,
255 1364 302 1401 ut
335 1362 478 1400 cetera.
529 1357 661 1410 Quam
696 1355 901 1398 commode
936 1359 1084 1406 autem,
1120 1353 1228 1409 quod
1262 1352 1304 1394 id
1337 1353 1484 1408 ipsum,
1518 1351 1627 1407 quod
1660 1367 1723 1393 me
1758 1365 1908 1402 mones,

149 1433 374 1491 quadriduo
421 1436 512 1472 ante
557 1430 605 1472 ad
652 1445 744 1471 eum
789 1429 1022 1484 scripseram
1068 1426 1374 1482 exemplumque
1408 1440 1587 1467 mearum
1619 1425 1826 1466 literarum
1859 1423 1910 1465 ad

153 1513 189 1549 te
239 1508 436 1549 miseram.
503 1504 581 1546 Sed
625 1519 748 1559 quum
796 1519 843 1544 ex
887 1501 1118 1543 Dolabellae
1151 1497 1330 1560 α’σιτίᾳ
1365 1525 1422 1529 -
1457 1500 1513 1541 sic
1546 1499 1652 1540 enim
1687 1502 1732 1539 tu
1765 1496 1815 1539 ad
1848 1511 1912 1538 me

148 1581 360 1637 scripseras
406 1605 462 1610 —-
512 1593 658 1633 magna
702 1577 978 1633 desperatione
1025 1577 1190 1616 affectus
1239 1589 1381 1626 essem,
1415 1588 1506 1615 ecce
1541 1572 1615 1615 tibi
1648 1577 1689 1614 et
1721 1571 1839 1612 Bruti
1873 1574 1914 1612 et

147 1661 241 1696 tuae
286 1654 438 1695 literae.
489 1653 562 1695 Ille
607 1652 771 1694 exilium
816 1651 1022 1692 meditari:
1068 1665 1141 1691 nos
1171 1653 1304 1691 autem
1338 1648 1462 1690 alium
1495 1653 1651 1704 portum
1687 1644 1912 1702 propiorem

95 1727 242 1769 10111110
288 1728 409 1769 aetati
451 1725 699 1775 videbamus,
745 1725 787 1766 in
822 1739 940 1779 quem
973 1723 1131 1765 mallem
1165 1721 1352 1777 equidem
1387 1720 1551 1777 pervehi
1583 1720 1747 1761 florente
1783 1717 1910 1759 Bruto

149 1806 284 1842 nostro
319 1799 617 1854 constitutaque
650 1814 691 1840 re
726 1796 902 1854 publica.
937 1796 1013 1838 Sed
1049 1810 1157 1837 nuno
1191 1794 1367 1850 quidem,
1404 1799 1449 1835 ut
1482 1791 1636 1844 scribis,
1671 1807 1752 1842 non
1770 1796 1907 1833 utrum

150 1876 222 1917 vis.
257 1874 476 1916 Assentiris
510 1873 614 1914 enim
650 1871 749 1913 mihi
782 1875 958 1912 nostram
993 1874 1163 1910 aetatem
1198 1883 1220 1909 a
1253 1867 1406 1918 castris,
1440 1866 1672 1922 praesertim
1706 1863 1908 1916 civilibus,

150 1947 374 1990 abhorrere.
423 1950 463 1988 22.
498 1946 701 1987 Antonius
735 1943 785 1985 ad
818 1959 880 1985 me
915 1948 1072 1984 tantum
1107 1941 1156 1983 de
1190 1940 1331 1983 Clodio
1357 1940 1573 1996 rescripsit,
1608 1954 1736 1981 meam
1769 1938 1910 1980 lenita-

150 2028 226 2062 tom
274 2027 313 2062 et
357 2021 608 2062 clementiam
650 2026 689 2060 et
735 2017 813 2059 sibi
857 2033 940 2059 esse
985 2022 1139 2072 gratam
1173 2021 1212 2057 et
1246 2014 1345 2056 mihi
1380 2014 1577 2070 voluptati
1612 2027 1778 2068 magnae
1811 2011 1909 2053 fore.

97 2108 128 2133 15
151 2095 228 2136 Sed
278 2096 408 2136 Pansa
453 2094 581 2135 furere
623 2092 780 2134 videtur
825 2091 873 2132 de
917 2089 1058 2132 Clodio
1103 2090 1279 2143 itemque
1323 2087 1372 2128 de
1422 2087 1626 2137 Deiotaro,
1660 2091 1700 2126 et
1732 2085 1910 2140 loquitur

153 2183 297 2227 severe,
333 2168 363 2208 si
401 2167 497 2208 velis
531 2166 704 2207 credere.
750 2164 857 2205 [llud
891 2169 1025 2204 tamen
1061 2178 1140 2203 11011
1175 2161 1290 2210 110110,
1327 2166 1372 2201 ut
1405 2159 1506 2201 mihi
1540 2159 1699 2213 quidem
1735 2158 1909 2210 videtur,

152 2242 257 2297 quod
302 2242 450 2282 factum
494 2239 726 2281 Dolabellae
774 2237 1027 2278 vehementer
1073 2233 1286 2290 improbat.
1334 2235 1375 2274 3.
1419 2233 1478 2274 De
1523 2233 1736 2284 coronatis,
1785 2247 1910 2288 quum

153 2316 297 2355 sororis
329 2320 421 2355 tuae
455 2314 560 2355 filius
594 2329 615 2354 a
649 2318 758 2368 patre
804 2317 1013 2352 accusatus
1047 2313 1163 2358 esset,
1198 2307 1401 2362 rescripsit
1434 2321 1474 2347 se
1503 2320 1688 2347 coronam
1722 2304 1910 2347 habuisse

154 2388 315 2429 honoris
359 2387 539 2428 Caesaris
584 2400 717 2436 causa,
763 2384 943 2440 posuisse
986 2382 1120 2423 luctus
1164 2380 1307 2436 gratia,
1342 2384 1541 2435 postremo
1576 2394 1617 2420 se
1650 2378 1821 2420 libenter
1855 2378 1911 2419 vi-

97 2475 131 2501 20
153 2461 445 2516 tuperationem
490 2458 636 2509 subire,
674 2457 788 2512 quod
823 2461 972 2498 amaret
1006 2455 1126 2497 etiam
1161 2458 1360 2496 mortuum
1396 2453 1620 2494 Caesarem.
1657 2454 1698 2493 4.
1733 2452 1797 2494 Ad
1831 2452 1911 2493 Do·

196 2626 214 2656 6
236 2625 405 2667 quatriduo
426 2643 467 2648 —
489 2625 507 2658 7
530 2623 716 2656 Dolabellae
737 2624 753 2662 †
775 2622 873 2654 alisia
896 2640 935 2646 -

196 2786 213 2823 ξ
241 2784 267 2816 l.
297 2784 396 2821 Quam
418 2795 457 2815 m.
485 2784 663 2815 iucundum.
685 2784 843 2815 Nondum
865 2783 1010 2824 poenitet
1056 2780 1158 2813 literis
1190 2779 1320 2812 Latinis
1352 2779 1422 2811 cod.
1462 2777 1551 2811 Med.
1589 2776 1687 2809 aritia
1720 2777 1822 2809 latere
1855 2775 1912 2808 Gr.

155 2839 233 2876 eius,
257 2840 344 2880 quod
365 2838 478 2880 scripsi
501 2839 541 2870 ad
564 2839 643 2869 V11.
668 2839 716 2876 15,
739 2839 758 2869 2
780 2848 856 2870 cum
878 2838 1009 2868 Mosei-o
1057 2833 1192 2880 ἀσιτίᾳ.
1214 2834 1346 2865 Atticus
1370 2833 1505 2864 fortasse
1528 2832 1638 2863 iocans
1661 2831 1832 2872 scripserat
1855 2829 1911 2860 ali-

154 2892 206 2922 hic
229 2892 462 2932 corrigendum
483 2892 587 2922 videri
610 2891 761 2932 Perquam
777 2903 816 2922 m.
832 2890 1009 2921 iucundum.
1056 2892 1134 2932 quid
1168 2892 1208 2922 de
1244 2890 1436 2921 Dolabellae
1473 2888 1672 2920 abstinentia
1700 2897 1719 2918 a
1751 2887 1849 2924 cibis;
1880 2886 1913 2918 id

194 2945 243 2976 Ex
266 2945 451 2977 Dolabellae
473 2943 606 2989 ἀσιτίᾳ.
637 2944 717 2976 Sola
738 2945 802 2975 fide
824 2943 916 2974 Bosii
940 2953 1009 2974 voe.
1057 2955 1146 2976 nunc
1168 2944 1284 2976 Cicero
1306 2944 1440 2975 simulat
1460 2952 1495 2975 se
1517 2942 1602 2974 serio
1624 2941 1796 2982 accepisse.

155 3011 279 3032 novum
301 2999 420 3047 ἀτισίᾳ
444 3003 545 3043 recipi
567 3013 633 3034 non
656 3002 803 3039 debebat,
827 3001 887 3032 etsi
901 3010 943 3032 ex
958 3001 1008 3039 iis,
1097 2999 1163 3031 Nos
1192 2999 1290 3030 alium
1305 3001 1429 3040 portum
1445 2997 1622 3038 propiorem
1653 2995 1726 3026 huie
1747 2995 1848 3026 aetati
1871 2994 1914 3024 υἱ·

154 3066 236 3097 quae
259 3058 292 3088 in
317 3059 335 3098 ξ
358 3060 375 3089 5
402 3059 551 3099 legimus,
574 3057 788 3089 manifestum
805 3062 854 3088 est
865 3057 1009 3097 potuisse
1055 3052 1211 3093 debamus.
1237 3053 1312 3084 Non
1334 3053 1439 3083 audeo
1461 3052 1632 3087 affirmare,
1655 3053 1767 3079 utrum
1788 3048 1851 3079 hoc
1871 3047 1913 3079 de

154 3109 187 3140 h.
221 3110 242 3140 l.
274 3110 352 3150 poni
387 3121 520 3148 nomen,
541 3120 607 3152 quo
630 3110 828 3142 indicaretur
849 3109 1006 3141 Dolabel·
1055 3112 1171 3144 morte,
1201 3116 1242 3137 an
1271 3107 1311 3138 de
1341 3106 1409 3137 otio
1440 3104 1583 3145 intelligi
1606 3103 1731 3134 debeat.
1761 3101 1913 3133 Moribus

155 3160 220 3192 lam
254 3174 318 3194 11011
350 3173 418 3195 esse
449 3164 617 3195 solvendo.
656 3162 879 3195 verisimilius
904 3167 950 3193 est
974 3162 1006 3192 in
1031 3181 1034 3205 2
1057 3160 1225 3191 Ciceronis
1247 3160 1308 3190 hoo
1332 3165 1443 3191 tamen
1460 3158 1565 3197 magis
1580 3156 1757 3188 convenire
1773 3155 1912 3187 videtur.
