2062 3565
169 149 251 189 316
569 150 652 191 ΕΡ.
689 151 762 191 AD
796 150 841 191 Τ.
877 151 1227 195 POMPONIUM
1261 155 1524 199 ATTIOUM.

165 298 241 337 que
276 284 396 325 etiam
430 284 571 338 scripsi
606 283 656 325 ad
688 286 915 327 Antonium
949 286 997 328 de
1031 287 1245 344 legatione,
1280 305 1345 343 ne,
1380 293 1414 334 si
1447 292 1498 334 ad
1525 293 1776 336 Dolabellam
1801 296 1929 338 solum

165 356 424 411 scripsissem,
471 356 691 398 iracundus
733 357 851 400 homo
886 367 1215 404 commoveretur.
1266 364 1385 416 Quod
1420 371 1553 408 autem
1587 367 1720 409 aditus
1754 368 1803 410 ad
1837 385 1926 411 eum

164 428 363 470 difficilior
407 446 491 472 esse
536 431 700 483 dicitur,
749 434 890 490 scripsi
924 434 974 476 ad
1008 436 1286 492 Eutrapelum,
1322 445 1367 480 ut
1398 440 1433 481 is
1465 441 1502 482 ei
1535 456 1642 484 meas
1673 442 1809 484 literas
1841 443 1928 484 red·

161 501 272 543 deret
304 503 503 558 legatione
539 504 639 546 mihi
673 521 773 561 opus
814 522 914 548 esse.
970 508 1190 551 Honestior
1223 516 1283 552 est
1316 513 1463 564 votiva,
1498 513 1566 555 sed
1599 515 1694 556 licet
1725 516 1787 558 uti
1820 522 1928 559 utra·

127 591 140 615 5
159 589 249 628 que.
297 577 336 615 2.
383 576 443 617 De
483 582 537 628 te,
585 593 748 633 quaeso,
800 580 918 622 etiam
964 587 1083 637 atque
1125 583 1244 624 etiam
1289 585 1392 627 vide.
1445 586 1577 628 Velim
1610 589 1738 643 possis
1771 604 1926 642 coram3

160 648 193 688 si
238 648 371 690 minus
415 652 558 708 possis,
591 652 719 694 literis
753 653 861 695 idem
895 670 1201 711 consequemur,
1257 659 1476 701 Graeceius
1509 660 1559 702 ad
1592 676 1655 703 me
1689 663 1850 719 scripsit
1881 664 1928 706 C.

159 721 343 764 Cassium
395 723 473 765 sibi
525 726 730 782 scripsisse
775 727 958 769 homines
1006 732 1241 785 comparari,
1287 733 1356 788 qui
1406 734 1547 775 armati
1580 734 1623 776 in
1655 735 1928 780 Tusculanum

158 796 427 839 mitterentur.
471 798 519 839 Id
554 800 716 854 quidem
751 801 852 842 mihi
887 802 982 858 (vix)
1018 803 1245 856 videbatur,
1282 807 1351 848 sed
1387 808 1608 850 cavendum
1641 814 1775 851 tamen
1808 811 1834 855 †
1857 811 1927 852 vil-

158 869 297 923 laeque
348 871 481 926 plures
517 873 726 916 videndae.
779 875 857 917 Sed
892 876 1046 933 aliquid
1081 879 1282 922 crastinus
1317 880 1402 923 dies
1436 881 1485 923 ad
1519 883 1776 938 cogitandum
1811 884 1928 926 nobis

108 953 140 978 10
157 942 205 984 de
239 959 285 985 ea
316 959 371 985 re.

198 1107 216 1138 8
239 1107 314 1139 mihi
337 1109 424 1140 haud
444 1109 609 1142 videbatur
631 1128 671 1134 -
694 1112 849 1154 villaeque
871 1114 942 1145 sine
965 1112 1088 1145 indicio
1110 1112 1229 1143 erroris
1250 1129 1290 1134 —

155 1252 226 1279 tum
256 1248 526 1288 additamentum,
556 1255 665 1282 ortum
695 1251 830 1284 fortasse
860 1262 877 1284 e
900 1254 1016 1294 repeti-
1038 1257 1041 1287 ξ
1062 1251 1236 1283 Facillime
1266 1251 1318 1282 vim
1342 1259 1419 1283 ante
1447 1252 1610 1283 videbatur
1633 1253 1761 1294 negligi
1783 1253 1926 1294 potuisse
1961 1249 1965 1252 ’

153 1301 244 1332 tione
266 1301 379 1333 literae
402 1302 460 1339 M„
486 1308 523 1334 ut
547 1303 715 1335 Corradus
737 1305 944 1337 eoniiciebat.
969 1305 1018 1336 Dae
1064 1305 1200 1336 Klotzio
1224 1305 1393 1337 assentior.

153 1364 287 1395 quoque
309 1355 421 1387 abesse
444 1356 571 1388 malim.

199 1408 245 1439 De
266 1409 433 1451 leyatione.
458 1411 507 1442 Cf.
533 1411 631 1443 XIV.
655 1413 695 1444 22
718 1420 804 1444 extr.

1105 1361 1121 1396 †
1151 1358 1179 1388 V
1177 1359 1312 1399 illaeque
1327 1359 1439 1400 plures
1454 1359 1619 1390 videndae.
1635 1360 1802 1392 Victorius
1814 1361 1924 1402 despe-

1062 1412 1155 1443 rabat
1177 1413 1218 1443 de
1240 1412 1361 1443 horum
1374 1413 1552 1444 verborum
1565 1413 1803 1445 emendatione.
1826 1413 1924 1452 Quod

195 1463 366 1505 Leyalione
394 1465 470 1495 mihi
500 1476 576 1506 opus
604 1477 680 1498 esse.
715 1468 807 1499 Haec
831 1468 975 1509 pendent
1001 1478 1018 1498 a

153 1527 181 1547 v.
205 1517 318 1549 literas
351 1523 382 1550 et
405 1520 535 1551 concise
557 1520 676 1551 dicitur
699 1531 772 1561 pro:
799 1521 919 1558 literas,
944 1522 1014 1561 qui·

153 1570 213 1602 bus
236 1572 437 1604 declararem
461 1573 626 1613 legatione
649 1574 730 1605 mihi
754 1585 835 1615 opus
860 1584 938 1606 esse.

193 1624 366 1656 Honestior
395 1628 441 1656 est
464 1627 577 1664 votiva,
610 1638 675 1658 non
699 1637 799 1668 quani
822 1628 934 1666 libera,
957 1629 1013 1660 sed

151 1688 248 1716 quam
272 1678 376 1719 legari
399 1680 439 1710 ad
463 1680 605 1720 aliquem
630 1681 860 1721 magistratum
883 1682 1012 1722 provin-

148 1729 275 1761 cialem.
300 1731 350 1763 Cf.
373 1742 421 1773 ep.
450 1733 497 1769 11,
523 1735 542 1763 4
566 1734 653 1764 unde
676 1734 737 1764 hoc
761 1739 902 1775 apparet.

191 1784 208 1823 ξ
231 1784 261 1814 2.
290 1784 333 1815 De
357 1787 396 1822 le,
419 1796 544 1826 quaeso,
568 1786 663 1817 eliam
684 1789 748 1828 αις.
771 1787 864 1818 etiam
882 1787 952 1818 vide
967 1798 1009 1819 sc.

148 1837 227 1877 quid
249 1837 395 1869 facturus
418 1839 472 1876 sis,
500 1840 646 1880 possisne
670 1846 740 1872 tuto
763 1841 798 1872 in
826 1842 904 1872 urbe
931 1851 1010 1878 esse,

147 1900 188 1921 an
212 1891 278 1922 alio
301 1893 391 1924 abire
412 1893 543 1925 debeas.
569 1894 739 1926 Manutius
761 1895 842 1926 haec
862 1895 948 1927 male
964 1896 1012 1926 in-

147 1950 349 1986 terpretatur.

190 1999 370 2033 Graeceius.
416 2003 516 2034 Hunc
547 2004 646 2036 fuisse
681 2005 776 2036 Bruti
811 2004 1010 2036 familiarem

145 2052 316 2093 colligitur
339 2065 381 2086 ex
403 2056 495 2087 Fam.
521 2056 584 2088 XI.
610 2057 637 2094 7,
664 2058 677 2087 1
704 2064 736 2089 et
760 2058 809 2095 12,
834 2059 862 2088 1.

188 2106 229 2137 Id
256 2109 375 2149 quidem
399 2110 474 2141 mihi
504 2111 678 2142 videbatur.
704 2112 882 2144 Manifesto
906 2113 1010 2153 requi-

1064 1464 1184 1495 Bosius
1208 1465 1390 1506 temptavit,
1415 1465 1594 1497 editoribus
1622 1465 1738 1498 ceteris
1757 1466 1836 1497 satis
1857 1466 1924 1507 pla-

1063 1519 1167 1550 cuisse
1199 1519 1337 1550 videtur.
1375 1518 1434 1549 Est
1458 1524 1567 1550 tamen
1591 1519 1780 1550 absurdum.
1804 1519 1832 1550 E
1854 1529 1922 1550 cor-

1062 1573 1188 1614 ruptela
1212 1573 1288 1603 libri
1311 1573 1398 1604 Med.
1422 1575 1456 1603 uc
1478 1573 1535 1603 ille
1562 1583 1620 1615 que
1635 1573 1746 1614 plures
1768 1573 1922 1604 videndae

1060 1626 1214 1667 equidem
1235 1626 1296 1656 hoc
1320 1626 1440 1657 efficio:
1466 1628 1499 1656 ul
1521 1625 1582 1663 illi,
1606 1627 1656 1656 cui
1670 1627 1769 1667 fieres
1781 1627 1922 1658 timendi.

1109 1679 1276 1709 Crastinus
1298 1678 1375 1710 dies.
1401 1678 1452 1709 Ex
1477 1678 1528 1709 his
1551 1678 1659 1710 verbis
1675 1678 1842 1711 Gruberus
1857 1689 1922 1711 me-

1060 1733 1122 1764 rito
1152 1733 1336 1774 suspicatur
1364 1733 1449 1763 hanc
1481 1732 1653 1774 epistolam
1675 1734 1827 1775 scriptam
1851 1744 1921 1766 esse

1059 1786 1163 1827 pridie
1196 1786 1273 1817 Kal.
1307 1786 1392 1824 Iun„
1430 1786 1577 1827 adeoque
1609 1792 1684 1817 ante
1718 1796 1799 1824 eam,
1837 1797 1921 1828 quae

1059 1841 1161 1881 vulgo
1183 1841 1281 1872 huius
1305 1840 1380 1871 libri
1402 1846 1496 1872 sexta
1518 1841 1706 1872 collocatur.

1102 1895 1150 1926 De
1173 1906 1210 1926 ea
1234 1906 1277 1926 re.
1301 1895 1375 1926 Hoc
1397 1896 1534 1926 debetur
1556 1895 1666 1926 Bosio.
1697 1896 1737 1927 In
1761 1896 1850 1927 Med.
1873 1903 1920 1927 est

1058 1951 1147 1988 clare,
1171 1951 1260 1991 quod
1283 1961 1348 1981 non
1372 1950 1481 1981 minus
1503 1949 1592 1981 favet.
1606 1950 1701 1981 alteri
1715 1950 1919 1988 correctioni,

1059 2015 1158 2045 quam
1188 2004 1332 2035 Ursinus
1356 2010 1513 2045 tanquam
1536 2013 1553 2044 e
1576 2010 1640 2035 vet.
1665 2004 1749 2035 libro
1771 2006 1919 2046 protulit,

1036 2079 1037 2101 1
1059 2056 1156 2087 dabit.
1189 2057 1383 2088 Tunstallus
1414 2066 1462 2097 ep.
1493 2057 1563 2088 crit.
1588 2067 1617 2097 p.
1641 2056 1679 2087 65
1704 2057 1814 2088 neseio
1837 2066 1937 2099 quos

1034 2114 1037 2124 ⁴
1060 2110 1238 2141 versiculos
1269 2110 1355 2141 male
1386 2116 1530 2141 tornatos
1564 2110 1597 2141 in
1620 2109 1671 2140 his
1695 2110 1795 2141 latere
1817 2111 1918 2152 suspi-

147 2159 232 2190 ritur
265 2163 408 2201 negatio.
444 2163 525 2194 Pius
558 2174 629 2201 nou,
660 2164 714 2197 Or.
749 2165 837 2195 haud
858 2165 1008 2196 inseruit.
1057 2165 1202 2195 cabatur.

770 2271 847 2312 IX.
916 2273 980 2323 (A.
1023 2272 1067 2311 U.
1108 2273 1148 2311 c.
1188 2272 1304 2324 710.)

217 2386 249 2423 Ι.
299 2397 363 2425 [11.
881 2385 1004 2427 Balbo
1056 2384 1233 2427 redditae
1267 2385 1366 2426 mihi
1401 2385 1538 2427 literae
1574 2386 1655 2427 fore
1690 2388 1823 2429 Nonis
1856 2404 1914 2429 se-

140 2467 295 2507 natum,
334 2467 377 2498 ut
416 2458 566 2499 Brutus
600 2459 641 2499 in
679 2460 788 2510 Asia,
819 2460 981 2501 Cassius
1015 2461 1057 2501 in
1092 2460 1229 2502 Sicilia
1264 2461 1507 2501 frumentum
1544 2460 1758 2502 emendum
1792 2466 1832 2502 et
1864 2461 1913 2503 ad

142 2529 282 2571 urbem
335 2531 577 2572 mittendum
631 2538 830 2574 curarent.
886 2534 922 2574 O
972 2549 1053 2575 rem
1104 2534 1308 2575 miseram!
1355 2534 1527 2589 primum
1575 2533 1696 2575 ullam
1725 2534 1775 2576 ab
1808 2535 1913 2585 istis,

107 2618 118 2639 ⁵
141 2602 250 2653 dein,
298 2603 331 2643 si
372 2603 560 2658 aliquam,
612 2605 715 2647 hanc
749 2606 981 2661 legatoriam
1021 2607 1287 2662 provinciam!
1326 2608 1460 2661 Atque
1496 2606 1603 2648 haud
1637 2607 1718 2648 scio
1752 2622 1802 2648 an
1835 2623 1914 2649 me-

413 2385 551 2425 Nonas
597 2386 746 2440 vesperi
800 2402 818 2426 a

183 2770 198 2798 5
225 2768 412 2800 locator-iam
439 2788 479 2792 —

181 2917 243 2956 §L
267 2916 461 2958 Leyatoriauz
469 2917 676 2958 provinciam.
698 2919 782 2956 Hoc,
794 2921 882 2960 quod
894 2920 928 2951 in
940 2930 1007 2951 0112.
1027 2921 1030 2939 ¹
1055 2921 1158 2951 Bruto
1190 2926 1222 2951 et
1258 2921 1378 2952 Cassio.
1403 2921 1453 2952 Cf.
1477 2930 1526 2961 ep.
1553 2920 1608 2950 10:
1634 2918 1834 2949 Frumentum
1857 2919 1912 2949 inc-

137 2970 234 3001 nibus
258 2969 351 3001 libris
371 2970 498 3011 seriptis
511 2975 638 3011 praeter
652 2972 765 3003 fictum
780 2972 1006 3004 Crusellinum
1045 2977 1195 3013 ponere(
1226 2983 1305 3013 quae
1334 2975 1380 3003 est
1411 2973 1480 3003 alia
1502 2971 1614 3002 Dionis
1634 2971 1780 3012 Ζεμαίίο.ρ
1802 2971 1911 3012 Suspi-

136 3024 311 3055 inveutum
333 3029 390 3061 est,
407 3025 441 3055 in
467 3023 647 3055 locator-iam
666 3026 859 3065 provinciam
878 3033 1005 3059 mutare
1023 3045 1026 3078 Ι
1050 3038 1106 3058 cor
1137 3034 1246 3059 tamen
1277 3028 1486 3059 scribendum
1516 3036 1585 3058 esse
1620 3026 1817 3066 nuyaloriam
1837 3036 1910 3066 pro·

136 3077 239 3113 nolui,
263 3077 324 3107 etsi
357 3077 397 3107 de
427 3076 533 3108 forma
556 3083 587 3108 et
609 3087 672 3108 usu
695 3079 849 3110 adiectivi
871 3080 986 3110 dubito

135 3130 224 3161 Mitti
248 3130 289 3161 ad
311 3130 513 3161 frumentum
537 3132 714 3163 emendum
730 3138 798 3164 erat
816 3134 999 3174 negotium,
1022 3127 1024 3132 ’

1022 3084 1025 3125 ξ
1050 3081 1193 3112 vinciam.

1090 3134 1190 3175 Atque
1213 3134 1300 3164 lmml
1321 3134 1386 3164 scio
1408 3153 1447 3157 -
1463 3134 1571 3164 sedere
1584 3143 1617 3163 o:
1633 3132 1784 3163 Fortasse
1800 3138 1909 3163 tamen

137 3183 222 3224 quo-d
253 3194 270 3214 a
294 3183 403 3224 legato
416 3184 539 3226 optime
553 3185 659 3216 curari
673 3192 807 3227 poterat,
823 3187 999 3227 indignum
1020 3191 1021 3221 1
1047 3187 1165 3220 melius
1190 3186 1249 3218 erit
1273 3187 1376 3219 Bruto
1401 3193 1432 3218 et
1456 3185 1569 3218 Cassio
1593 3184 1909 3228 tale111p1‘0·=·inciam
