2062 3565
705 160 813 203 LIB.
848 161 965 203 XVI.
1002 161 1085 204 ΕΡ.
1123 166 1162 204 2.
1199 166 1240 204 3.
1766 167 1852 205 :349

88 297 179 339 misi
210 295 301 338 tibi.
345 295 558 338 Custodies
592 296 730 351 igitur,
764 302 811 339 ut
843 298 959 350 soles,
995 299 1063 340 scd
1098 303 1289 341 notentur
1322 299 1524 355 eclogarii,
1560 315 1659 354 quos
1693 299 1852 341 Salvius

90 369 215 411 bonos
259 368 462 410 auditores
494 375 637 411 nactus
670 370 713 411 in
747 371 930 413 convivio
965 371 1176 415 dumtaxat
1208 373 1329 429 legat.
1382 373 1486 414 Mihi
1520 372 1634 415 valde
1669 373 1852 429 placent3

87 442 244 485 mallem
279 442 371 485 tibi.
406 443 541 485 Etiam
575 449 693 499 atque
727 445 847 486 etiam
882 445 982 487 vale.

85 618 115 650 p.
139 608 180 640 14
200 608 344 650 potuerit
364 609 516 641 dubitare
548 610 588 641 de
611 610 707 641 solita
729 611 862 642 vetandi
884 611 947 643 for-

85 652 175 694 mufa
207 674 247 694 ne
280 681 320 686 —
351 663 507 702 habueris,
538 672 570 696 et
602 665 674 696 eius
714 665 787 696 loco
819 676 875 696 nec
907 685 947 690 -

84 716 230 748 habueris
252 726 443 758 proponere,
466 728 532 749 non
556 718 719 759 intelligo.

126 771 144 810 ξ
168 770 196 801 6.
221 769 316 802 Domo
339 770 454 802 mittito
476 781 511 802 o:
535 771 680 812 aliquem
704 781 746 803 ex
765 772 828 803 tuis
841 773 943 804 tabel-

85 824 205 856 larium
228 825 360 856 mittito.

121 869 390 920 Ἡρακλειὸεἷον.
416 878 465 911 Cf.
489 880 530 911 ad
553 879 632 911 XV.
655 881 684 918 4,
709 881 738 911 3.

123 935 186 968 Sed
206 939 353 969 notentur
375 938 536 980 ecloqarz'i.
560 939 676 980 Neque
699 939 868 979 passivum
889 949 944 969 no-

88 993 204 1030 tentur,
227 1002 289 1024 nec
311 1002 394 1034 quae
415 998 601 1034 sequuntur
614 1003 740 1034 quos-
753 993 849 1034 leqal,
861 1002 945 1033 quae

89 1045 189 1076 verba
222 1050 331 1087 aperte
363 1056 440 1077 cum
473 1047 524 1078 his
553 1047 740 1084 cohaerent,
774 1047 888 1078 sinunt
911 1051 946 1077 ut

88 1097 270 1139 eclogarios
306 1098 339 1130 h.
375 1100 396 1130 l.
434 1105 641 1141 excerptores
677 1100 742 1131 dici
782 1106 944 1141 put-emus.

993 611 1140 645 Omnino
1170 614 1385 645 statuendum
1414 624 1490 645 cum
1524 613 1711 654 Mongaltio
1733 613 1853 654 ectoya-

992 665 1057 696 rios
1087 676 1131 697 sc.
1162 666 1250 697 locos
1273 667 1432 708 appellari
1464 666 1596 707 eclogas
1618 666 1671 698 vel
1696 666 1783 698 locos
1807 667 1853 697 in-

992 719 1164 760 signiores,
1188 730 1272 762 quae
1294 722 1471 762 explicatio
1493 721 1626 762 egregie
1639 722 1855 752 confirmatur

992 773 1043 804 his
1067 774 1174 805 verbis
1197 784 1238 805 ex
1262 775 1355 816 epist.
1382 776 1430 813 ll,
1456 776 1483 813 l,
1506 783 1591 816 quae
1613 775 1654 806 ad
1668 775 1756 806 idem
1771 784 1853 816 opus

991 828 1032 859 de
1064 827 1180 860 Gloria
1209 830 1368 870 respicere
1399 830 1569 861 videntur:
1600 829 1748 860 Nostrum
1778 839 1854 870 opus

991 879 1048 910 tibi
1061 880 1194 920 probari
1214 881 1337 918 laet0r;
1361 892 1398 912 ez
1422 893 1480 924 qao
1503 876 1596 917 ἄνθη
1620 882 1688 923 ipsa
1709 881 1853 922 posuisti,

990 947 1069 978 qaae
1091 938 1166 968 milii
1176 939 1371 979 florentiora
1392 942 1465 970 sunt
1490 940 1557 971 visa
1580 943 1633 971 Iao
1655 941 1784 972 iudicio.

1033 989 1073 1021 In
1109 991 1247 1023 convivio
1280 1010 1321 1016 —-
1353 993 1439 1034 ἱεραί
1474 1003 1542 1026 ‘sex
1577 1004 1668 1026 inore
1690 999 1851 1026 veterum.

991 1043 1080 1075 Plin.
1116 1045 1241 1086 Paneg.
1270 1047 1321 1078 49.
1352 1047 1433 1089 Epp.
1463 1048 1530 1079 ΙΙΙ.
1562 1049 1575 1078 l
1601 1048 1651 1088 (8)
1675 1054 1707 1080 et
1730 1050 1747 1079 5
1772 1049 1851 1090 (ll).

990 1100 1136 1132 Martial.
1159 1102 1221 1133 IV.
1245 1102 1297 1133 85⁹
1320 1101 1465 1134 Gronov.

153 1322 191 1364 l.
233 1322 295 1364 Tu
335 1337 428 1364 vero
469 1322 670 1379 sapienter
718 1348 775 1352 -—
810 1336 918 1363 nunc
953 1321 1114 1364 demum
1148 1324 1255 1366 enim
1288 1324 1463 1367 rescribo
1496 1326 1546 1368 iis
1579 1327 1719 1379 literis,
1754 1344 1853 1384 quas

87 1395 187 1437 mihi
230 1395 376 1438 misisti
422 1401 620 1438 convento
666 1396 845 1438 Antonio
888 1395 1030 1437 Tiburi
1075 1421 1130 1425 —
1166 1399 1366 1453 sapienter
1398 1400 1536 1454 igitur,
1571 1401 1677 1456 quod
1711 1417 1852 1444 manus

87 1469 235 1511 dedisti
274 1469 460 1526 quodque
502 1471 623 1512 etiam
665 1470 768 1511 ultro
801 1470 950 1525 gratias
983 1470 1115 1525 egisti.
1167 1471 1283 1513 Certe
1317 1473 1438 1524 enim,
1475 1480 1518 1515 ut
1552 1473 1707 1526 scribis,
1742 1474 1851 1517 dese-

85 1559 217 1586 remur
257 1545 370 1587 ocius
411 1561 434 1587 a
481 1560 522 1587 re
566 1544 729 1601 publica
774 1559 893 1599 quam
941 1559 963 1584 a
1007 1559 1047 1584 re
1097 1544 1296 1587 familiari.
1349 1546 1468 1599 Quod
1514 1563 1603 1590 vero
1637 1546 1778 1590 scribis
1810 1553 1850 1589 te

86 1618 212 1673 magis
256 1618 296 1660 et
331 1619 458 1675 magis
498 1619 688 1660 delectari
722 1633 748 1659 o
781 1619 915 1659 Tiri:
952 1631 1002 1659 51
1035 1632 1173 1664 QVID
1208 1633 1324 1671 EGO,
1359 1635 1481 1676 auges
1517 1621 1615 1662 mihi
1650 1620 1851 1663 scribendi
1893 1659 1899 1666 ,

85 1690 346 1734 alacritatem.
395 1692 516 1745 Quod
556 1693 719 1734 Erotem
763 1706 845 1733 non
890 1691 976 1732 51110
1011 1692 1250 1733 munusculo
1284 1698 1512 1749 exspectare
1546 1694 1660 1746 (11015,
1694 1694 1850 1750 gaudeo

83 1779 166 1806 non
197 1765 384 1808 fefellisse
417 1781 503 1808 eam
537 1781 621 1807 rem
654 1765 883 1821 opinionem
917 1769 1043 1815 tuam,
1079 1764 1147 1805 sed
1182 1770 1317 1808 tamen
1341 1766 1447 1808 idem
1470 1766 1740 1828 σύνταγμα
1758 1769 1850 1810 111151

83 1838 134 1880 ad
176 1844 216 1880 te
255 1841 525 1890 retractatius,
568 1845 608 1880 et
648 1838 811 1894 quidem
855 1835 1144 1897 ἀρχέτυπον
1184 1839 1317 1895 ipsum
1361 1840 1511 1882 crebris
1542 1841 1641 1883 locis
1673 1842 1849 1883 inculca—

81 1917 168 1954 tum
202 1917 243 1954 et
274 1913 481 1954 refectum.
518 1913 640 1954 Hunc
672 1916 720 1953 tn
751 1911 942 1952 tralatum
978 1911 1022 1952 in
1055 1911 1337 1953 macrocollum
1370 1912 1457 1968 lege
1491 1929 1635 1956 arcano
1670 1915 1848 1956 convivis

81 1986 178 2036 tuis,
229 1985 312 2036 sed,
359 1986 393 2027 si
435 2001 498 2027 me
542 2000 665 2036 amas,
708 1984 848 2044 hilaris
889 1988 929 2024 et
972 1982 1073 2025 bene
1119 1985 1307 2040 acceptis,
1341 2001 1392 2027 110
1425 1987 1468 2028 111
1501 2002 1564 2028 me
1597 1988 1847 2030 stomachum

123 2165 142 2195 2
163 2163 333 2205 sapienter.
357 2163 450 2194 Nune
459 2186 536 2194 .....
563 2162 678 2195 Tiburi.
699 2161 867 2202 Sapienter
889 2181 929 2185 —
951 2163 969 2192 5
986 2161 1095 2203 potius
1120 2179 1159 2185 —-

121 2325 140 2366 ξ
163 2325 191 2358 1.
217 2324 262 2356 Τιι
283 2335 356 2357 vero
377 2324 536 2366 sapienter
558 2343 600 2348 —
621 2334 704 2355 nane
728 2324 885 2355 demum..
960 2313 962 2323 ’
982 2320 1101 2353 nititur
1123 2321 1173 2363 (in
1196 2322 1285 2354 Med.
1309 2329 1359 2353 est
1370 2322 1480 2362 otius),
1496 2329 1640 2355 mentem
1654 2325 1762 2356 Attici
1778 2335 1845 2357 001·-

82 2382 187 2414 1ϊόιιι·ι“
209 2402 252 2407 ——
271 2383 431 2424 sapienter
452 2382 551 2422 iyitar
573 2386 634 2413 cet.
657 2382 712 2412 Ita
732 2381 936 2421 distinguen-
981 2384 1134 2416 rumpere
1167 2375 1327 2413 videatur,
1361 2375 1426 2407 nisi
1462 2385 1539 2408 cum
1573 2377 1715 2409 Ernesto
1750 2388 1842 2420 seqq.

78 2438 159 2469 dum
181 2446 250 2469 esse
279 2437 402 2468 docent
428 2435 564 2477 plurimi
595 2435 670 2472 1001,
693 2436 751 2466 ubi
773 2435 936 2466 sententia
958 2465 959 2485 Χ
980 2431 1174 2468 transponas
1203 2438 1223 2458 a
1252 2437 1288 2458 re
1301 2427 1470 2468 familiari
1498 2440 1589 2471 quam
1612 2441 1631 2460 a
1654 2441 1688 2462 re
1703 2430 1844 2471 publiea,

79 2491 152 2523 aliis
177 2491 287 2524 verbis
318 2492 499 2532 interrupta
520 2491 618 2531 plane
640 2491 758 2522 eodem
777 2491 935 2522 instaura.
957 2501 959 2519 ⁴
980 2481 1070 2521 quod
1091 2491 1194 2522 quam
1217 2482 1428 2513 temerarium
1459 2483 1502 2514 sit
1529 2491 1672 2525 apparet.
1708 2484 1842 2516 Atticus

78 2550 132 2576 tm.
152 2545 262 2576 modo,
980 2535 1168 2576 scripserat:
1205 2536 1356 2567 Antonio
1377 2537 1470 2574 cessi,
1504 2538 1660 2579 quoniam
1690 2539 1843 2570 videbam

122 2596 212 2639 Quod
238 2608 349 2629 manus
375 2596 493 2628 dedisti
518 2607 551 2628 0:
585 2597 672 2638 quod
694 2596 845 2628 Antonio
867 2607 933 2627 110„
956 2637 957 2643 ἵ
980 2589 1068 2629 prius
1092 2598 1162 2620 rem
1189 2600 1220 2631 p.
1243 2590 1434 2631 perituram,
1459 2601 1559 2632 quam
1575 2602 1635 2622 nos
1649 2592 1842 2623 destitutum

77 2650 234 2690 restitisti,
263 2652 321 2683 sed
353 2652 423 2682 eius
454 2650 620 2682 voluntati
646 2649 792 2690 paruisti.
817 2648 866 2681 Cf.
887 2649 934 2680 II.
980 2644 1020 2675 iri
1043 2645 1138 2676 bonis
1163 2646 1293 2677 nostris.

77 2703 127 2743 22,
149 2705 178 2736 2.
200 2704 333 2736 Atticus
355 2704 489 2745 insuper
511 2703 632 2744 gratias
645 2709 757 2743 egerat
771 2703 933 2740 Antonio,

76 2756 130 2797 qui
140 2756 223 2798 finis
243 2756 374 2788 omnium
398 2767 464 2788 cum
491 2755 671 2787 dominante
693 2765 875 2794 sermonum,
898 2761 933 2787 ut

77 2811 189 2842 scribit
216 2810 352 2842 Tacitus
380 2811 462 2842 Ann
504 2809 602 2841 XIV.
626 2809 676 2840 56.
707 2809 743 2840 Si
764 2809 934 2850 quaeritur

77 2872 142 2904 qua
173 2864 214 2895 de
236 2872 271 2895 re
293 2869 420 2904 agatur,
444 2863 493 2894 nil
514 2862 634 2894 melius
657 2862 724 2893 vidi
746 2862 932 2903 suspicione

76 2914 225 2948 Schutzii
246 2916 339 2957 tangi
350 2915 527 2947 consilium
539 2915 578 2946 L.
592 2915 734 2946 Antonii
748 2916 932 2957 occupandi

76 2969 265 3007 Tusculani,
300 2969 357 3000 sed
378 2968 534 3010 parcendi
557 2968 658 3000 villae
680 2967 859 3000 Ciceronis.
881 2968 931 3000 Cf.
952 2966 955 2973 “

75 3021 154 3053 XV.
177 3023 206 3061 8,
229 3023 249 3054 2
270 3027 302 3054 et
323 3022 373 3060 12,
395 3024 424 3054 2.

116 3074 302 3107 Deseremur
320 3075 414 3107 ocius.
438 3075 535 3107 Redii
557 3075 802 3117 adscripturam
819 3077 932 3108 editio-

75 3139 158 3161 num
179 3135 256 3162 ante
277 3130 465 3162 Victorium
487 3134 520 3162 et
541 3129 736 3163 aLambino
749 3132 931 3173 probatam,

77 3192 183 3224 quum
198 3183 316 3224 potius,
339 3184 428 3224 quod
438 3183 533 3214 nulla
554 3183 632 3215 libri
652 3184 717 3216 Ms.
740 3185 932 3218 auctoritate

1022 2698 1048 2728 O
1072 2698 1141 2730 Tite
1169 2699 1198 2730 si
1220 2700 1296 2742 quid
1319 2709 1373 2740 eqo
1395 2710 1429 2732 o:
1460 2701 1546 2732 libro
1571 2710 1644 2733 meo
1667 2703 1707 2732 de
1730 2711 1839 2734 senee—

955 2772 956 2776 =
980 2756 1059 2790 tute,
1082 2753 1176 2784 cuius
1197 2753 1260 2785 hoc
1283 2759 1332 2785 est
1354 2754 1498 2785 initium.

1020 2803 1106 2836 Idem
1135 2803 1318 2851 σύνταγμα
1350 2807 1390 2838 (10
1418 2806 1541 2844 Gloria,
1574 2812 1610 2837 ut
1639 2813 1772 2847 apparet
1793 2816 1836 2838 ex

977 2862 1070 2904 epist.
1093 2863 1113 2894 2
1134 2868 1217 2896 extr.

1019 2915 1227 2949 Inculcatum.
1257 2918 1353 2950 Nove
1375 2918 1499 2950 dictum
1534 2924 1566 2950 et
1589 2918 1659 2949 sine
1682 2918 1835 2960 exemplo

977 2979 1035 3011 pro
1058 2974 1182 3004 auctum
1205 2973 1258 3004 vel
1280 2974 1476 3003 exornatum.

1023 3022 1184 3056 Pralatum
1208 3026 1241 3056 in
1264 3026 1490 3057 macrocollum.
1507 3026 1555 3058 Cf.
1572 3027 1612 3057 ad
1625 3025 1726 3057 x111.
1739 3026 1788 3064 25,
1805 3027 1833 3058 3.

1018 3076 1067 3108 Ne
1098 3078 1132 3109 in
1164 3090 1210 3110 me
1242 3078 1431 3109 stomachum
1461 3081 1635 3120 erumpant.
1668 3078 1835 3120 Erumpere

954 3151 955 3154 ,
977 3131 1149 3164 transitive
1170 3133 1295 3164 (lictum
1324 3141 1384 3173 pro
1405 3133 1546 3164 emittere
1568 3133 1707 3164 illustrat
1732 3132 1832 3165 Gron.

954 3214 955 3218 ,
977 3185 1018 3216 ad
1040 3185 1113 3217 Liv.
1137 3186 1309 3218 XXXVI.
1332 3185 1361 3225 7,
1385 3186 1433 3216 13.

1870 1933 1904 1958 10
