<?xml version="1.0" encoding="UTF-8"?>
<!DOCTYPE html PUBLIC "-//W3C//DTD XHTML 1.0 Transitional//EN"
    "http://www.w3.org/TR/xhtml1/DTD/xhtml1-transitional.dtd">
<html xmlns="http://www.w3.org/1999/xhtml" xml:lang="en" lang="en">
 <head>
  <title>
</title>
<meta http-equiv="Content-Type" content="text/html;charset=utf-8" />
  <meta name='ocr-system' content='tesseract 3.04.00' />
  <meta name='ocr-capabilities' content='ocr_page ocr_carea ocr_par ocr_line ocrx_word'/>
</head>
<body>
  <div class='ocr_page' id='page_1' title='image "./epistolarumadtpo02ciceuoft_0069.png"; bbox 0 0 2062 3565; ppageno 0'>
   <div class='ocr_carea' id='block_1_1' title="bbox 750 186 1830 228">
    <p class='ocr_par' dir='ltr' id='par_1_1' title="bbox 750 186 1830 228">
     <span class='ocr_line' id='line_1_1' title="bbox 750 186 1830 228; baseline -0.004 -2"><span class='ocrx_word' id='word_1_1' title='bbox 750 186 853 226; x_wconf 82' lang='lat' dir='ltr'>LIB.</span> <span class='ocrx_word' id='word_1_2' title='bbox 890 187 964 227; x_wconf 70' lang='grc' dir='ltr'>’[Χ.</span> <span class='ocrx_word' id='word_1_3' title='bbox 1007 187 1084 228; x_wconf 76' lang='grc' dir='ltr'>ΕΡ.</span> <span class='ocrx_word' id='word_1_4' title='bbox 1124 189 1161 227; x_wconf 88' lang='grc'>7.</span> <span class='ocrx_word' id='word_1_5' title='bbox 1777 190 1830 225; x_wconf 71' lang='grc' dir='ltr'><strong>ι’)ε)</strong></span> 
     </span>
    </p>
   </div>
   <div class='ocr_carea' id='block_1_2' title="bbox 69 320 1830 451">
    <p class='ocr_par' dir='ltr' id='par_1_2' title="bbox 69 320 1830 451">
     <span class='ocr_line' id='line_1_2' title="bbox 69 320 1829 377; baseline -0.001 -14"><span class='ocrx_word' id='word_1_6' title='bbox 69 322 197 363; x_wconf 75' lang='lat' dir='ltr'>tulum</span> <span class='ocrx_word' id='word_1_7' title='bbox 247 324 315 361; x_wconf 81' lang='lat' dir='ltr'>aut</span> <span class='ocrx_word' id='word_1_8' title='bbox 365 320 599 376; x_wconf 82' lang='lat' dir='ltr'>Pompeium</span> <span class='ocrx_word' id='word_1_9' title='bbox 646 323 776 363; x_wconf 84' lang='lat' dir='ltr'>futura</span> <span class='ocrx_word' id='word_1_10' title='bbox 813 327 959 371; x_wconf 82' lang='lat' dir='ltr'>essent,</span> <span class='ocrx_word' id='word_1_11' title='bbox 995 337 1163 377; x_wconf 82' lang='lat' dir='ltr'>quorum</span> <span class='ocrx_word' id='word_1_12' title='bbox 1201 323 1391 364; x_wconf 67' lang='lat' dir='ltr'>beneficia</span> <span class='ocrx_word' id='word_1_13' title='bbox 1427 323 1597 363; x_wconf 66' lang='lat' dir='ltr'>:maxima</span> <span class='ocrx_word' id='word_1_14' title='bbox 1633 322 1829 374; x_wconf 75' lang='lat' dir='ltr'>haberem,</span> 
     </span>
     <span class='ocr_line' id='line_1_3' title="bbox 69 392 1830 451; baseline 0 -15"><span class='ocrx_word' id='word_1_15' title='bbox 69 393 224 448; x_wconf 78' lang='lat' dir='ltr'><strong>sibique</strong></span> <span class='ocrx_word' id='word_1_16' title='bbox 257 392 354 434; x_wconf 80' lang='lat' dir='ltr'>satis</span> <span class='ocrx_word' id='word_1_17' title='bbox 387 407 471 434; x_wconf 85' lang='lat' dir='ltr'>esse</span> <span class='ocrx_word' id='word_1_18' title='bbox 505 393 622 444; x_wconf 81' lang='lat' dir='ltr'>dixit,</span> <span class='ocrx_word' id='word_1_19' title='bbox 657 395 690 434; x_wconf 81' lang='lat' dir='ltr'>si</span> <span class='ocrx_word' id='word_1_20' title='bbox 723 399 884 449; x_wconf 84' lang='lat' dir='ltr'>togatus</span> <span class='ocrx_word' id='word_1_21' title='bbox 918 394 1071 435; x_wconf 83' lang='lat' dir='ltr'>urbana</span> <span class='ocrx_word' id='word_1_22' title='bbox 1115 395 1244 436; x_wconf 79' lang='lat' dir='ltr'>officia</span> <span class='ocrx_word' id='word_1_23' title='bbox 1285 395 1361 436; x_wconf 83' lang='lat' dir='ltr'>sibi</span> <span class='ocrx_word' id='word_1_24' title='bbox 1396 395 1695 450; x_wconf 77' lang='lat' dir='ltr'>praestitissem,</span> <span class='ocrx_word' id='word_1_25' title='bbox 1730 410 1830 451; x_wconf 81' lang='lat' dir='ltr'>quae</span> 
     </span>
    </p>
   </div>
   <div class='ocr_carea' id='block_1_3' title="bbox 17 465 1831 530">
    <p class='ocr_par' dir='ltr' id='par_1_3' title="bbox 17 465 1831 530">
     <span class='ocr_line' id='line_1_4' title="bbox 17 465 1831 530; baseline 0 -21"><span class='ocrx_word' id='word_1_26' title='bbox 17 517 30 530; x_wconf 41' lang='lat' dir='ltr'><em>l</em></span> <span class='ocrx_word' id='word_1_27' title='bbox 68 467 186 509; x_wconf 80' lang='lat' dir='ltr'>etiam</span> <span class='ocrx_word' id='word_1_28' title='bbox 219 465 314 517; x_wconf 83' lang='lat' dir='ltr'>illis,</span> <span class='ocrx_word' id='word_1_29' title='bbox 349 467 382 508; x_wconf 88' lang='lat' dir='ltr'>si</span> <span class='ocrx_word' id='word_1_30' title='bbox 417 466 572 517; x_wconf 90' lang='lat' dir='ltr'>vellem,</span> <span class='ocrx_word' id='word_1_31' title='bbox 606 473 806 522; x_wconf 84' lang='lat' dir='ltr'>praestare</span> <span class='ocrx_word' id='word_1_32' title='bbox 841 483 1011 523; x_wconf 80' lang='lat' dir='ltr'>possem.</span> <span class='ocrx_word' id='word_1_33' title='bbox 1047 468 1189 523; x_wconf 75' lang='lat' dir='ltr'>ltaque</span> <span class='ocrx_word' id='word_1_34' title='bbox 1224 483 1332 510; x_wconf 87' lang='lat' dir='ltr'>nunc</span> <span class='ocrx_word' id='word_1_35' title='bbox 1367 470 1514 510; x_wconf 75' lang='lat' dir='ltr'>Romae</span> <span class='ocrx_word' id='word_1_36' title='bbox 1549 469 1683 510; x_wconf 86' lang='lat' dir='ltr'>omnia</span> <span class='ocrx_word' id='word_1_37' title='bbox 1714 484 1831 523; x_wconf 71' lang='lat' dir='ltr'>nego-</span> 
     </span>
    </p>
   </div>
   <div class='ocr_carea' id='block_1_4' title="bbox 65 538 1885 1250">
    <p class='ocr_par' dir='ltr' id='par_1_4' title="bbox 65 538 1885 1250">
     <span class='ocr_line' id='line_1_5' title="bbox 66 538 1831 597; baseline -0.001 -15"><span class='ocrx_word' id='word_1_38' title='bbox 66 540 124 582; x_wconf 76' lang='lat' dir='ltr'>tia</span> <span class='ocrx_word' id='word_1_39' title='bbox 155 538 320 580; x_wconf 79' lang='lat' dir='ltr'>Lentuli</span> <span class='ocrx_word' id='word_1_40' title='bbox 352 553 537 594; x_wconf 78' lang='lat' dir='ltr'>procum,</span> <span class='ocrx_word' id='word_1_41' title='bbox 557 540 750 590; x_wconf 74' lang='lat' dir='ltr'><strong>sustineo,</strong></span> <span class='ocrx_word' id='word_1_42' title='bbox 769 555 980 595; x_wconf 85' lang='lat' dir='ltr'>meumque</span> <span class='ocrx_word' id='word_1_43' title='bbox 1004 541 1192 591; x_wconf 80' lang='lat' dir='ltr'>officium,</span> <span class='ocrx_word' id='word_1_44' title='bbox 1218 541 1350 591; x_wconf 79' lang='lat' dir='ltr'>tidem,</span> <span class='ocrx_word' id='word_1_45' title='bbox 1376 541 1565 596; x_wconf 85' lang='lat' dir='ltr'>pietatem</span> <span class='ocrx_word' id='word_1_46' title='bbox 1587 542 1638 583; x_wconf 83' lang='lat' dir='ltr'>iis</span> <span class='ocrx_word' id='word_1_47' title='bbox 1662 548 1831 597; x_wconf 83' lang='lat' dir='ltr'>praesto.</span> 
     </span>
     <span class='ocr_line' id='line_1_6' title="bbox 67 612 1885 670; baseline -0.002 -14"><span class='ocrx_word' id='word_1_48' title='bbox 67 612 165 669; x_wconf 66' lang='lat' dir='ltr'>Sed,</span> <span class='ocrx_word' id='word_1_49' title='bbox 177 612 403 654; x_wconf 85' lang='lat' dir='ltr'>mehercule</span> <span class='ocrx_word' id='word_1_50' title='bbox 439 627 575 653; x_wconf 77' lang='lat' dir='ltr'>rursus</span> <span class='ocrx_word' id='word_1_51' title='bbox 609 612 688 653; x_wconf 83' lang='lat' dir='ltr'>iam</span> <span class='ocrx_word' id='word_1_52' title='bbox 733 612 929 654; x_wconf 81' lang='lat' dir='ltr'>abiectam</span> <span class='ocrx_word' id='word_1_53' title='bbox 965 614 1266 668; x_wconf 70' lang='lat' dir='ltr'>compositionis</span> <span class='ocrx_word' id='word_1_54' title='bbox 1300 630 1410 669; x_wconf 86' lang='lat' dir='ltr'>spem</span> <span class='ocrx_word' id='word_1_55' title='bbox 1444 630 1525 656; x_wconf 87' lang='lat' dir='ltr'>nou</span> <span class='ocrx_word' id='word_1_56' title='bbox 1560 615 1832 670; x_wconf 82' lang='lat' dir='ltr'>(lesperatissi-</span> <span class='ocrx_word' id='word_1_57' title='bbox 1873 628 1885 652; x_wconf 82' lang='grc'><em>-·,.</em></span> 
     </span>
     <span class='ocr_line' id='line_1_7' title="bbox 66 685 1832 742; baseline 0 -14"><span class='ocrx_word' id='word_1_58' title='bbox 66 700 171 728; x_wconf 82' lang='lat' dir='ltr'>mam</span> <span class='ocrx_word' id='word_1_59' title='bbox 204 700 288 727; x_wconf 87' lang='lat' dir='ltr'>esse</span> <span class='ocrx_word' id='word_1_60' title='bbox 322 689 434 740; x_wconf 89' lang='lat' dir='ltr'>puto,</span> <span class='ocrx_word' id='word_1_61' title='bbox 469 685 658 740; x_wconf 87' lang='lat' dir='ltr'>quoniam</span> <span class='ocrx_word' id='word_1_62' title='bbox 694 685 840 726; x_wconf 82' lang='lat' dir='ltr'>Caesar</span> <span class='ocrx_word' id='word_1_63' title='bbox 873 691 933 726; x_wconf 82' lang='lat' dir='ltr'>est</span> <span class='ocrx_word' id='word_1_64' title='bbox 966 701 1011 727; x_wconf 87' lang='lat' dir='ltr'>ea</span> <span class='ocrx_word' id='word_1_65' title='bbox 1046 692 1194 736; x_wconf 87' lang='lat' dir='ltr'>mente,</span> <span class='ocrx_word' id='word_1_66' title='bbox 1228 702 1308 741; x_wconf 89' lang='lat' dir='ltr'>qua</span> <span class='ocrx_word' id='word_1_67' title='bbox 1342 692 1478 742; x_wconf 81' lang='lat' dir='ltr'>opta-re</span> <span class='ocrx_word' id='word_1_68' title='bbox 1503 686 1708 728; x_wconf 77' lang='lat' dir='ltr'>debemus,</span> <span class='ocrx_word' id='word_1_69' title='bbox 1746 688 1832 729; x_wconf 86' lang='lat' dir='ltr'>llac</span> 
     </span>
     <span class='ocr_line' id='line_1_8' title="bbox 67 757 1829 814; baseline 0 -13"><span class='ocrx_word' id='word_1_70' title='bbox 67 773 106 801; x_wconf 88' lang='lat' dir='ltr'>re</span> <span class='ocrx_word' id='word_1_71' title='bbox 147 757 246 800; x_wconf 86' lang='lat' dir='ltr'>mihi</span> <span class='ocrx_word' id='word_1_72' title='bbox 288 758 430 814; x_wconf 89' lang='lat' dir='ltr'>placet,</span> <span class='ocrx_word' id='word_1_73' title='bbox 472 758 504 799; x_wconf 87' lang='lat' dir='ltr'>si</span> <span class='ocrx_word' id='word_1_74' title='bbox 549 758 624 799; x_wconf 91' lang='lat' dir='ltr'>tibi</span> <span class='ocrx_word' id='word_1_75' title='bbox 658 758 831 808; x_wconf 88' lang='lat' dir='ltr'>videtur,</span> <span class='ocrx_word' id='word_1_76' title='bbox 867 765 904 799; x_wconf 76' lang='lat' dir='ltr'>te</span> <span class='ocrx_word' id='word_1_77' title='bbox 939 758 987 799; x_wconf 84' lang='lat' dir='ltr'>ad</span> <span class='ocrx_word' id='word_1_78' title='bbox 1023 773 1112 799; x_wconf 86' lang='lat' dir='ltr'>eum</span> <span class='ocrx_word' id='word_1_79' title='bbox 1147 758 1317 800; x_wconf 86' lang='lat' dir='ltr'>scribere</span> <span class='ocrx_word' id='word_1_80' title='bbox 1352 767 1392 800; x_wconf 88' lang='lat' dir='ltr'>et</span> <span class='ocrx_word' id='word_1_81' title='bbox 1425 759 1474 801; x_wconf 87' lang='lat' dir='ltr'>ab</span> <span class='ocrx_word' id='word_1_82' title='bbox 1507 774 1554 799; x_wconf 90' lang='lat' dir='ltr'>eo</span> <span class='ocrx_word' id='word_1_83' title='bbox 1588 759 1829 814; x_wconf 81' lang='lat' dir='ltr'>praesidium</span> 
     </span>
     <span class='ocr_line' id='line_1_9' title="bbox 67 831 1831 888; baseline 0.001 -16"><span class='ocrx_word' id='word_1_84' title='bbox 67 835 212 888; x_wconf 85' lang='lat' dir='ltr'>petere,</span> <span class='ocrx_word' id='word_1_85' title='bbox 246 836 294 872; x_wconf 90' lang='lat' dir='ltr'>ut</span> <span class='ocrx_word' id='word_1_86' title='bbox 328 831 462 886; x_wconf 89' lang='lat' dir='ltr'>petisti</span> <span class='ocrx_word' id='word_1_87' title='bbox 497 846 517 872; x_wconf 88' lang='lat' dir='ltr'>a</span> <span class='ocrx_word' id='word_1_88' title='bbox 553 832 744 886; x_wconf 88' lang='lat' dir='ltr'>Pompeio</span> <span class='ocrx_word' id='word_1_89' title='bbox 778 846 839 871; x_wconf 90' lang='lat' dir='ltr'>me</span> <span class='ocrx_word' id='word_1_90' title='bbox 873 831 1034 886; x_wconf 87' lang='lat' dir='ltr'>quidem</span> <span class='ocrx_word' id='word_1_91' title='bbox 1072 831 1317 887; x_wconf 69' lang='lat' dir='ltr'>approbante</span> <span class='ocrx_word' id='word_1_92' title='bbox 1361 832 1609 887; x_wconf 72' lang='lat' dir='ltr'>temporibus</span> <span class='ocrx_word' id='word_1_93' title='bbox 1644 832 1831 874; x_wconf 82' lang='lat' dir='ltr'>Milonia-</span> 
     </span>
     <span class='ocr_line' id='line_1_10' title="bbox 66 903 1827 960; baseline 0.001 -15"><span class='ocrx_word' id='word_1_94' title='bbox 66 904 142 946; x_wconf 88' lang='lat' dir='ltr'>nis.</span> <span class='ocrx_word' id='word_1_95' title='bbox 186 903 417 953; x_wconf 89' lang='lat' dir='ltr'>Praestabo,</span> <span class='ocrx_word' id='word_1_96' title='bbox 465 904 498 944; x_wconf 83' lang='lat' dir='ltr'>si</span> <span class='ocrx_word' id='word_1_97' title='bbox 539 904 746 945; x_wconf 84' lang='lat' dir='ltr'>Caesarem</span> <span class='ocrx_word' id='word_1_98' title='bbox 792 903 892 944; x_wconf 86' lang='lat' dir='ltr'>bene</span> <span class='ocrx_word' id='word_1_99' title='bbox 927 904 1033 954; x_wconf 89' lang='lat' dir='ltr'>novi,</span> <span class='ocrx_word' id='word_1_100' title='bbox 1068 919 1159 945; x_wconf 88' lang='lat' dir='ltr'>eum</span> <span class='ocrx_word' id='word_1_101' title='bbox 1195 905 1304 959; x_wconf 85' lang='lat' dir='ltr'>prius</span> <span class='ocrx_word' id='word_1_102' title='bbox 1337 910 1429 946; x_wconf 87' lang='lat' dir='ltr'>tuae</span> <span class='ocrx_word' id='word_1_103' title='bbox 1464 904 1676 959; x_wconf 72' lang='lat' dir='ltr'>dignitatis</span> <span class='ocrx_word' id='word_1_104' title='bbox 1709 920 1827 960; x_wconf 84' lang='lat' dir='ltr'>quam</span> 
     </span>
     <span class='ocr_line' id='line_1_11' title="bbox 66 976 1882 1033; baseline 0.001 -15"><span class='ocrx_word' id='word_1_105' title='bbox 66 991 159 1019; x_wconf 85' lang='lat' dir='ltr'>suae</span> <span class='ocrx_word' id='word_1_106' title='bbox 192 976 384 1018; x_wconf 84' lang='lat' dir='ltr'>utilitatis</span> <span class='ocrx_word' id='word_1_107' title='bbox 417 978 613 1018; x_wconf 87' lang='lat' dir='ltr'>rationem</span> <span class='ocrx_word' id='word_1_108' title='bbox 650 977 896 1018; x_wconf 86' lang='lat' dir='ltr'>habiturum.</span> <span class='ocrx_word' id='word_1_109' title='bbox 934 979 975 1018; x_wconf 78' lang='lat'>3.</span> <span class='ocrx_word' id='word_1_110' title='bbox 1017 979 1125 1018; x_wconf 83' lang='lat' dir='ltr'>llaec</span> <span class='ocrx_word' id='word_1_111' title='bbox 1160 993 1278 1031; x_wconf 83' lang='lat' dir='ltr'>quam</span> <span class='ocrx_word' id='word_1_112' title='bbox 1314 978 1532 1033; x_wconf 85' lang='lat' dir='ltr'>prudenter</span> <span class='ocrx_word' id='word_1_113' title='bbox 1566 976 1642 1019; x_wconf 90' lang='lat' dir='ltr'>tibi</span> <span class='ocrx_word' id='word_1_114' title='bbox 1661 977 1830 1019; x_wconf 85' lang='lat' dir='ltr'>scribam</span> <span class='ocrx_word' id='word_1_115' title='bbox 1852 995 1882 1020; x_wconf 72' lang='grc' dir='ltr'>ιο</span> 
     </span>
     <span class='ocr_line' id='line_1_12' title="bbox 65 1049 1830 1105; baseline -0.002 -12"><span class='ocrx_word' id='word_1_116' title='bbox 65 1051 212 1101; x_wconf 81' lang='lat' dir='ltr'>nescio,</span> <span class='ocrx_word' id='word_1_117' title='bbox 248 1049 318 1091; x_wconf 86' lang='lat' dir='ltr'>sed</span> <span class='ocrx_word' id='word_1_118' title='bbox 351 1049 452 1091; x_wconf 89' lang='lat' dir='ltr'>illud</span> <span class='ocrx_word' id='word_1_119' title='bbox 487 1055 594 1091; x_wconf 89' lang='lat' dir='ltr'>certe</span> <span class='ocrx_word' id='word_1_120' title='bbox 626 1050 709 1090; x_wconf 82' lang='lat' dir='ltr'>scio</span> <span class='ocrx_word' id='word_1_121' title='bbox 742 1064 804 1090; x_wconf 88' lang='lat' dir='ltr'>me</span> <span class='ocrx_word' id='word_1_122' title='bbox 838 1049 889 1091; x_wconf 89' lang='lat' dir='ltr'>ab</span> <span class='ocrx_word' id='word_1_123' title='bbox 923 1050 1117 1105; x_wconf 78' lang='lat' dir='ltr'>singulari</span> <span class='ocrx_word' id='word_1_124' title='bbox 1151 1066 1283 1092; x_wconf 84' lang='lat' dir='ltr'>amore</span> <span class='ocrx_word' id='word_1_125' title='bbox 1318 1066 1363 1092; x_wconf 88' lang='lat' dir='ltr'>ac</span> <span class='ocrx_word' id='word_1_126' title='bbox 1397 1050 1687 1100; x_wconf 84' lang='lat' dir='ltr'>benevolentia,</span> <span class='ocrx_word' id='word_1_127' title='bbox 1712 1065 1830 1105; x_wconf 87' lang='lat' dir='ltr'>quae-</span> 
     </span>
     <span class='ocr_line' id='line_1_13' title="bbox 65 1121 1828 1179; baseline -0.001 -14"><span class='ocrx_word' id='word_1_128' title='bbox 65 1137 222 1179; x_wconf 90' lang='lat' dir='ltr'>cunque</span> <span class='ocrx_word' id='word_1_129' title='bbox 257 1121 401 1172; x_wconf 88' lang='lat' dir='ltr'>scribo,</span> <span class='ocrx_word' id='word_1_130' title='bbox 435 1122 512 1164; x_wconf 88' lang='lat' dir='ltr'>tibi</span> <span class='ocrx_word' id='word_1_131' title='bbox 546 1121 738 1173; x_wconf 77' lang='lat' dir='ltr'>scribere3</span> <span class='ocrx_word' id='word_1_132' title='bbox 775 1122 881 1176; x_wconf 88' lang='lat' dir='ltr'>quod</span> <span class='ocrx_word' id='word_1_133' title='bbox 915 1127 953 1163; x_wconf 92' lang='lat' dir='ltr'>te</span> <span class='ocrx_word' id='word_1_134' title='bbox 989 1147 1045 1152; x_wconf 87' lang='lat'>——</span> <span class='ocrx_word' id='word_1_135' title='bbox 1080 1122 1137 1164; x_wconf 91' lang='lat' dir='ltr'>ita</span> <span class='ocrx_word' id='word_1_136' title='bbox 1170 1123 1363 1164; x_wconf 88' lang='lat' dir='ltr'>incolumi</span> <span class='ocrx_word' id='word_1_137' title='bbox 1385 1124 1552 1164; x_wconf 77' lang='lat' dir='ltr'>Caesare</span> <span class='ocrx_word' id='word_1_138' title='bbox 1576 1123 1744 1164; x_wconf 87' lang='lat' dir='ltr'>moriar!</span> <span class='ocrx_word' id='word_1_139' title='bbox 1773 1147 1828 1152; x_wconf 96' lang='lat'><strong>—</strong></span> 
     </span>
     <span class='ocr_line' id='line_1_14' title="bbox 65 1194 1828 1250; baseline -0.002 -11"><span class='ocrx_word' id='word_1_140' title='bbox 65 1196 168 1239; x_wconf 78' lang='lat' dir='ltr'>tanti</span> <span class='ocrx_word' id='word_1_141' title='bbox 201 1195 319 1246; x_wconf 86' lang='lat' dir='ltr'>facio,</span> <span class='ocrx_word' id='word_1_142' title='bbox 343 1202 399 1245; x_wconf 53' lang='lat' dir='ltr'>‚ut</span> <span class='ocrx_word' id='word_1_143' title='bbox 432 1209 580 1250; x_wconf 87' lang='lat' dir='ltr'>paucos</span> <span class='ocrx_word' id='word_1_144' title='bbox 613 1209 737 1250; x_wconf 86' lang='lat' dir='ltr'>aeque</span> <span class='ocrx_word' id='word_1_145' title='bbox 771 1209 817 1236; x_wconf 89' lang='lat' dir='ltr'>ac</span> <span class='ocrx_word' id='word_1_146' title='bbox 850 1200 889 1236; x_wconf 89' lang='lat' dir='ltr'>te</span> <span class='ocrx_word' id='word_1_147' title='bbox 924 1209 1035 1236; x_wconf 83' lang='lat' dir='ltr'>caros</span> <span class='ocrx_word' id='word_1_148' title='bbox 1069 1194 1252 1236; x_wconf 85' lang='lat' dir='ltr'>habeam.</span> <span class='ocrx_word' id='word_1_149' title='bbox 1287 1195 1347 1237; x_wconf 88' lang='lat' dir='ltr'>De</span> <span class='ocrx_word' id='word_1_150' title='bbox 1371 1195 1446 1237; x_wconf 84' lang='lat' dir='ltr'>hac</span> <span class='ocrx_word' id='word_1_151' title='bbox 1470 1211 1510 1237; x_wconf 89' lang='lat' dir='ltr'>re</span> <span class='ocrx_word' id='word_1_152' title='bbox 1530 1210 1653 1249; x_wconf 87' lang='lat' dir='ltr'>quum</span> <span class='ocrx_word' id='word_1_153' title='bbox 1677 1194 1828 1249; x_wconf 86' lang='lat' dir='ltr'>aliquid</span> 
     </span>
    </p>
   </div>
   <div class='ocr_carea' id='block_1_5' title="bbox 24 1267 1828 1323">
    <p class='ocr_par' dir='ltr' id='par_1_5' title="bbox 24 1267 1828 1323">
     <span class='ocr_line' id='line_1_15' title="bbox 24 1267 1828 1323; baseline -0.002 -11"><span class='ocrx_word' id='word_1_154' title='bbox 24 1282 25 1285; x_wconf 77' lang='grc'>’</span> <span class='ocrx_word' id='word_1_155' title='bbox 65 1269 334 1319; x_wconf 86' lang='lat' dir='ltr'>constitueris,</span> <span class='ocrx_word' id='word_1_156' title='bbox 370 1268 489 1310; x_wconf 89' lang='lat' dir='ltr'>velim</span> <span class='ocrx_word' id='word_1_157' title='bbox 522 1267 623 1309; x_wconf 86' lang='lat' dir='ltr'>mihi</span> <span class='ocrx_word' id='word_1_158' title='bbox 657 1267 822 1309; x_wconf 83' lang='lat' dir='ltr'>scribas.</span> <span class='ocrx_word' id='word_1_159' title='bbox 869 1269 974 1309; x_wconf 87' lang='lat' dir='ltr'>Nam</span> <span class='ocrx_word' id='word_1_160' title='bbox 1010 1283 1090 1309; x_wconf 89' lang='lat' dir='ltr'>non</span> <span class='ocrx_word' id='word_1_161' title='bbox 1124 1268 1376 1309; x_wconf 83' lang='lat' dir='ltr'>mediocriter</span> <span class='ocrx_word' id='word_1_162' title='bbox 1408 1267 1544 1309; x_wconf 88' lang='lat' dir='ltr'>laboro</span> <span class='ocrx_word' id='word_1_163' title='bbox 1581 1274 1623 1309; x_wconf 87' lang='lat' dir='ltr'>ut</span> <span class='ocrx_word' id='word_1_164' title='bbox 1655 1269 1828 1323; x_wconf 86' lang='lat' dir='ltr'>utrique,</span> 
     </span>
    </p>
   </div>
   <div class='ocr_carea' id='block_1_6' title="bbox 6 1340 1881 1399">
    <p class='ocr_par' dir='ltr' id='par_1_6' title="bbox 6 1340 1881 1399">
     <span class='ocr_line' id='line_1_16' title="bbox 6 1340 1881 1399; baseline -0.001 -15"><span class='ocrx_word' id='word_1_165' title='bbox 6 1357 22 1399; x_wconf 60' lang='lat' dir='ltr'>j</span> <span class='ocrx_word' id='word_1_166' title='bbox 65 1346 111 1384; x_wconf 87' lang='lat' dir='ltr'>ut</span> <span class='ocrx_word' id='word_1_167' title='bbox 143 1342 216 1393; x_wconf 87' lang='lat' dir='ltr'>vis,</span> <span class='ocrx_word' id='word_1_168' title='bbox 250 1347 361 1384; x_wconf 90' lang='lat' dir='ltr'>tuam</span> <span class='ocrx_word' id='word_1_169' title='bbox 395 1341 715 1383; x_wconf 84' lang='lat' dir='ltr'>benevolentiam</span> <span class='ocrx_word' id='word_1_170' title='bbox 750 1347 948 1396; x_wconf 85' lang='lat' dir='ltr'>praesta-re</span> <span class='ocrx_word' id='word_1_171' title='bbox 995 1341 1136 1396; x_wconf 84' lang='lat' dir='ltr'>possis,</span> <span class='ocrx_word' id='word_1_172' title='bbox 1172 1356 1290 1395; x_wconf 81' lang='lat' dir='ltr'>quam</span> <span class='ocrx_word' id='word_1_173' title='bbox 1326 1340 1550 1382; x_wconf 82' lang='lat' dir='ltr'>mehercule</span> <span class='ocrx_word' id='word_1_174' title='bbox 1584 1346 1623 1382; x_wconf 89' lang='lat' dir='ltr'>te</span> <span class='ocrx_word' id='word_1_175' title='bbox 1658 1347 1881 1397; x_wconf 75' lang='lat' dir='ltr'>praesta-15</span> 
     </span>
    </p>
   </div>
   <div class='ocr_carea' id='block_1_7' title="bbox 19 1414 694 1457">
    <p class='ocr_par' dir='ltr' id='par_1_7' title="bbox 19 1414 694 1457">
     <span class='ocr_line' id='line_1_17' title="bbox 19 1414 694 1457; baseline -0.004 0"><span class='ocrx_word' id='word_1_176' title='bbox 19 1415 25 1418; x_wconf 76' lang='grc'><strong>’</strong></span> <span class='ocrx_word' id='word_1_177' title='bbox 63 1419 197 1457; x_wconf 88' lang='lat' dir='ltr'>turum</span> <span class='ocrx_word' id='word_1_178' title='bbox 231 1415 402 1457; x_wconf 88' lang='lat' dir='ltr'>confido.</span> <span class='ocrx_word' id='word_1_179' title='bbox 438 1415 517 1456; x_wconf 82' lang='lat' dir='ltr'>Fac</span> <span class='ocrx_word' id='word_1_180' title='bbox 551 1414 694 1456; x_wconf 82' lang='lat' dir='ltr'>valeas.</span> 
     </span>
    </p>
   </div>
   <div class='ocr_carea' id='block_1_8' title="bbox 1299 1465 1359 1511">
    <p class='ocr_par' dir='ltr' id='par_1_8' title="bbox 1299 1465 1359 1511">
     <span class='ocr_line' id='line_1_18' title="bbox 1299 1465 1359 1511; baseline 0 -41"><span class='ocrx_word' id='word_1_181' title='bbox 1299 1465 1359 1511; x_wconf 41' lang='lat'>3-</span> 
     </span>
    </p>
   </div>
   <div class='ocr_carea' id='block_1_9' title="bbox 7 1576 1830 1681">
    <p class='ocr_par' dir='ltr' id='par_1_9' title="bbox 7 1576 1830 1681">
     <span class='ocr_line' id='line_1_19' title="bbox 7 1576 1830 1625; baseline -0.001 -15"><span class='ocrx_word' id='word_1_182' title='bbox 7 1576 22 1612; x_wconf 34' lang='grc' dir='ltr'>,ξ</span> <span class='ocrx_word' id='word_1_183' title='bbox 65 1580 248 1613; x_wconf 80' lang='lat' dir='ltr'>subiectum</span> <span class='ocrx_word' id='word_1_184' title='bbox 270 1580 427 1625; x_wconf 78' lang='lat' dir='ltr'>infinitivi</span> <span class='ocrx_word' id='word_1_185' title='bbox 448 1581 478 1609; x_wconf 80' lang='lat' dir='ltr'>te</span> <span class='ocrx_word' id='word_1_186' title='bbox 504 1584 561 1616; x_wconf 87' lang='lat' dir='ltr'>est,</span> <span class='ocrx_word' id='word_1_187' title='bbox 595 1579 684 1619; x_wconf 86' lang='lat' dir='ltr'>quod</span> <span class='ocrx_word' id='word_1_188' title='bbox 706 1587 802 1619; x_wconf 80' lang='lat' dir='ltr'>saepe</span> <span class='ocrx_word' id='word_1_189' title='bbox 825 1579 922 1610; x_wconf 86' lang='lat' dir='ltr'>omit·</span> <span class='ocrx_word' id='word_1_190' title='bbox 944 1589 947 1624; x_wconf 63' lang='lat'><em>3</em></span> <span class='ocrx_word' id='word_1_191' title='bbox 970 1588 1031 1610; x_wconf 74' lang='lat' dir='ltr'>res.</span> <span class='ocrx_word' id='word_1_192' title='bbox 1054 1579 1155 1620; x_wconf 89' lang='lat' dir='ltr'>Apud</span> <span class='ocrx_word' id='word_1_193' title='bbox 1178 1578 1374 1610; x_wconf 83' lang='lat' dir='ltr'>Ciceronem</span> <span class='ocrx_word' id='word_1_194' title='bbox 1396 1588 1462 1610; x_wconf 86' lang='lat' dir='ltr'>non</span> <span class='ocrx_word' id='word_1_195' title='bbox 1487 1578 1610 1609; x_wconf 85' lang='lat' dir='ltr'>inveni.</span> <span class='ocrx_word' id='word_1_196' title='bbox 1634 1578 1720 1609; x_wconf 85' lang='lat' dir='ltr'>Nam</span> <span class='ocrx_word' id='word_1_197' title='bbox 1743 1579 1830 1619; x_wconf 78' lang='lat' dir='ltr'>quod</span> 
     </span>
     <span class='ocr_line' id='line_1_20' title="bbox 16 1630 1828 1681; baseline -0.001 -17"><span class='ocrx_word' id='word_1_198' title='bbox 16 1670 22 1681; x_wconf 25' lang='grc' dir='ltr'>ἱ</span> <span class='ocrx_word' id='word_1_199' title='bbox 67 1632 153 1665; x_wconf 80' lang='lat' dir='ltr'>titur.</span> <span class='ocrx_word' id='word_1_200' title='bbox 179 1632 218 1664; x_wconf 81' lang='lat' dir='ltr'>Ut</span> <span class='ocrx_word' id='word_1_201' title='bbox 232 1632 332 1674; x_wconf 76' lang='lat' dir='ltr'>sera-5</span> <span class='ocrx_word' id='word_1_202' title='bbox 354 1637 411 1670; x_wconf 86' lang='lat' dir='ltr'>est,</span> <span class='ocrx_word' id='word_1_203' title='bbox 435 1641 474 1664; x_wconf 79' lang='lat' dir='ltr'>ea</span> <span class='ocrx_word' id='word_1_204' title='bbox 496 1632 570 1672; x_wconf 84' lang='lat' dir='ltr'>lege</span> <span class='ocrx_word' id='word_1_205' title='bbox 594 1636 631 1662; x_wconf 89' lang='lat' dir='ltr'>ut</span> <span class='ocrx_word' id='word_1_206' title='bbox 654 1649 694 1654; x_wconf 86' lang='lat'>—-</span> <span class='ocrx_word' id='word_1_207' title='bbox 717 1630 811 1662; x_wconf 82' lang='lat' dir='ltr'>feras.</span> <span class='ocrx_word' id='word_1_208' title='bbox 970 1634 1138 1665; x_wconf 80' lang='lat' dir='ltr'>adducunt</span> <span class='ocrx_word' id='word_1_209' title='bbox 1159 1642 1177 1664; x_wconf 90' lang='lat' dir='ltr'>e</span> <span class='ocrx_word' id='word_1_210' title='bbox 1199 1632 1292 1664; x_wconf 85' lang='lat' dir='ltr'>Fam.</span> <span class='ocrx_word' id='word_1_211' title='bbox 1314 1632 1415 1665; x_wconf 90' lang='lat' dir='ltr'>XIII.</span> <span class='ocrx_word' id='word_1_212' title='bbox 1441 1633 1489 1670; x_wconf 87' lang='lat'>10,</span> <span class='ocrx_word' id='word_1_213' title='bbox 1513 1633 1541 1663; x_wconf 90' lang='lat'>1.</span> <span class='ocrx_word' id='word_1_214' title='bbox 1571 1631 1657 1663; x_wconf 74' lang='lat' dir='ltr'>Satis</span> <span class='ocrx_word' id='word_1_215' title='bbox 1683 1642 1828 1663; x_wconf 81' lang='lat' dir='ltr'>commen-</span> 
     </span>
    </p>
   </div>
   <div class='ocr_carea' id='block_1_10' title="bbox 107 1684 1830 1728">
    <p class='ocr_par' dir='ltr' id='par_1_10' title="bbox 107 1684 1830 1728">
     <span class='ocr_line' id='line_1_21' title="bbox 107 1684 1830 1728; baseline -0.002 -10"><span class='ocrx_word' id='word_1_216' title='bbox 107 1687 126 1728; x_wconf 66' lang='grc' dir='ltr'><strong>ξ</strong></span> <span class='ocrx_word' id='word_1_217' title='bbox 147 1686 177 1718; x_wconf 82' lang='lat'>2.</span> <span class='ocrx_word' id='word_1_218' title='bbox 203 1686 337 1728; x_wconf 75' lang='lat' dir='ltr'>Quorum</span> <span class='ocrx_word' id='word_1_219' title='bbox 359 1686 507 1727; x_wconf 77' lang='lat' dir='ltr'>beneficia</span> <span class='ocrx_word' id='word_1_220' title='bbox 522 1685 658 1716; x_wconf 62' lang='lat' dir='ltr'>maxima</span> <span class='ocrx_word' id='word_1_221' title='bbox 673 1685 826 1716; x_wconf 72' lang='lat' dir='ltr'>haberem.</span> <span class='ocrx_word' id='word_1_222' title='bbox 849 1685 924 1717; x_wconf 82' lang='lat' dir='ltr'>Bal·</span> <span class='ocrx_word' id='word_1_223' title='bbox 970 1685 1079 1717; x_wconf 80' lang='lat' dir='ltr'>datum</span> <span class='ocrx_word' id='word_1_224' title='bbox 1102 1696 1170 1717; x_wconf 81' lang='lat' dir='ltr'>eum</span> <span class='ocrx_word' id='word_1_225' title='bbox 1193 1685 1252 1717; x_wconf 73' lang='lat' dir='ltr'>{ibi</span> <span class='ocrx_word' id='word_1_226' title='bbox 1273 1686 1454 1717; x_wconf 79' lang='lat' dir='ltr'>arbitrabar</span> <span class='ocrx_word' id='word_1_227' title='bbox 1476 1685 1513 1716; x_wconf 81' lang='lat' dir='ltr'>ab</span> <span class='ocrx_word' id='word_1_228' title='bbox 1534 1685 1601 1726; x_wconf 77' lang='lat' dir='ltr'>ipso</span> <span class='ocrx_word' id='word_1_229' title='bbox 1626 1694 1708 1715; x_wconf 81' lang='lat' dir='ltr'>more</span> <span class='ocrx_word' id='word_1_230' title='bbox 1737 1684 1830 1715; x_wconf 84' lang='lat' dir='ltr'>maio-</span> 
     </span>
    </p>
   </div>
   <div class='ocr_carea' id='block_1_11' title="bbox 14 1728 1830 1890">
    <p class='ocr_par' dir='ltr' id='par_1_11' title="bbox 0 1728 1830 1900">
     <span class='ocr_line' id='line_1_22' title="bbox 14 1728 1828 1782; baseline -0.002 -9"><span class='ocrx_word' id='word_1_231' title='bbox 14 1728 21 1762; x_wconf 45' lang='lat'>2&#39;</span> <span class='ocrx_word' id='word_1_232' title='bbox 67 1741 125 1773; x_wconf 84' lang='lat' dir='ltr'>bus</span> <span class='ocrx_word' id='word_1_233' title='bbox 145 1739 328 1773; x_wconf 77' lang='lat' dir='ltr'>Gaditanus</span> <span class='ocrx_word' id='word_1_234' title='bbox 349 1751 369 1772; x_wconf 82' lang='lat' dir='ltr'>a</span> <span class='ocrx_word' id='word_1_235' title='bbox 391 1740 454 1772; x_wconf 90' lang='lat' dir='ltr'>Cn.</span> <span class='ocrx_word' id='word_1_236' title='bbox 480 1740 640 1780; x_wconf 88' lang='lat' dir='ltr'>Pompeio</span> <span class='ocrx_word' id='word_1_237' title='bbox 662 1740 796 1771; x_wconf 80' lang='lat' dir='ltr'>civitate</span> <span class='ocrx_word' id='word_1_238' title='bbox 825 1741 924 1770; x_wconf 85' lang='lat' dir='ltr'>dona·</span> <span class='ocrx_word' id='word_1_239' title='bbox 970 1751 1048 1778; x_wconf 81' lang='lat' dir='ltr'>rum,</span> <span class='ocrx_word' id='word_1_240' title='bbox 1075 1741 1121 1772; x_wconf 87' lang='lat' dir='ltr'>ibi</span> <span class='ocrx_word' id='word_1_241' title='bbox 1142 1751 1206 1772; x_wconf 79' lang='lat' dir='ltr'>mos</span> <span class='ocrx_word' id='word_1_242' title='bbox 1227 1741 1378 1772; x_wconf 82' lang='lat' dir='ltr'>maiorum</span> <span class='ocrx_word' id='word_1_243' title='bbox 1401 1750 1560 1782; x_wconf 83' lang='lat' dir='ltr'>personae</span> <span class='ocrx_word' id='word_1_244' title='bbox 1582 1740 1654 1771; x_wconf 84' lang='lat' dir='ltr'>viee</span> <span class='ocrx_word' id='word_1_245' title='bbox 1669 1739 1828 1780; x_wconf 85' lang='lat' dir='ltr'>fungitur,</span> 
     </span>
     <span class='ocr_line' id='line_1_23' title="bbox 65 1792 1830 1835; baseline -0.002 -9.136"><span class='ocrx_word' id='word_1_246' title='bbox 65 1799 116 1826; x_wconf 83' lang='lat' dir='ltr'>tus</span> <span class='ocrx_word' id='word_1_247' title='bbox 138 1799 196 1832; x_wconf 84' lang='lat' dir='ltr'>est,</span> <span class='ocrx_word' id='word_1_248' title='bbox 219 1804 239 1825; x_wconf 83' lang='lat' dir='ltr'>a</span> <span class='ocrx_word' id='word_1_249' title='bbox 259 1794 299 1826; x_wconf 89' lang='lat' dir='ltr'>L.</span> <span class='ocrx_word' id='word_1_250' title='bbox 324 1793 480 1826; x_wconf 87' lang='lat' dir='ltr'>Cornelio</span> <span class='ocrx_word' id='word_1_251' title='bbox 511 1793 657 1824; x_wconf 88' lang='lat' dir='ltr'>Lentulo</span> <span class='ocrx_word' id='word_1_252' title='bbox 686 1802 808 1824; x_wconf 88' lang='lat' dir='ltr'>nomen</span> <span class='ocrx_word' id='word_1_253' title='bbox 838 1802 925 1824; x_wconf 86' lang='lat' dir='ltr'>acce·</span> <span class='ocrx_word' id='word_1_254' title='bbox 971 1793 1006 1824; x_wconf 85' lang='lat' dir='ltr'>id</span> <span class='ocrx_word' id='word_1_255' title='bbox 1028 1794 1116 1834; x_wconf 88' lang='lat' dir='ltr'>quod</span> <span class='ocrx_word' id='word_1_256' title='bbox 1139 1799 1271 1835; x_wconf 86' lang='lat' dir='ltr'>apparet</span> <span class='ocrx_word' id='word_1_257' title='bbox 1293 1803 1336 1825; x_wconf 79' lang='lat' dir='ltr'>ex</span> <span class='ocrx_word' id='word_1_258' title='bbox 1355 1793 1404 1831; x_wconf 86' lang='lat' dir='ltr'>iis,</span> <span class='ocrx_word' id='word_1_259' title='bbox 1421 1802 1505 1834; x_wconf 82' lang='lat' dir='ltr'>quae</span> <span class='ocrx_word' id='word_1_260' title='bbox 1519 1793 1698 1824; x_wconf 84' lang='lat' dir='ltr'>adduntur:</span> <span class='ocrx_word' id='word_1_261' title='bbox 1723 1792 1776 1834; x_wconf 78' lang='lat' dir='ltr'>qui</span> <span class='ocrx_word' id='word_1_262' title='bbox 1790 1811 1830 1815; x_wconf 82' lang='lat'>—</span> 
     </span>
     <span class='ocr_line' id='line_1_24' title="bbox 65 1846 1830 1890; baseline -0.002 -10.142"><span class='ocrx_word' id='word_1_263' title='bbox 65 1847 112 1890; x_wconf 85' lang='lat' dir='ltr'>pit</span> <span class='ocrx_word' id='word_1_264' title='bbox 133 1847 173 1879; x_wconf 90' lang='lat' dir='ltr'>L.</span> <span class='ocrx_word' id='word_1_265' title='bbox 197 1846 383 1880; x_wconf 87' lang='lat' dir='ltr'>Cornelius.</span> <span class='ocrx_word' id='word_1_266' title='bbox 972 1847 1071 1879; x_wconf 78' lang='lat' dir='ltr'>voluit</span> <span class='ocrx_word' id='word_1_267' title='bbox 1094 1856 1170 1878; x_wconf 78' lang='lat' dir='ltr'>esse.</span> <span class='ocrx_word' id='word_1_268' title='bbox 1199 1847 1317 1889; x_wconf 88' lang='lat' dir='ltr'>Neque</span> <span class='ocrx_word' id='word_1_269' title='bbox 1346 1847 1442 1879; x_wconf 85' lang='lat' dir='ltr'>aliter</span> <span class='ocrx_word' id='word_1_270' title='bbox 1469 1846 1712 1888; x_wconf 78' lang='lat' dir='ltr'>explicandum,</span> <span class='ocrx_word' id='word_1_271' title='bbox 1742 1847 1830 1887; x_wconf 83' lang='lat' dir='ltr'>quod</span> 
     </span>
    </p>
   </div>
   <div class='ocr_carea' id='block_1_12' title="bbox 105 1899 1831 1997">
    <p class='ocr_par' dir='ltr' id='par_1_12' title="bbox 105 1899 1831 1997">
     <span class='ocr_line' id='line_1_25' title="bbox 105 1899 1831 1942; baseline -0.001 -10"><span class='ocrx_word' id='word_1_272' title='bbox 105 1900 180 1932; x_wconf 79' lang='lat' dir='ltr'>Hac</span> <span class='ocrx_word' id='word_1_273' title='bbox 201 1911 246 1933; x_wconf 87' lang='lat' dir='ltr'>re.</span> <span class='ocrx_word' id='word_1_274' title='bbox 268 1902 333 1933; x_wconf 85' lang='lat' dir='ltr'>vid.</span> <span class='ocrx_word' id='word_1_275' title='bbox 357 1902 398 1933; x_wconf 80' lang='lat' dir='ltr'>ad</span> <span class='ocrx_word' id='word_1_276' title='bbox 421 1911 470 1942; x_wconf 91' lang='lat' dir='ltr'>ep.</span> <span class='ocrx_word' id='word_1_277' title='bbox 497 1911 568 1942; x_wconf 89' lang='lat' dir='ltr'>sup.</span> <span class='ocrx_word' id='word_1_278' title='bbox 592 1902 610 1942; x_wconf 68' lang='grc' dir='ltr'>ξ</span> <span class='ocrx_word' id='word_1_279' title='bbox 633 1901 662 1932; x_wconf 81' lang='lat'>2.</span> <span class='ocrx_word' id='word_1_280' title='bbox 973 1901 1095 1942; x_wconf 87' lang='lat' dir='ltr'>legit-ur</span> <span class='ocrx_word' id='word_1_281' title='bbox 1117 1899 1181 1933; x_wconf 86' lang='lat' dir='ltr'>Off.</span> <span class='ocrx_word' id='word_1_282' title='bbox 1205 1901 1232 1932; x_wconf 93' lang='lat' dir='ltr'>I.</span> <span class='ocrx_word' id='word_1_283' title='bbox 1257 1901 1277 1932; x_wconf 80' lang='lat'><strong>2</strong></span> <span class='ocrx_word' id='word_1_284' title='bbox 1298 1906 1383 1933; x_wconf 85' lang='lat' dir='ltr'>extr.</span> <span class='ocrx_word' id='word_1_285' title='bbox 1423 1900 1539 1938; x_wconf 79' lang='lat' dir='ltr'>Omnis,</span> <span class='ocrx_word' id='word_1_286' title='bbox 1562 1910 1644 1942; x_wconf 74' lang='lat' dir='ltr'>quae</span> <span class='ocrx_word' id='word_1_287' title='bbox 1665 1911 1684 1931; x_wconf 84' lang='lat' dir='ltr'>a</span> <span class='ocrx_word' id='word_1_288' title='bbox 1706 1900 1831 1932; x_wconf 76' lang='lat' dir='ltr'>ratione</span> 
     </span>
     <span class='ocr_line' id='line_1_26' title="bbox 107 1953 1830 1997; baseline -0.002 -10"><span class='ocrx_word' id='word_1_289' title='bbox 107 1955 127 1996; x_wconf 67' lang='grc' dir='ltr'><strong>ξ</strong></span> <span class='ocrx_word' id='word_1_290' title='bbox 149 1956 178 1988; x_wconf 81' lang='lat'>3.</span> <span class='ocrx_word' id='word_1_291' title='bbox 200 1955 248 1987; x_wconf 78' lang='lat' dir='ltr'>Ab</span> <span class='ocrx_word' id='word_1_292' title='bbox 269 1955 429 1996; x_wconf 73' lang='lat' dir='ltr'>sinyulari</span> <span class='ocrx_word' id='word_1_293' title='bbox 451 1965 558 1986; x_wconf 83' lang='lat' dir='ltr'>amore</span> <span class='ocrx_word' id='word_1_294' title='bbox 586 1965 624 1986; x_wconf 78' lang='lat' dir='ltr'>ac</span> <span class='ocrx_word' id='word_1_295' title='bbox 651 1953 868 1986; x_wconf 79' lang='lat' dir='ltr'>benevolentia</span> <span class='ocrx_word' id='word_1_296' title='bbox 890 1964 926 1985; x_wconf 81' lang='lat' dir='ltr'>o:</span> <span class='ocrx_word' id='word_1_297' title='bbox 971 1955 1145 1996; x_wconf 76' lang='lat' dir='ltr'>suscipitur</span> <span class='ocrx_word' id='word_1_298' title='bbox 1155 1955 1195 1987; x_wconf 88' lang='lat' dir='ltr'>de</span> <span class='ocrx_word' id='word_1_299' title='bbox 1208 1955 1316 1997; x_wconf 80' lang='lat' dir='ltr'>aliqua</span> <span class='ocrx_word' id='word_1_300' title='bbox 1329 1965 1364 1986; x_wconf 88' lang='lat' dir='ltr'>re</span> <span class='ocrx_word' id='word_1_301' title='bbox 1372 1954 1543 1986; x_wconf 72' lang='lat' dir='ltr'>institutio.</span> <span class='ocrx_word' id='word_1_302' title='bbox 1557 1954 1709 1995; x_wconf 88' lang='lat' dir='ltr'>Denique</span> <span class='ocrx_word' id='word_1_303' title='bbox 1727 1954 1830 1985; x_wconf 80' lang='lat' dir='ltr'>Acad.</span> 
     </span>
    </p>
   </div>
   <div class='ocr_carea' id='block_1_13' title="bbox 0 2004 1831 2210">
    <p class='ocr_par' dir='ltr' id='par_1_13' title="bbox 0 2004 1831 2155">
     <span class='ocr_line' id='line_1_27' title="bbox 0 2004 1831 2050; baseline -0.003 -9"><span class='ocrx_word' id='word_1_304' title='bbox 0 2004 6 2041; x_wconf 65' lang='lat'>‚⁴</span> <span class='ocrx_word' id='word_1_305' title='bbox 66 2009 109 2042; x_wconf 94' lang='lat' dir='ltr'>ob</span> <span class='ocrx_word' id='word_1_306' title='bbox 145 2009 352 2050; x_wconf 81' lang='lat' dir='ltr'>singularem</span> <span class='ocrx_word' id='word_1_307' title='bbox 387 2019 534 2041; x_wconf 82' lang='lat' dir='ltr'>amorem</span> <span class='ocrx_word' id='word_1_308' title='bbox 570 2019 607 2040; x_wconf 82' lang='lat' dir='ltr'>ac</span> <span class='ocrx_word' id='word_1_309' title='bbox 645 2008 923 2044; x_wconf 82' lang='lat' dir='ltr'>benevolentiam.</span> <span class='ocrx_word' id='word_1_310' title='bbox 973 2008 1001 2039; x_wconf 93' lang='grc' dir='ltr'>Ι.</span> <span class='ocrx_word' id='word_1_311' title='bbox 1016 2009 1057 2038; x_wconf 82' lang='lat'>40</span> <span class='ocrx_word' id='word_1_312' title='bbox 1073 2008 1221 2049; x_wconf 81' lang='lat' dir='ltr'>vulgaris</span> <span class='ocrx_word' id='word_1_313' title='bbox 1233 2008 1348 2039; x_wconf 88' lang='lat' dir='ltr'>lectio:</span> <span class='ocrx_word' id='word_1_314' title='bbox 1373 2017 1448 2050; x_wconf 71' lang='lat' dir='ltr'>quos</span> <span class='ocrx_word' id='word_1_315' title='bbox 1468 2008 1614 2049; x_wconf 85' lang='lat' dir='ltr'>(sensus)</span> <span class='ocrx_word' id='word_1_316' title='bbox 1627 2008 1751 2038; x_wconf 75' lang='lat' dir='ltr'>cunctos</span> <span class='ocrx_word' id='word_1_317' title='bbox 1765 2016 1831 2037; x_wconf 83' lang='lat' dir='ltr'>esse</span> 
     </span>
     <span class='ocr_line' id='line_1_28' title="bbox 5 2059 1830 2103; baseline -0.002 -9"><span class='ocrx_word' id='word_1_318' title='bbox 5 2080 11 2082; x_wconf 39' lang='grc' dir='ltr'><em>ν</em></span> <span class='ocrx_word' id='word_1_319' title='bbox 65 2061 236 2103; x_wconf 84' lang='lat' dir='ltr'>Frequens</span> <span class='ocrx_word' id='word_1_320' title='bbox 262 2062 317 2093; x_wconf 86' lang='lat' dir='ltr'>hic</span> <span class='ocrx_word' id='word_1_321' title='bbox 339 2072 418 2093; x_wconf 85' lang='lat' dir='ltr'>usus</span> <span class='ocrx_word' id='word_1_322' title='bbox 440 2071 549 2103; x_wconf 83' lang='lat' dir='ltr'>praep.</span> <span class='ocrx_word' id='word_1_323' title='bbox 569 2061 612 2093; x_wconf 86' lang='lat' dir='ltr'>ab</span> <span class='ocrx_word' id='word_1_324' title='bbox 633 2061 741 2099; x_wconf 89' lang='lat' dir='ltr'>Livio,</span> <span class='ocrx_word' id='word_1_325' title='bbox 772 2067 810 2093; x_wconf 84' lang='lat' dir='ltr'>ut</span> <span class='ocrx_word' id='word_1_326' title='bbox 832 2062 927 2093; x_wconf 86' lang='lat' dir='ltr'>docet</span> <span class='ocrx_word' id='word_1_327' title='bbox 973 2061 1092 2091; x_wconf 78' lang='lat' dir='ltr'>censuit</span> <span class='ocrx_word' id='word_1_328' title='bbox 1115 2072 1135 2091; x_wconf 79' lang='lat' dir='ltr'>a</span> <span class='ocrx_word' id='word_1_329' title='bbox 1157 2059 1291 2102; x_wconf 79' lang='lat' dir='ltr'>quadam</span> <span class='ocrx_word' id='word_1_330' title='bbox 1313 2059 1404 2102; x_wconf 78' lang='lat' dir='ltr'>quasi</span> <span class='ocrx_word' id='word_1_331' title='bbox 1431 2059 1615 2101; x_wconf 76' lang='lat' dir='ltr'>impulsione</span> <span class='ocrx_word' id='word_1_332' title='bbox 1642 2059 1747 2090; x_wconf 81' lang='lat' dir='ltr'>oblata</span> <span class='ocrx_word' id='word_1_333' title='bbox 1781 2069 1830 2090; x_wconf 67' lang='lat' dir='ltr'>ea·-</span> 
     </span>
     <span class='ocr_line' id='line_1_29' title="bbox 7 2113 1645 2155; baseline -0.001 -9"><span class='ocrx_word' id='word_1_334' title='bbox 7 2115 19 2126; x_wconf 90' lang='lat'>·&#39;</span> <span class='ocrx_word' id='word_1_335' title='bbox 66 2113 166 2146; x_wconf 76' lang='lat' dir='ltr'>Drak.</span> <span class='ocrx_word' id='word_1_336' title='bbox 195 2114 238 2146; x_wconf 82' lang='lat' dir='ltr'>ad</span> <span class='ocrx_word' id='word_1_337' title='bbox 265 2113 402 2146; x_wconf 90' lang='lat' dir='ltr'>XXIV.</span> <span class='ocrx_word' id='word_1_338' title='bbox 433 2114 482 2152; x_wconf 83' lang='lat'>30,</span> <span class='ocrx_word' id='word_1_339' title='bbox 512 2115 541 2145; x_wconf 95' lang='grc'><strong>1.</strong></span> <span class='ocrx_word' id='word_1_340' title='bbox 588 2114 766 2146; x_wconf 85' lang='lat' dir='ltr'>Invenitur</span> <span class='ocrx_word' id='word_1_341' title='bbox 792 2123 924 2155; x_wconf 89' lang='lat' dir='ltr'>quoque</span> <span class='ocrx_word' id='word_1_342' title='bbox 973 2114 1128 2146; x_wconf 76' lang='lat' dir='ltr'>trinsecus</span> <span class='ocrx_word' id='word_1_343' title='bbox 1152 2124 1169 2146; x_wconf 89' lang='lat' dir='ltr'>e</span> <span class='ocrx_word' id='word_1_344' title='bbox 1191 2115 1286 2146; x_wconf 86' lang='lat' dir='ltr'>codd.</span> <span class='ocrx_word' id='word_1_345' title='bbox 1309 2123 1398 2146; x_wconf 89' lang='lat' dir='ltr'>nune</span> <span class='ocrx_word' id='word_1_346' title='bbox 1420 2119 1566 2146; x_wconf 81' lang='lat' dir='ltr'>correcta</span> <span class='ocrx_word' id='word_1_347' title='bbox 1586 2119 1645 2146; x_wconf 88' lang='lat' dir='ltr'>est.</span> 
     </span>
    </p>

    <p class='ocr_par' dir='ltr' id='par_1_14' title="bbox 0 2158 926 2218">
     <span class='ocr_line' id='line_1_30' title="bbox 65 2166 926 2210; baseline -0.001 -10.07"><span class='ocrx_word' id='word_1_348' title='bbox 65 2168 152 2209; x_wconf 75' lang='lat' dir='ltr'>apud</span> <span class='ocrx_word' id='word_1_349' title='bbox 173 2166 357 2200; x_wconf 75' lang='lat' dir='ltr'>Salustium</span> <span class='ocrx_word' id='word_1_350' title='bbox 378 2168 526 2210; x_wconf 85' lang='lat' dir='ltr'>aliosque</span> <span class='ocrx_word' id='word_1_351' title='bbox 548 2167 618 2200; x_wconf 88' lang='lat' dir='ltr'>eius</span> <span class='ocrx_word' id='word_1_352' title='bbox 640 2168 754 2200; x_wconf 79' lang='lat' dir='ltr'>aetatis</span> <span class='ocrx_word' id='word_1_353' title='bbox 789 2167 926 2209; x_wconf 87' lang='lat' dir='ltr'>scripto-</span> 
     </span>
    </p>
   </div>
   <div class='ocr_carea' id='block_1_14' title="bbox 0 2237 25 2302">
    <p class='ocr_par' dir='ltr' id='par_1_15' title="bbox 0 2237 25 2302">
     <span class='ocr_line' id='line_1_31' title="bbox 0 2237 25 2294; baseline 0 0"><span class='ocrx_word' id='word_1_354' title='bbox 0 2237 25 2294; x_wconf 70' lang='lat'>3¹}</span> 
     </span>
     <span class='ocr_line' id='line_1_32' title="bbox 0 2289 12 2302; baseline 0 0"><span class='ocrx_word' id='word_1_355' title='bbox 0 2289 12 2302; x_wconf 61' lang='lat' dir='ltr'>v!</span> 
     </span>
    </p>
   </div>
   <div class='ocr_carea' id='block_1_15' title="bbox 0 2325 30 2739">
    <p class='ocr_par' dir='ltr' id='par_1_16' title="bbox 0 2325 30 2739">
     <span class='ocr_line' id='line_1_33' title="bbox 0 2325 30 2381; baseline 0 -50"><span class='ocrx_word' id='word_1_356' title='bbox 0 2325 30 2381; x_wconf 70' lang='lat'>3²·</span> 
     </span>
     <span class='ocr_line' id='line_1_34' title="bbox 0 2440 20 2495; baseline 0.05 -1"><span class='ocrx_word' id='word_1_357' title='bbox 0 2440 20 2495; x_wconf 46' lang='lat' dir='ltr'>ff</span> 
     </span>
     <span class='ocr_line' id='line_1_35' title="bbox 0 2582 26 2739; baseline 0 0"><span class='ocrx_word' id='word_1_358' title='bbox 0 2582 26 2739; x_wconf 70' lang='grc' dir='ltr'>Ξ</span> 
     </span>
    </p>
   </div>
   <div class='ocr_carea' id='block_1_16' title="bbox 0 2743 25 2859">
    <p class='ocr_par' dir='ltr' id='par_1_17' title="bbox 0 2743 25 2859">
     <span class='ocr_line' id='line_1_36' title="bbox 0 2743 25 2859; baseline 0 0"><span class='ocrx_word' id='word_1_359' title='bbox 0 2743 25 2859; x_wconf 59' lang='grc' dir='ltr'>ἕ</span> 
     </span>
    </p>
   </div>
   <div class='ocr_carea' id='block_1_17' title="bbox 575 2254 1329 2380">
    <p class='ocr_par' dir='ltr' id='par_1_18' title="bbox 575 2254 1329 2380">
     <span class='ocr_line' id='line_1_37' title="bbox 926 2254 971 2294; baseline 0.022 -1"><span class='ocrx_word' id='word_1_360' title='bbox 926 2254 971 2294; x_wconf 85' lang='lat' dir='ltr'>G.</span> 
     </span>
     <span class='ocr_line' id='line_1_38' title="bbox 575 2330 1329 2380; baseline 0.004 -11"><span class='ocrx_word' id='word_1_361' title='bbox 575 2332 774 2369; x_wconf 87' lang='lat' dir='ltr'><strong>CAESAR</strong></span> <span class='ocrx_word' id='word_1_362' title='bbox 802 2330 969 2380; x_wconf 83' lang='lat' dir='ltr'><strong>OPPIO,</strong></span> <span class='ocrx_word' id='word_1_363' title='bbox 1001 2331 1262 2371; x_wconf 86' lang='lat' dir='ltr'>CORNELIO</span> <span class='ocrx_word' id='word_1_364' title='bbox 1292 2334 1329 2372; x_wconf 88' lang='lat' dir='ltr'>S.</span> 
     </span>
    </p>
   </div>
   <div class='ocr_carea' id='block_1_18' title="bbox 64 2408 1883 2831">
    <p class='ocr_par' dir='ltr' id='par_1_19' title="bbox 64 2408 1883 2831">
     <span class='ocr_line' id='line_1_39' title="bbox 132 2408 1828 2467; baseline -0.001 -17"><span class='ocrx_word' id='word_1_365' title='bbox 132 2409 172 2450; x_wconf 91' lang='grc'><strong>1.</strong></span> <span class='ocrx_word' id='word_1_366' title='bbox 218 2408 386 2450; x_wconf 85' lang='lat' dir='ltr'>Gaudeo</span> <span class='ocrx_word' id='word_1_367' title='bbox 434 2409 662 2450; x_wconf 83' lang='lat' dir='ltr'>mehercule</span> <span class='ocrx_word' id='word_1_368' title='bbox 705 2424 775 2450; x_wconf 87' lang='lat' dir='ltr'>vos</span> <span class='ocrx_word' id='word_1_369' title='bbox 815 2408 1040 2463; x_wconf 87' lang='lat' dir='ltr'>significare</span> <span class='ocrx_word' id='word_1_370' title='bbox 1083 2409 1224 2461; x_wconf 87' lang='lat' dir='ltr'>literis,</span> <span class='ocrx_word' id='word_1_371' title='bbox 1259 2426 1378 2466; x_wconf 89' lang='lat' dir='ltr'>quam</span> <span class='ocrx_word' id='word_1_372' title='bbox 1413 2411 1526 2452; x_wconf 87' lang='lat' dir='ltr'>valde</span> <span class='ocrx_word' id='word_1_373' title='bbox 1561 2410 1736 2467; x_wconf 83' lang='lat' dir='ltr'>probetis</span> <span class='ocrx_word' id='word_1_374' title='bbox 1769 2426 1828 2460; x_wconf 79' lang='lat' dir='ltr'>ea,</span> 
     </span>
     <span class='ocr_line' id='line_1_40' title="bbox 66 2480 1827 2536; baseline 0.001 -14"><span class='ocrx_word' id='word_1_375' title='bbox 66 2494 168 2536; x_wconf 87' lang='lat' dir='ltr'>quae</span> <span class='ocrx_word' id='word_1_376' title='bbox 211 2480 318 2536; x_wconf 87' lang='lat' dir='ltr'>apud</span> <span class='ocrx_word' id='word_1_377' title='bbox 361 2481 582 2523; x_wconf 90' lang='lat' dir='ltr'>Corfinium</span> <span class='ocrx_word' id='word_1_378' title='bbox 627 2485 724 2522; x_wconf 88' lang='lat' dir='ltr'>sunt</span> <span class='ocrx_word' id='word_1_379' title='bbox 765 2485 892 2536; x_wconf 87' lang='lat' dir='ltr'>gesta.</span> <span class='ocrx_word' id='word_1_380' title='bbox 937 2480 1116 2522; x_wconf 87' lang='lat' dir='ltr'>Consilio</span> <span class='ocrx_word' id='word_1_381' title='bbox 1158 2487 1290 2524; x_wconf 88' lang='lat' dir='ltr'>vestro</span> <span class='ocrx_word' id='word_1_382' title='bbox 1332 2488 1423 2525; x_wconf 88' lang='lat' dir='ltr'>utar</span> <span class='ocrx_word' id='word_1_383' title='bbox 1463 2483 1648 2534; x_wconf 88' lang='lat' dir='ltr'>libenter,</span> <span class='ocrx_word' id='word_1_384' title='bbox 1682 2489 1722 2524; x_wconf 87' lang='lat' dir='ltr'>et</span> <span class='ocrx_word' id='word_1_385' title='bbox 1755 2482 1827 2524; x_wconf 85' lang='lat' dir='ltr'>hoc</span> 
     </span>
     <span class='ocr_line' id='line_1_41' title="bbox 64 2551 1828 2612; baseline 0.001 -18"><span class='ocrx_word' id='word_1_386' title='bbox 64 2551 272 2605; x_wconf 77' lang='lat' dir='ltr'>libentius,</span> <span class='ocrx_word' id='word_1_387' title='bbox 307 2553 415 2610; x_wconf 88' lang='lat' dir='ltr'>quod</span> <span class='ocrx_word' id='word_1_388' title='bbox 448 2569 538 2596; x_wconf 86' lang='lat' dir='ltr'>mea</span> <span class='ocrx_word' id='word_1_389' title='bbox 571 2558 713 2610; x_wconf 87' lang='lat' dir='ltr'>sponte</span> <span class='ocrx_word' id='word_1_390' title='bbox 746 2553 875 2595; x_wconf 85' lang='lat' dir='ltr'>facere</span> <span class='ocrx_word' id='word_1_391' title='bbox 917 2553 1218 2606; x_wconf 85' lang='lat' dir='ltr'>constitueram,</span> <span class='ocrx_word' id='word_1_392' title='bbox 1251 2560 1298 2596; x_wconf 91' lang='lat' dir='ltr'>ut</span> <span class='ocrx_word' id='word_1_393' title='bbox 1331 2571 1452 2612; x_wconf 90' lang='lat' dir='ltr'>quam</span> <span class='ocrx_word' id='word_1_394' title='bbox 1484 2557 1733 2598; x_wconf 88' lang='lat' dir='ltr'>lenissimum</span> <span class='ocrx_word' id='word_1_395' title='bbox 1767 2570 1828 2596; x_wconf 87' lang='lat' dir='ltr'>me</span> 
     </span>
     <span class='ocr_line' id='line_1_42' title="bbox 67 2624 1883 2684; baseline 0.002 -17"><span class='ocrx_word' id='word_1_396' title='bbox 67 2624 293 2680; x_wconf 84' lang='lat' dir='ltr'>praeberem</span> <span class='ocrx_word' id='word_1_397' title='bbox 328 2631 369 2667; x_wconf 88' lang='lat' dir='ltr'>et</span> <span class='ocrx_word' id='word_1_398' title='bbox 402 2626 637 2682; x_wconf 91' lang='lat' dir='ltr'>Pompeium</span> <span class='ocrx_word' id='word_1_399' title='bbox 672 2625 807 2667; x_wconf 89' lang='lat' dir='ltr'>darem</span> <span class='ocrx_word' id='word_1_400' title='bbox 841 2639 1002 2680; x_wconf 88' lang='lat' dir='ltr'>operam</span> <span class='ocrx_word' id='word_1_401' title='bbox 1033 2631 1082 2667; x_wconf 91' lang='lat' dir='ltr'>ut</span> <span class='ocrx_word' id='word_1_402' title='bbox 1114 2627 1426 2670; x_wconf 89' lang='lat' dir='ltr'>reconciliarem.</span> <span class='ocrx_word' id='word_1_403' title='bbox 1461 2629 1730 2684; x_wconf 85' lang='lat' dir='ltr'>Temptemus,</span> <span class='ocrx_word' id='word_1_404' title='bbox 1755 2627 1829 2668; x_wconf 89' lang='lat' dir='ltr'>hoc</span> <span class='ocrx_word' id='word_1_405' title='bbox 1870 2647 1883 2671; x_wconf 82' lang='lat'>5</span> 
     </span>
     <span class='ocr_line' id='line_1_43' title="bbox 67 2698 1827 2756; baseline 0.001 -17"><span class='ocrx_word' id='word_1_406' title='bbox 67 2698 186 2740; x_wconf 91' lang='lat' dir='ltr'>modo</span> <span class='ocrx_word' id='word_1_407' title='bbox 217 2699 252 2740; x_wconf 90' lang='lat' dir='ltr'>si</span> <span class='ocrx_word' id='word_1_408' title='bbox 284 2714 497 2756; x_wconf 87' lang='lat' dir='ltr'>possumus</span> <span class='ocrx_word' id='word_1_409' title='bbox 530 2699 711 2741; x_wconf 83' lang='lat' dir='ltr'>omnium</span> <span class='ocrx_word' id='word_1_410' title='bbox 745 2698 972 2740; x_wconf 86' lang='lat' dir='ltr'>voluntates</span> <span class='ocrx_word' id='word_1_411' title='bbox 1005 2713 1238 2755; x_wconf 87' lang='lat' dir='ltr'>recuperare</span> <span class='ocrx_word' id='word_1_412' title='bbox 1272 2707 1313 2743; x_wconf 89' lang='lat' dir='ltr'>et</span> <span class='ocrx_word' id='word_1_413' title='bbox 1345 2702 1538 2744; x_wconf 86' lang='lat' dir='ltr'>diuturna</span> <span class='ocrx_word' id='word_1_414' title='bbox 1570 2701 1736 2743; x_wconf 86' lang='lat' dir='ltr'>victoria</span> <span class='ocrx_word' id='word_1_415' title='bbox 1753 2700 1827 2750; x_wconf 88' lang='lat' dir='ltr'>uti,</span> 
     </span>
     <span class='ocr_line' id='line_1_44' title="bbox 67 2771 1829 2831; baseline -0.001 -17"><span class='ocrx_word' id='word_1_416' title='bbox 67 2772 255 2828; x_wconf 85' lang='lat' dir='ltr'>quoniam</span> <span class='ocrx_word' id='word_1_417' title='bbox 295 2772 440 2828; x_wconf 81' lang='lat' dir='ltr'>reliqui</span> <span class='ocrx_word' id='word_1_418' title='bbox 488 2772 724 2814; x_wconf 76' lang='lat' dir='ltr'>crudelitate</span> <span class='ocrx_word' id='word_1_419' title='bbox 774 2771 911 2813; x_wconf 89' lang='lat' dir='ltr'>odium</span> <span class='ocrx_word' id='word_1_420' title='bbox 955 2771 1128 2827; x_wconf 85' lang='lat' dir='ltr'>effugere</span> <span class='ocrx_word' id='word_1_421' title='bbox 1169 2789 1250 2815; x_wconf 89' lang='lat' dir='ltr'>non</span> <span class='ocrx_word' id='word_1_422' title='bbox 1294 2779 1513 2831; x_wconf 86' lang='lat' dir='ltr'>potuerunt</span> <span class='ocrx_word' id='word_1_423' title='bbox 1544 2788 1673 2829; x_wconf 88' lang='lat' dir='ltr'>neque</span> <span class='ocrx_word' id='word_1_424' title='bbox 1707 2773 1829 2814; x_wconf 87' lang='lat' dir='ltr'>victo-</span> 
     </span>
    </p>
   </div>
   <div class='ocr_carea' id='block_1_19' title="bbox 0 2843 1828 2903">
    <p class='ocr_par' dir='ltr' id='par_1_20' title="bbox 0 2843 1828 2903">
     <span class='ocr_line' id='line_1_45' title="bbox 0 2843 1828 2903; baseline 0 -17"><span class='ocrx_word' id='word_1_425' title='bbox 0 2843 16 2872; x_wconf 67' lang='grc' dir='ltr'><strong>ἶ</strong></span> <span class='ocrx_word' id='word_1_426' title='bbox 67 2844 167 2887; x_wconf 81' lang='lat' dir='ltr'>riam</span> <span class='ocrx_word' id='word_1_427' title='bbox 199 2845 355 2888; x_wconf 84' lang='lat' dir='ltr'>diutius</span> <span class='ocrx_word' id='word_1_428' title='bbox 386 2850 522 2888; x_wconf 83' lang='lat' dir='ltr'>tenere</span> <span class='ocrx_word' id='word_1_429' title='bbox 555 2852 710 2902; x_wconf 87' lang='lat' dir='ltr'>praeter</span> <span class='ocrx_word' id='word_1_430' title='bbox 743 2860 870 2888; x_wconf 90' lang='lat' dir='ltr'>unum</span> <span class='ocrx_word' id='word_1_431' title='bbox 902 2845 950 2886; x_wconf 92' lang='lat' dir='ltr'>L.</span> <span class='ocrx_word' id='word_1_432' title='bbox 991 2845 1157 2898; x_wconf 90' lang='lat' dir='ltr'>Sullam,</span> <span class='ocrx_word' id='word_1_433' title='bbox 1200 2862 1317 2903; x_wconf 91' lang='lat' dir='ltr'>quem</span> <span class='ocrx_word' id='word_1_434' title='bbox 1350 2848 1581 2890; x_wconf 87' lang='lat' dir='ltr'>imitaturus</span> <span class='ocrx_word' id='word_1_435' title='bbox 1612 2861 1693 2888; x_wconf 90' lang='lat' dir='ltr'>non</span> <span class='ocrx_word' id='word_1_436' title='bbox 1726 2860 1828 2887; x_wconf 87' lang='lat' dir='ltr'>sum.</span> 
     </span>
    </p>
   </div>
   <div class='ocr_carea' id='block_1_20' title="bbox 83 2954 329 2960">
    <p class='ocr_par' dir='ltr' id='par_1_21' title="bbox 83 2954 329 2960">
     <span class='ocr_line' id='line_1_46' title="bbox 83 2954 329 2960; baseline 0 0"><span class='ocrx_word' id='word_1_437' title='bbox 83 2954 329 2960; x_wconf 95' lang='lat' dir='ltr'> </span> 
     </span>
    </p>
   </div>
   <div class='ocr_carea' id='block_1_21' title="bbox 113 3020 1830 3064">
    <p class='ocr_par' dir='ltr' id='par_1_22' title="bbox 113 3020 1830 3064">
     <span class='ocr_line' id='line_1_47' title="bbox 113 3020 1830 3064; baseline -0.002 -12"><span class='ocrx_word' id='word_1_438' title='bbox 113 3021 131 3061; x_wconf 70' lang='grc' dir='ltr'>ξ</span> <span class='ocrx_word' id='word_1_439' title='bbox 154 3021 182 3054; x_wconf 93' lang='grc'><strong>1.</strong></span> <span class='ocrx_word' id='word_1_440' title='bbox 209 3022 408 3064; x_wconf 74' lang='lat' dir='ltr'>Temptemus,</span> <span class='ocrx_word' id='word_1_441' title='bbox 431 3023 460 3053; x_wconf 75' lang='lat' dir='ltr'>si</span> <span class='ocrx_word' id='word_1_442' title='bbox 464 3033 636 3064; x_wconf 71' lang='lat' dir='ltr'>possumus.</span> <span class='ocrx_word' id='word_1_443' title='bbox 661 3023 712 3054; x_wconf 88' lang='lat' dir='ltr'>De</span> <span class='ocrx_word' id='word_1_444' title='bbox 725 3033 784 3054; x_wconf 87' lang='lat' dir='ltr'>usu</span> <span class='ocrx_word' id='word_1_445' title='bbox 797 3028 880 3063; x_wconf 77' lang='lat' dir='ltr'>part.</span> <span class='ocrx_word' id='word_1_446' title='bbox 899 3021 927 3052; x_wconf 80' lang='lat' dir='ltr'>si</span> <span class='ocrx_word' id='word_1_447' title='bbox 950 3034 953 3054; x_wconf 77' lang='grc'><strong>1</strong></span> <span class='ocrx_word' id='word_1_448' title='bbox 974 3032 1072 3054; x_wconf 89' lang='lat' dir='ltr'>mone</span> <span class='ocrx_word' id='word_1_449' title='bbox 1109 3023 1263 3054; x_wconf 77' lang='lat' dir='ltr'>familiari</span> <span class='ocrx_word' id='word_1_450' title='bbox 1301 3022 1421 3054; x_wconf 77' lang='lat' dir='ltr'>Caesar</span> <span class='ocrx_word' id='word_1_451' title='bbox 1457 3023 1487 3053; x_wconf 93' lang='lat' dir='ltr'>h.</span> <span class='ocrx_word' id='word_1_452' title='bbox 1521 3023 1541 3052; x_wconf 88' lang='grc' dir='ltr'>Ι.</span> <span class='ocrx_word' id='word_1_453' title='bbox 1580 3021 1751 3052; x_wconf 82' lang='lat' dir='ltr'>retinuisse</span> <span class='ocrx_word' id='word_1_454' title='bbox 1787 3020 1830 3049; x_wconf 82' lang='lat' dir='ltr'>vi-</span> 
     </span>
    </p>
   </div>
   <div class='ocr_carea' id='block_1_22' title="bbox 6 3065 1079 3119">
    <p class='ocr_par' dir='ltr' id='par_1_23' title="bbox 6 3065 1079 3119">
     <span class='ocr_line' id='line_1_48' title="bbox 6 3065 1079 3119; baseline 0.002 -15"><span class='ocrx_word' id='word_1_455' title='bbox 6 3075 11 3078; x_wconf 79' lang='grc'>“’</span> <span class='ocrx_word' id='word_1_456' title='bbox 69 3079 142 3113; x_wconf 78' lang='lat' dir='ltr'>post</span> <span class='ocrx_word' id='word_1_457' title='bbox 162 3074 264 3106; x_wconf 82' lang='lat' dir='ltr'>verba</span> <span class='ocrx_word' id='word_1_458' title='bbox 285 3075 481 3116; x_wconf 84' lang='lat' dir='ltr'>experiundi</span> <span class='ocrx_word' id='word_1_459' title='bbox 503 3080 618 3107; x_wconf 87' lang='lat' dir='ltr'>monet</span> <span class='ocrx_word' id='word_1_460' title='bbox 638 3076 751 3107; x_wconf 83' lang='lat' dir='ltr'>Madv.</span> <span class='ocrx_word' id='word_1_461' title='bbox 774 3073 831 3106; x_wconf 90' lang='lat' dir='ltr'>Gr.</span> <span class='ocrx_word' id='word_1_462' title='bbox 853 3074 928 3105; x_wconf 82' lang='lat' dir='ltr'>Lat.</span> <span class='ocrx_word' id='word_1_463' title='bbox 951 3065 955 3119; x_wconf 65' lang='lat' dir='ltr'>l</span> <span class='ocrx_word' id='word_1_464' title='bbox 973 3076 1079 3108; x_wconf 87' lang='lat' dir='ltr'>detur.</span> 
     </span>
    </p>
   </div>
   <div class='ocr_carea' id='block_1_23' title="bbox 70 3124 1830 3222">
    <p class='ocr_par' dir='ltr' id='par_1_24' title="bbox 70 3124 1830 3222">
     <span class='ocr_line' id='line_1_49' title="bbox 70 3124 1830 3169; baseline 0 -14"><span class='ocrx_word' id='word_1_465' title='bbox 70 3126 89 3165; x_wconf 68' lang='grc' dir='ltr'><strong>ξ</strong></span> <span class='ocrx_word' id='word_1_466' title='bbox 119 3125 178 3159; x_wconf 79' lang='grc'><strong>187</strong></span> <span class='ocrx_word' id='word_1_467' title='bbox 207 3126 238 3157; x_wconf 84' lang='lat' dir='ltr'>d.</span> <span class='ocrx_word' id='word_1_468' title='bbox 286 3128 505 3169; x_wconf 86' lang='lat' dir='ltr'>Antiquiores</span> <span class='ocrx_word' id='word_1_469' title='bbox 539 3128 572 3159; x_wconf 88' lang='lat' dir='ltr'>in</span> <span class='ocrx_word' id='word_1_470' title='bbox 605 3128 667 3159; x_wconf 81' lang='lat' dir='ltr'>hac</span> <span class='ocrx_word' id='word_1_471' title='bbox 702 3127 929 3167; x_wconf 78' lang='lat' dir='ltr'>interrogandi</span> <span class='ocrx_word' id='word_1_472' title='bbox 1018 3128 1155 3169; x_wconf 72' lang='lat' dir='ltr'>Reliqui,</span> <span class='ocrx_word' id='word_1_473' title='bbox 1178 3128 1312 3164; x_wconf 81' lang='lat' dir='ltr'>Marius,</span> <span class='ocrx_word' id='word_1_474' title='bbox 1337 3128 1453 3164; x_wconf 77' lang='lat' dir='ltr'>Cinna,</span> <span class='ocrx_word' id='word_1_475' title='bbox 1476 3127 1542 3164; x_wconf 85' lang='lat' dir='ltr'>alii,</span> <span class='ocrx_word' id='word_1_476' title='bbox 1565 3126 1669 3167; x_wconf 84' lang='lat' dir='ltr'>quiin</span> <span class='ocrx_word' id='word_1_477' title='bbox 1687 3124 1830 3156; x_wconf 80' lang='lat' dir='ltr'>tumultu</span> 
     </span>
     <span class='ocr_line' id='line_1_50' title="bbox 71 3176 1325 3222; baseline 0.002 -14"><span class='ocrx_word' id='word_1_478' title='bbox 71 3176 176 3209; x_wconf 78' lang='lat' dir='ltr'>forma</span> <span class='ocrx_word' id='word_1_479' title='bbox 197 3179 413 3212; x_wconf 80' lang='lat' dir='ltr'>indicativum</span> <span class='ocrx_word' id='word_1_480' title='bbox 436 3180 662 3217; x_wconf 74' lang='lat' dir='ltr'>admittebant,</span> <span class='ocrx_word' id='word_1_481' title='bbox 694 3190 792 3221; x_wconf 88' lang='lat' dir='ltr'>quem</span> <span class='ocrx_word' id='word_1_482' title='bbox 819 3189 837 3211; x_wconf 88' lang='lat' dir='ltr'>e</span> <span class='ocrx_word' id='word_1_483' title='bbox 868 3189 930 3211; x_wconf 84' lang='lat' dir='ltr'>ser·</span> <span class='ocrx_word' id='word_1_484' title='bbox 978 3181 1112 3213; x_wconf 70' lang='lat' dir='ltr'>fuerunt</span> <span class='ocrx_word' id='word_1_485' title='bbox 1134 3181 1325 3222; x_wconf 78' lang='lat' dir='ltr'>superiores.</span> 
     </span>
    </p>
   </div>
  </div>
 </body>
</html>
