2062 3565
515 146 597 187 ΕΡ.
635 146 709 185 AD
742 146 788 185 T.
823 145 1174 186 POMPONIFM
1208 145 1471 188 ATTICL‘M.

116 149 139 187 &a

148 148 167 187 1-1

178 151 198 187 20

730 344 804 384 Μ.
871 345 936 397 (A.
978 345 1023 385 [s.
1061 345 1103 384 C.
1143 344 1259 398 709.)

177 462 214 500 l.
260 460 444 500 Tironem
488 458 614 499 habeo
659 459 778 500 citius
823 474 940 514 quam
974 457 1148 500 verebar.
1205 460 1325 500 Venit
1358 461 1477 501 etiam
1512 461 1652 502 Nicias
1686 467 1726 501 et
1761 460 1875 501 Vale-

110 534 212 574 rium
256 533 373 574 hodie
419 532 630 574 audiebam
674 548 758 573 esse
791 537 1019 574 venturum.
1071 532 1264 584 Quamvis
1299 533 1415 574 multi
1450 534 1544 585 sint,
1580 535 1706 589 magis
1739 539 1873 575 tamen

109 622 174 647 ero
224 607 345 657 solus,
378 622 497 662 quam
532 607 565 648 si
598 622 703 648 unus
735 622 854 648 esses.
889 606 967 648 Sed
1002 612 1187 662 exspecto
1221 612 1275 658 te,
1310 623 1332 649 a
1365 607 1575 649 Peducaeo
1608 608 1763 663 utique.
1813 608 1875 648 Tu

74 694 88 719 5
109 686 240 722 autem
277 680 477 735 significas
510 680 663 736 aliquid
697 681 818 722 etiam
852 685 958 721 ante.
994 680 1145 721 Verum
1178 680 1219 721 id
1254 681 1431 736 quidem,
1466 687 1512 723 ut
1546 681 1708 738 poteris.
1746 683 1786 721 2.
1813 681 1873 721 De

112 755 298 809 Vergilio,
334 760 380 796 ut
412 754 567 796 scribis.
602 755 693 796 Hoc
726 759 862 797 tamen
896 754 1013 796 velim
1047 754 1147 796 scire
1182 755 1343 809 quando
1377 756 1525 797 auctio.
1567 754 1790 811 Epistolam
1824 753 1874 795 ad

106 827 313 868 Caesarem
358 828 465 869 mitti
499 827 614 868 video
646 827 722 868 tibi
755 827 923 883 placere.
970 827 1078 878 Quid
1115 828 1301 882 quaeris?
1335 828 1440 869 Mihi
1475 844 1633 884 quoque
1657 827 1733 869 hoc
1765 826 1874 868 idem

107 900 275 941 maxime
309 900 474 956 placuit,
509 906 549 942 et
581 916 627 941 eo
661 900 802 955 magis,
837 900 945 955 quod
979 899 1082 940 nihil
1115 906 1175 941 est
1209 901 1250 942 in
1284 916 1343 951 ea,
1378 901 1458 942 nisi
1491 901 1632 957 optimi
1667 901 1778 952 civis,
1803 899 1872 941 sed

107 976 162 1016 ita
195 975 350 1030 optimi,
386 980 431 1015 ut
462 979 654 1030 tempora,
690 973 838 1029 quibus
870 988 1006 1029 parere
1042 989 1179 1015 01111105
1212 971 1463 1017 πολιτικοὶ
1496 974 1760 1030 praecipiunt.
1795 973 1872 1015 Sed

104 1048 180 1088 5015
223 1048 280 1089 ita
326 1048 441 1090 nobis
485 1065 569 1091 esse
617 1049 762 1099 visum,
807 1054 854 1090 ut
895 1048 963 1089 isti
998 1053 1089 1089 ante
1124 1048 1314 1103 legerent.
1369 1049 1430 1090 Tu
1463 1049 1589 1103 igitur
1621 1047 1663 1089 id
1698 1046 1871 1089 curabis.

104 1120 195 1172 Sed,
231 1121 308 1162 11151
340 1121 457 1177 plane
490 1122 540 1163 115
573 1121 774 1176 intelliges
807 1121 975 1177 placere,
1012 1120 1209 1162 mittenda
1242 1137 1322 1162 non
1357 1127 1430 1163 est.
1482 1121 1530 1163 Id
1566 1126 1699 1162 autem
1735 1125 1872 1162 utrum

103 1195 159 1235 illi
195 1196 371 1236 sentiant
404 1210 506 1237 anne
540 1195 731 1236 simulent
762 1200 809 1235 tu
842 1194 1055 1249 intelliges.
1113 1194 1217 1235 Mihi
1252 1195 1455 1236 simulatio
1490 1210 1559 1250 pro
1595 1193 1871 1250 repudiatione

103 1268 236 1309 fuerit.
275 1268 432 1312 Τοῦτο
465 1263 516 1311 δὲ
551 1266 764 1327 μηλώσῃ.
806 1270 846 1309 3.
881 1269 941 1309 De
976 1268 1169 1310 Caerellia
1204 1268 1300 1323 quid
1334 1268 1411 1310 tibi
1446 1269 1619 1324 placeret
1652 1268 1747 1309 Tiro
1770 1266 1871 1308 mihi

103 1343 299 1384 narravit:
346 1343 490 1385 debere
530 1359 610 1385 11011
655 1359 738 1384 esse
783 1342 995 1398 dignitatis
1038 1357 1160 1393 meae,
1205 1343 1534 1398 perscriptionem
1576 1342 1653 1384 tibi
1700 1342 1870 1398 placere,

105 1418 186 1458 Hoc
235 1423 416 1470 metuere,
458 1420 627 1460 alterum
674 1419 714 1458 in
758 1423 860 1458 metu
909 1432 983 1457 non
1022 1432 1180 1470 ponere.
1233 1416 1310 1457 Sed
1356 1422 1396 1457 et
1428 1416 1525 1457 haec
1559 1421 1599 1457 et
1632 1415 1759 1457 multa
1794 1415 1871 1456 alia

100 1506 245 1533 coram.
281 1491 525 1534 Sustinenda
558 1497 706 1541 tamen,
742 1491 775 1532 si
808 1489 885 1531 tibi
918 1488 1136 1540 videbitur,
1162 1489 1308 1530 solutio
1332 1494 1393 1529 est
1416 1489 1591 1530 nominis
1615 1489 1867 1544 Caerelliani,

101 1566 196 1608 dum
231 1572 271 1607 et
304 1566 353 1608 de
388 1567 553 1608 Metone
586 1572 626 1607 et
659 1566 707 1607 de
742 1563 910 1606 Faberio
945 1564 1131 1605 sciamus.

145 1746 162 1785 ξ
188 1745 214 1775 1.
241 1743 381 1776 Tironem
404 1750 464 1776 cet.
504 1744 604 1775 Hunc
627 1743 751 1775 Romae
773 1747 959 1783 aegrotasse
980 1750 982 1787 Ἰ
1054 1739 1172 1777 Quibus
1188 1750 1305 1782 parere
1325 1750 1428 1771 omnes
1460 1736 1630 1773 πολιτικοὶ
1652 1738 1866 1781 praecipiunt.

103 1799 244 1831 vidimus
267 1799 301 1829 in
325 1808 375 1840 ep.
399 1799 450 1836 49,
473 1798 501 1829 2.
524 1797 661 1829 Praeter
683 1806 774 1838 spem
790 1795 960 1828 Ciceronis
981 1795 982 1844 1
1008 1799 1049 1830 cf.
1074 1799 1167 1830 Fam,
1191 1800 1219 1830 Ι,
1242 1800 1270 1837 9,
1295 1799 1344 1831 21,

104 1853 168 1883 iam
191 1859 327 1884 venerat
348 1853 382 1884 in
406 1851 646 1883 Tusculanum.
1052 1853 1164 1885 Τοῦτο
1195 1848 1234 1885 δὲ
1260 1849 1398 1901 μηλὼσῃ
1430 1862 1464 1883 o:
1495 1853 1552 1884 sed
1574 1852 1636 1882 hoc
1659 1857 1696 1882 tu
1719 1851 1866 1892 explora-

148 1906 245 1947 Quam
267 1907 295 1937 si
327 1917 408 1937 unns
440 1916 535 1938 essee.
565 1906 650 1937 Cum
680 1905 821 1936 Ernesto
851 1907 884 1934 lu
914 1905 960 1935 in·
1007 1908 1102 1939 veris,
1114 1905 1256 1955 μηλὼσῃ
1274 1914 1323 1941 est
1337 1907 1395 1939 fut.
1411 1908 1495 1939 med.
1509 1906 1601 1938 verbi
1619 1903 1763 1951 μηλοῦν,
1778 1907 1867 1946 quod

101 1963 277 1993 serendum
299 1968 387 2003 puto.
980 1995 982 2006 γ
1008 1968 1058 1993 051
1080 1962 1294 1999 medicorum,
1319 1961 1378 2002 qui
1399 1958 1488 2008 μὴλῃ
1514 1960 1568 1991 vel
1586 1959 1715 2001 specillo
1729 1959 1868 1990 vulnera

144 2017 170 2045 ,1
198 2015 358 2046 Peducaeo
374 2014 480 2056 ulique
496 2024 529 2045 o:
554 2014 670 2046 saltem
684 2023 756 2055 post
772 2014 959 2045 auctionem
979 2022 981 2060 ἦ
1005 2020 1189 2060 explorant,
1213 2018 1301 2050 Gall,
1323 2018 1447 2050 sonder‚

101 2069 134 2100 S·
158 2069 332 2101 Peducaei.
356 2069 396 2100 cf·
420 2078 468 2110 ep.
493 2069 541 2098 50·
1047 2075 1065 2114 ξ
1089 2075 1118 2104 3.
1143 2072 1263 2104 Debere
1285 2083 1319 2103 οε
1364 2073 1547 2104 debitorem
1581 2081 1651 2103 esse
1673 2070 1868 2108 Caerelliae,

143 2124 161 2162 ἓ
184 2122 202 2152 2
225 2122 273 2153 De
302 2121 331 2151 V
327 2121 452 2163 erqilio·
474 2121 515 2152 cf·
539 2121 643 2152 XIII·
667 2122 716 2159 25,
742 2122 767 2152 l·
979 2130 980 2133 ’
1005 2138 1070 2159 non
1094 2128 1231 2159 solvere.
1270 2127 1460 2158 Pronomen
1491 2126 1532 2164 ei,
1562 2126 1595 2156 in
1629 2125 1724 2156 nullo
1753 2125 1866 2156 codiee

145 2174 182 2205 Ut
205 2178 353 2215 tempora.
383 2175 547 2216 Supplent
562 2175 740 2215 postulant.
772 2173 858 2204 Mihi
882 2173 954 2203 lon·
978 2178 981 2209 2
1006 2182 1187 2218 inventum,
1210 2191 1278 2212 non
1300 2181 1516 2212 desideratur,

101 2240 141 2269 ge
164 2231 350 2272 quaesitum
384 2230 526 2267 videtur,
562 2239 667 2271 neque
694 2230 791 2260 video
817 2239 884 2270 qua
907 2238 953 2258 ra·
978 2217 980 2229 ⁴
1047 2232 1318 2274 Perscrz'ptz'onem.
1341 2233 1382 2264 cf.
1406 2234 1515 2264 adnot.
1536 2234 1577 2263 ad
1600 2233 1662 2263 IV.
1688 2232 1736 2270 17,
1758 2233 1788 2264 2.

99 2284 188 2315 tione
212 2283 375 2315 laboranti
397 2283 579 2314 sententiae
602 2292 783 2319 succurras‚
807 2282 871 2312 nisi
893 2287 953 2312 sta·
1046 2288 1114 2319 Hoc
1126 2306 1168 2311 —·
1171 2297 1300 2328 ponere.
1325 2288 1450 2319 Versus
1462 2287 1580 2318 incerti
1596 2287 1746 2324 auctoris,
1763 2297 1863 2328 quem

99 2345 171 2368 tuas
194 2344 266 2378 post
287 2347 318 2367 v.
334 2335 537 2376 praecipiunt
561 2342 692 2376 propter
723 2336 890 2367 literarum
915 2335 955 2366 si-
1002 2340 1116 2372 Cicero
1139 2341 1280 2372 adduxit
1302 2341 1421 2372 iterum
1445 2340 1532 2371 infra
1554 2339 1652 2371 XIV,
1677 2341 1714 2370 21
1740 2347 1773 2371 et
1794 2341 1863 2371 To-

97 2391 323 2438 militudinem
345 2390 506 2422 excidisse
522 2389 704 2429 patiuntur.
728 2388 831 2420 Cuius
850 2389 952 2430 5115ρί-
1002 2395 1064 2436 pic,
1088 2397 1140 2424 55.
1174 2394 1245 2425 Hoc
1270 2394 1480 2425 referendum
1503 2399 1551 2426 est
1573 2395 1613 2425 ad
1635 2394 1754 2431 debere,
1783 2394 1863 2425 alte-

98 2445 201 2475 cionis
230 2454 272 2475 ne
302 2454 390 2475 nunc
420 2443 553 2484 quidem
582 2451 634 2473 me
664 2435 817 2482 poenitet,
851 2452 952 2482 quum
976 2452 978 2486 ³1
1001 2458 1066 2478 rum
1091 2448 1132 2478 ad
1147 2447 1415 2488 perscriptionem,

98 2498 176 2538 legi,
199 2507 282 2538 quae
304 2496 455 2528 Moserus
478 2496 518 2526 de
540 2495 686 2525 hocloco
698 2494 827 2535 scripsit
839 2493 953 2535 Symb.
976 2489 979 2531 1
1043 2498 1236 2530 Sustinenda
1275 2506 1322 2531 est
1359 2500 1538 2531 differenda
1580 2500 1633 2531 vel
1670 2499 1861 2531 inhibenda.

98 2553 179 2583 (ji-it.
204 2552 267 2583 V1.
292 2562 323 2593 p.
346 2552 374 2589 6,
398 2551 490 2593 quasi
514 2560 611 2581 nemo
633 2555 701 2580 tam
718 2549 839 2580 stultus
859 2556 953 2587 esset,
1001 2552 1041 2583 cf.
1067 2552 1171 2584 XIII.
1195 2553 1244 2590 21,
1269 2553 1297 2584 3.

96 2606 177 2647 quin
200 2605 326 2638 videret
348 2604 558 2636 scribendum
582 2613 651 2635 esse
674 2604 709 2633 ut
721 2605 794 2633 sunt
806 2605 953 2642 tempora.
1044 2605 1092 2637 ‚De
1115 2605 1250 2644 Melone,
1274 2606 1331 2647 qui
1347 2606 1436 2637 tarde
1453 2605 1611 2637 solvebat.
1632 2605 1672 2636 cs.
1684 2605 1766 2636 XII.
1789 2606 1817 2642 3,
1830 2605 1859 2636 2.

97 2659 170 2697 Ego
192 2669 270 2690 vero
292 2669 358 2690 non
381 2658 489 2690 video.
978 2678 980 2697 ι

706 2765 805 2807 HJ.
864 2766 934 2819 (A.
975 2765 1019 2808 U.
1058 2769 1100 2809 C.
1138 2768 1256 2822 709.)

163 2884 200 2923 1.
247 2882 294 2923 L.
336 2880 511 2924 Tullium
555 2881 794 2922 Montanum
834 2883 953 2933 nosti,
987 2883 1057 2937 qui
1091 2898 1181 2923 cum
1215 2883 1405 2924 Cicerone
1436 2884 1636 2939 profectus
1669 2886 1742 2922 est.
1792 2879 1856 2922 Ab

98 2956 183 2998 eius
230 2957 372 2998 sororis
421 2957 504 2997 viro
547 2955 682 2997 literas
729 2956 877 3011 accepi,
920 2956 1162 2998 Montanum
1204 2956 1353 2997 Planco
1398 2955 1556 3007 debere,
1603 2954 1710 3010 quod
1743 2969 1856 3010 praes

140 3122 158 3161 ξ
183 3122 210 3152 1.
237 3120 326 3161 Quod
341 3132 440 3163 praes
456 3131 516 3162 pro
534 3120 690 3152 Flaminio
701 3119 754 3151 sit.
776 3119 956 3152 Montanus
991 3120 1086 3152 hasta
1109 3120 1259 3153 Caesaris
1284 3129 1416 3155 emerat.
1455 3122 1521 3154 Pro
1544 3121 1692 3152 debitore
1721 3120 1855 3160 praedes

102 3174 228 3207 videtur
250 3184 342 3216 praes
365 3175 464 3207 fuisse
487 3174 656 3211 Flaminii,
688 3173 744 3214 qui
767 3173 892 3215 aliquid
915 3175 954 3205 de
974 3217 980 3239 Λ
1000 3173 1123 3206 aerario
1146 3175 1283 3215 obligati
1315 3181 1416 3207 erant.
1453 3175 1489 3207 Si
1520 3175 1576 3206 illc
1606 3183 1671 3206 non
1702 3173 1854 3208 solveret,
