2062 3565
720 151 826 195 LIB.
860 152 976 196 XIV.

731 342 804 384 VI.

1012 152 1097 195 ΕΡ.
1132 154 1267 194 5-Τ.

869 342 935 395 (A.
977 341 1022 382 [J.
1060 341 1101 382 C.
1139 340 1257 394 710.)

175 459 214 499 1.
259 456 394 499 Pridie
440 457 539 500 Idus
583 456 737 498 Fundis
780 458 914 514 accepi
963 461 1054 499 tuas
1102 457 1236 499 literas
1281 471 1467 498 coenans.
1519 455 1698 497 Primum
1745 454 1870 510 igitur

111 531 253 574 melius
285 545 384 583 esse,
420 530 565 573 deinde
598 529 762 571 meliora
795 535 834 572 te
868 530 1069 572 nuntiare.
1117 530 1267 573 Odiosa
1299 530 1368 572 illa
1401 530 1507 572 enim
1541 530 1714 580 fuerant,
1748 529 1869 584 legio-

109 620 180 648 nes
222 605 373 647 venire.
427 605 533 646 Nam
578 603 627 645 de
671 603 840 645 Octavio
883 619 1029 660 susque
1077 603 1220 659 deque.
1269 604 1469 660 Exspecto
1511 602 1607 659 quid
1641 602 1690 644 de
1725 602 1868 653 Mario,

111 669 229 734 quem
269 677 432 734 quidem
476 692 550 733 ego
593 675 796 718 sublatum
839 676 954 718 rebar
995 693 1017 719 a
1061 677 1243 719 Caesare.
1296 678 1464 719 Antonii
1502 676 1746 731 colloquium
1779 691 1868 717 cum
1912 692 1926 717 5

108 750 297 794 heroibus
337 752 485 794 nostris
528 766 599 807 pro
643 766 685 793 re
729 755 825 793 nata
869 766 950 793 non
1000 750 1314 792 incommodum.
1364 750 1443 793 Sed
1475 756 1609 793 tamen
1642 749 1775 791 adhuc
1810 764 1870 790 me

108 825 210 867 nihil
253 824 425 866 delectat
467 828 622 881 praeter
673 823 772 866 Idus
816 824 999 866 Martias.
1054 825 1176 875 Nam,
1224 825 1412 879 quoniam
1458 824 1614 866 Fundis
1658 839 1745 865 sum
1779 838 1871 865 cum

108 896 257 953 Ligure
299 902 450 949 nostro,
491 897 711 939 discrucior
744 897 900 939 Sextilii
934 896 1106 939 fundum
1140 912 1163 939 a
1195 896 1411 939 verberone
1444 897 1618 939 Curtilio
1650 897 1846 953 possideri
1861 915 1872 948 ;

108 971 217 1028 quod
250 986 373 1028 quum
406 971 511 1022 dico,
556 970 605 1012 de
636 974 722 1012 toto
766 985 909 1026 genere
953 970 1058 1012 dico.
1095 974 1136 1012 2.
1169 970 1288 1023 Quid
1314 971 1422 1012 enim
1455 971 1639 1013 miserius
1673 987 1792 1026 quam
1827 987 1872 1014 ca

107 1060 181 1087 nos
212 1045 332 1096 tueri,
367 1049 528 1101 propter
560 1059 662 1100 quae
695 1043 809 1085 illum
843 1042 1079 1086 oderamus?
1112 1044 1285 1086 etiamne
1319 1043 1502 1086 consules
1535 1050 1576 1086 et
1607 1044 1791 1087 tribunos
1817 1044 1874 1101 pl.
1894 1066 1931 1094 10

108 1119 152 1161 in
184 1118 406 1170 biennium,
441 1133 540 1174 quos
571 1117 639 1160 ille
672 1118 829 1160 voluit?
861 1118 987 1160 Nullo
1020 1117 1138 1159 modo
1173 1118 1340 1174 reperio,
1365 1118 1703 1174 quemadmodum
1726 1119 1875 1175 possim

110 1189 473 1237 πολιτεύεσθαι.
522 1191 640 1234 Nihil
673 1191 781 1233 enim
814 1196 897 1232 tam
930 1187 1180 1243 σόλοικον,
1215 1206 1335 1247 quam
1367 1189 1801 1251 τυραννοκτόνους
1833 1192 1875 1233 in

110 1267 218 1309 caelo
261 1282 358 1318 esse,
391 1267 553 1323 tyranni
584 1266 691 1308 facta
722 1265 899 1308 defendi.
955 1265 1033 1308 Sed
1066 1266 1178 1308 vides
1211 1266 1409 1317 consules,
1443 1266 1555 1308 vides
1587 1266 1762 1322 reliquos
1795 1281 1877 1307 ma·

110 1341 316 1396 gistratus,
359 1340 393 1382 si
425 1340 494 1382 isti
526 1340 797 1395 magistratus,
832 1339 943 1382 vides
975 1340 1208 1396 languorem
1241 1340 1452 1383 bonorum.
1497 1341 1694 1383 Exultant
1724 1340 1878 1382 laetitia

109 1414 153 1456 in
195 1413 441 1470 municipiis.
490 1413 583 1455 Dici
625 1414 733 1455 enim
777 1429 858 1457 non
904 1418 1037 1470 potest
1071 1419 1221 1470 quanto
1254 1430 1370 1470 opere
1403 1414 1620 1470 gaudeant,
1654 1419 1701 1456 ut
1733 1415 1783 1456 ad
1816 1430 1878 1456 me
1899 1426 1934 1453 15

111 1491 363 1538 concurrant,
397 1491 443 1528 ut
474 1486 613 1528 audire
646 1487 812 1543 cupiant
843 1502 932 1530 mea
964 1486 1085 1529 verba
1118 1487 1167 1529 de
1200 1503 1299 1544 rep„
1331 1502 1404 1529 nec
1426 1487 1509 1529 ulla
1531 1487 1683 1529 interea
1706 1487 1878 1529 decreta.

113 1561 178 1603 Sic
210 1561 318 1602 enim
351 1556 759 1618 πεπολιτεύμεθα,
794 1565 841 1602 ut
872 1561 999 1603 victos
1033 1565 1316 1604 metueremus.
1350 1562 1462 1604 Haec
1494 1561 1545 1603 ad
1577 1566 1618 1603 te
1650 1562 1791 1618 scripsi
1814 1578 1879 1618 ap-

112 1634 243 1691 posita
284 1626 460 1677 secunda
494 1649 646 1677 mensa.
703 1635 826 1677 Plura
858 1640 898 1677 et
931 1631 1288 1695 πολιτικώτερα
1319 1639 1471 1692 postea,
1506 1640 1546 1677 et
1577 1640 1623 1677 tu
1656 1635 1754 1690 quid
1787 1650 1882 1691 agas

115 1707 292 1763 quidque
325 1712 484 1764 agatur.

157 1817 196 1848 16
218 1817 312 1849 verba
337 1828 406 1849 mea
429 1828 467 1849 ea
489 1817 530 1849 de
550 1827 585 1849 re
608 1835 649 1840 —

159 1932 178 1973 5
201 1931 230 1963 1.
252 1931 369 1963 Melius
391 1942 459 1964 esse
480 1942 514 1964 οε
538 1931 658 1965 febrim
681 1942 700 1964 a
719 1937 752 1964 te
774 1933 974 1965 discessisse.

119 1986 169 2019 Cf.
193 1997 242 2029 ep.
265 1990 282 2019 5
306 1988 352 2019 in.

162 2039 211 2071 De
236 2040 366 2072 Octavio
389 2050 500 2083 susque
521 2041 630 2083 deque.
655 2056 669 2067 u
684 2041 858 2082 Significat
869 2050 981 2083 susque

119 2095 216 2137 deque
228 2095 322 2136 ferre
342 2096 488 2137 (habere)
511 2096 622 2128 animo
645 2105 750 2137 aequo
765 2105 835 2127 esse
847 2100 879 2127 et
893 2096 982 2136 quod

121 2149 246 2181 accedit
268 2159 335 2181 non
359 2150 475 2191 magni
506 2150 660 2191 pendere,
696 2154 795 2190 atque
818 2149 983 2181 interdum

122 2202 292 2243 negligere
315 2207 347 2234 et
368 2208 582 2234 contemnere
612 2208 645 2234 et
673 2203 912 2244 propemodum
950 2203 984 2234 id

123 2256 220 2294 valet,
242 2257 330 2298 quod
356 2257 476 2288 dicitur
497 2255 621 2288 Graece
645 2247 880 2304 ἀδιαφορεῖν.”
910 2255 984 2287 Gel-

124 2313 188 2345 lius
209 2313 253 2345 N.
276 2314 323 2345 A.
347 2313 446 2346 XVI.
469 2314 499 2346 9.

165 2365 319 2407 Exspecto
341 2367 418 2409 quid
438 2367 476 2398 de
498 2367 606 2399 Mario
628 2373 690 2399 cet.
719 2367 771 2399 De
791 2368 854 2399 hoc
875 2367 985 2399 Mario

125 2420 249 2452 dictum
271 2425 320 2452 est
341 2420 375 2452 in
400 2430 450 2462 ep.
474 2421 525 2459 49,
549 2421 606 2452 lib.
628 2420 712 2458 XII,
743 2426 776 2452 et
799 2421 902 2452 verbo
925 2430 983 2452 no-

125 2475 270 2507 minatur
297 2475 331 2506 h.
363 2475 384 2506 1.
420 2484 469 2516 ep.
500 2474 518 2507 7
553 2479 586 2506 et
616 2475 645 2505 8.
675 2474 742 2506 Sed
763 2484 781 2506 e
802 2474 891 2506 Phil.
914 2475 942 2506 Ι.
965 2475 982 2505 5

126 2533 260 2570 apparet
281 2538 396 2560 verum
419 2527 565 2560 Marium
587 2528 654 2559 iam
665 2528 745 2559 olim
760 2528 905 2570 periisse,
920 2528 979 2560 fal-

126 2581 249 2613 sarium
271 2582 436 2623 quendam
458 2582 527 2614 eius
550 2591 672 2614 nomen
693 2582 870 2624 sumpsisse
899 2589 932 2614 et
966 2593 984 2613 a

127 2634 319 2666 consulibus
344 2635 464 2666 ultimo
497 2634 658 2676 supplicio
686 2635 841 2667 affectum
869 2644 949 2667 esse.

130 2690 207 2722 Vid.
231 2689 352 2722 onom.
375 2691 572 2722 Tullianum
596 2690 629 2722 in
652 2691 800 2722 nomine.

1025 1933 1105 1965 XV.
1128 1932 1178 1971 26,
1213 1934 1234 1963 4
1268 1938 1302 1964 et
1331 1932 1381 1970 29,
1415 1932 1432 1963 1
1474 1931 1519 1963 M.
1548 1931 1660 1962 Aelius
1691 1931 1884 1973 appellatur.

1067 1988 1116 2020 De
1138 1990 1203 2019 toto
1221 1998 1337 2030 yenere
1359 1998 1393 2019 o:
1425 1988 1466 2018 de
1489 1987 1644 2018 omnibus
1668 1986 1883 2024 Caesarianis,

1027 2043 1084 2084 qui
1106 2043 1215 2074 aliena
1236 2042 1405 2084 possident
1426 2051 1488 2073 nec
1511 2051 1549 2073 ea
1578 2041 1721 2082 antiquis
1742 2041 1885 2072 dominis

1028 2097 1199 2128 restituere
1224 2100 1398 2138 coguntur.
1420 2095 1519 2127 Redit
1535 2095 1601 2127 huc
1613 2095 1647 2127 in
1664 2105 1713 2136 ep.
1728 2095 1775 2133 10,
1788 2095 1837 2126 211
1863 2095 1885 2126 l.

1071 2151 1090 2191 ξ
1113 2151 1142 2182 2.
1165 2150 1204 2181 In
1218 2149 1382 2181 biennium.
1398 2149 1519 2180 Narrat
1537 2159 1667 2190 quoque
1679 2149 1743 2180 Dio
1755 2149 1886 2180 XLIII.

1031 2205 1068 2235 51
1094 2203 1234 2236 Caesare
1255 2204 1296 2234 ad
1320 2203 1446 2235 bellum
1475 2203 1671 2234 Parthicum
1701 2202 1887 2243 profecturo

1030 2257 1242 2298 magistratus
1265 2257 1298 2288 in
1330 2256 1511 2288 triennium
1541 2261 1667 2287 creatos
1698 2265 1778 2293 esse,
1807 2264 1887 2286 con-

1031 2312 1119 2344 sules
1142 2316 1251 2343 autem
1273 2317 1306 2343 et
1327 2311 1476 2342 tribunos
1498 2310 1605 2352 plebis
1629 2310 1718 2342 solos
1738 2310 1774 2342 in
1800 2310 1887 2341 bien-

1031 2365 1135 2397 nium.
1167 2365 1281 2396 Minus
1316 2369 1464 2396 accurate
1499 2363 1677 2395 Suetonius
1700 2364 1735 2395 in
1759 2363 1824 2395 Iul.
1848 2362 1888 2395 76

1031 2423 1142 2450 narrat
1174 2417 1349 2450 Caesarem
1369 2418 1582 2460 magistratus
1603 2417 1638 2448 in
1653 2417 1767 2458 plures
1788 2426 1890 2448 annos

1031 2475 1213 2507 ordinasse.

1073 2528 1148 2560 Mea
1171 2527 1262 2558 verba
1284 2528 1325 2558 de
1346 2537 1411 2568 rep.
1451 2525 1576 2568 Scripsi
1605 2536 1682 2557 cum
1709 2532 1890 2557 correctore

1031 2582 1109 2614 libri
1138 2583 1227 2614 Med.
1271 2582 1361 2614 Male
1393 2581 1497 2622 vulgo
1525 2590 1601 2612 cum
1632 2581 1734 2612 Bosio
1768 2581 1889 2612 editur:

1038 2636 1136 2668 Verba
1157 2646 1223 2667 mea
1247 2646 1284 2667 ea
1307 2635 1347 2667 de
1370 2646 1414 2666 re.

1076 2690 1229 2731 Apposita
1251 2689 1390 2721 secunda
1413 2699 1519 2720 mensa
1542 2699 1576 2720 οι
1606 2689 1667 2721 sub
1698 2689 1799 2720 finem
1821 2698 1890 2720 coc-

176 2741 249 2774 Cum
271 2742 387 2785 Liqure
408 2747 526 2776 nostro.
562 2743 715 2776 Fortasse
738 2744 826 2776 idem
850 2748 908 2781 est,
930 2744 988 2785 qui
1035 2754 1109 2783 nae,
1131 2754 1234 2785 quum
1251 2744 1317 2775 iam
1330 2749 1459 2785 tempus
1472 2743 1572 2774 eundi
1584 2742 1731 2774 cubitum
1744 2742 1890 2773 instaret.

741 2851 838 2893 VII.

903 2851 968 2904 (A.
1011 2850 1056 2891 U.
1094 2852 1136 2892 C.
1173 2851 1291 2905 710.)

199 2967 239 3007 1.
272 2965 470 3007 Postridie
504 2965 603 3007 Idus
635 2965 823 3008 Paullum
854 2967 898 3008 in
927 2965 1066 3008 Caieta
1099 2965 1195 3007 vidi.
1241 2966 1283 3008 Is
1315 2964 1416 3006 mihi
1449 2964 1498 3006 de
1534 2963 1663 3004 Mario
1696 2968 1736 3003 et
1768 2961 1816 3002 dc
1850 2976 1890 3002 rc

177 3085 198 3116 2
218 3084 367 3117 Paullum
395 3084 528 3117 Caietae
551 3103 591 3107 —

179 3186 198 3225 ξ
221 3185 249 3216 1.
273 3185 312 3217 In
351 3186 474 3218 Caieta.
504 3186 554 3217 Cs.
587 3187 628 3217 ad
650 3186 751 3218 VIII.
779 3188 809 3224 3,
833 3187 862 3218 6.
907 3187 982 3219 Non
1009 3188 1014 3227 Ι
1041 3197 1121 3229 opus
1144 3195 1200 3225 est,
1223 3194 1259 3218 ut
1282 3188 1333 3219 vel
1356 3196 1429 3218 cuin
1447 3186 1610 3216 Lambino
1626 3185 1657 3214 in
1675 3184 1825 3214 Caietano
1841 3184 1890 3215 vel

1626 3240 1709 3280 1κῆ
