2062 3565
162 152 217 191 14
559 149 641 189 ΕΡ.
678 147 753 187 AD
786 147 830 186 T.
868 141 1223 184 POMPONIUM
1258 138 1521 180 ATTICUM.

161 268 438 325 suetudinem!
486 282 745 324 Conieceram
778 280 821 320 in
854 277 1091 319 fasciculum
1124 289 1205 316 una.
1230 289 1331 315 cum
1363 278 1436 315 tua
1469 276 1694 314 vementem
1729 269 1780 312 ad
1812 269 1927 310 illum

160 358 390 412 epistolam:
424 357 526 398 hanc
560 356 610 397 ad
644 369 705 396 me
739 352 875 394 referri
909 351 1012 400 volo,
1047 364 1120 392 nec
1154 348 1278 391 ullam
1313 346 1364 389 ob
1399 347 1517 389 aliam
1553 362 1714 390 cansam
1737 347 1931 390 Pollicem

163 430 338 484 [servum
387 446 408 471 av
441 429 610 486 pedibus
644 428 795 481 meum]
833 426 1001 466 Romam
1034 423 1139 464 misi.
1193 423 1253 463 Eo
1287 426 1420 464 autem
1455 422 1505 463 ad
1539 427 1577 463 te
1612 422 1766 478 scripsi,
1800 428 1862 471 ut,
1897 423 1930 462 si

159 502 235 542 tibi
268 502 367 543 forte
401 503 557 545 reddita
591 506 706 551 esset,
742 499 842 540 mihi
877 512 1034 539 curares
1068 495 1332 547 referendam,
1367 512 1415 538 ne
1449 496 1492 537 in
1525 495 1635 537 illius
1667 511 1811 538 manus
1845 511 1933 552 per-

127 595 140 619 5
160 576 325 617 veniret.
373 580 413 617 2.
458 576 565 616 Novi
607 575 639 614 si
681 573 777 628 quid
820 577 938 621 esset,
985 561 1245 626 scripsissem.
1280 569 1442 611 Pendeo
1477 570 1600 611 animi
1634 570 1933 626 exspectatione

160 649 411 698 Corfiniensi,
445 649 488 690 in
523 663 601 701 qua
635 646 683 687 de
719 646 847 688 salute
881 645 938 686 rei
972 643 1159 700 publicae
1193 643 1436 686 decernitur.
1482 645 1544 685 Tu
1577 642 1830 694 fasciculum,
1865 643 1933 698 qui

161 728 220 764 est
252 722 327 763 Μ’.
362 722 502 763 CVRIO
542 720 776 775 inscriptus,
812 718 932 760 velim
978 733 1093 759 cures
1127 717 1176 758 ad
1212 732 1303 758 eum
1338 717 1632 773 perferendum,
1668 717 1934 771 Tironemque

162 795 284 836 (311110
318 793 583 843 commendes,
619 798 659 833 et
691 798 738 833 ut
771 792 838 833 det
871 792 921 842 ei,
957 791 990 832 si
1024 791 1121 845 quid
1156 806 1255 846 opus
1289 791 1364 831 erit
1396 791 1437 831 in
1473 794 1692 846 sumptum,
1727 805 1856 845 roges.

204 962 218 991 1
243 960 412 991 venientem
439 979 477 982 —-
500 960 519 989 2
540 959 710 995 Pollucem,
734 967 856 987 serrum
883 968 901 985 a
925 955 1052 995 pedibvs
1077 965 1171 986 meum
1196 974 1235 979 —-
1260 956 1276 988 7
1303 964 1368 986 Des
1392 956 1436 987 Μ’.
1461 964 1566 987 ormo
1589 973 1630 979 -——
1653 957 1671 987 8
1693 955 1890 989 commendes,
1904 956 1938 985 ut

162 1014 201 1051 ei,
225 1016 259 1044 nt
275 1013 366 1053 petii,
390 1014 417 1044 si
441 1033 481 1036 -
504 1014 618 1054 eroqel.
642 1031 679 1035 —

212 1161 396 1192 I'emenlem.
419 1161 471 1192 Ita
483 1161 694 1192 scribendum
706 1166 754 1191 est
766 1166 942 1197 contracte,
958 1171 1024 1192 11011

165 1225 239 1246 011111
262 1215 403 1245 Ernesto
425 1214 640 1250 vehementem,
657 1223 759 1254 quum
774 1214 806 1244 111
821 1214 914 1244 codd.
928 1214 1026 1254 scrip-

165 1268 205 1298 tis
242 1274 273 1298 et
321 1267 416 1298 editis
453 1265 625 1297 venientem
655 1270 770 1303 exstet,
801 1267 889 1307 quod
919 1267 1025 1307 ipsum

165 1320 258 1350 nullo
287 1320 386 1350 modo
416 1318 549 1350 defendi
581 1323 698 1359 potest.
726 1318 766 1349 cf.
789 1318 1026 1350 Lachmannus

165 1374 206 1404 ad
235 1374 333 1404 Luer.
364 1373 410 1410 ΙΙ,
444 1373 535 1404 1024.
564 1372 664 1404 Gellii
695 1374 776 1404 locis
808 1373 854 1404 ibi
885 1373 1026 1404 laudatis

166 1428 238 1459 add.
262 1427 325 1464 XI,
349 1428 398 1458 18.
421 1427 609 1458 vementibus
631 1430 660 1458 el
678 1428 856 1458 illustribus
873 1427 1026 1458 verbis.—

165 1480 272 1512 Paulo
295 1486 371 1511 ante
394 1480 508 1521 scripsi
536 1480 594 1511 sed
621 1491 716 1512 meam
748 1480 1026 1517 mansuetudinem,

165 1543 267 1574 quum
290 1534 324 1564 in
347 1533 437 1564 Med.
459 1543 477 1563 0
500 1543 567 1564 non
591 1534 792 1565 inveniatur.

210 1587 357 1618 Pollicem
382 1587 521 1628 [servum
543 1598 562 1617 a
578 1587 712 1628 pedihus
734 1587 859 1627 meum].
890 1586 1027 1617 Pollicis

168 1641 293 1672 mentio
315 1641 352 1671 fit
374 1640 468 1671 Fam.
491 1640 589 1672 XIV.
614 1641 641 1671 6.
680 1641 750 1672 Att.
775 1640 880 1671 XIII.
903 1640 952 1677 46,
977 1639 1026 1677 47,

168 1695 218 1725 48.
243 1694 337 1732 Quae
361 1695 526 1724 adduntur
547 1694 675 1731 seclusi,
698 1694 858 1734 quoniam
879 1693 961 1724 tales
982 1692 1027 1723 of-

167 1748 319 1779 ficiorum
341 1747 586 1788 designationes
610 1746 778 1779 Ciceronis
801 1751 905 1778 aetate
929 1746 1027 1777 inusi-

169 1808 255 1833 tatae
279 1807 372 1833 erant
394 1806 426 1833 et
448 1806 560 1842 postea
582 1802 717 1832 demum
739 1801 773 1832 111
795 1811 858 1832 usu
874 1810 944 1832 esse
959 1810 1028 1832 coe-

169 1860 296 1895 perunt..
319 1854 462 1885 Ursinus
485 1863 614 1895 quoque
639 1853 843 1894 grammatici
866 1853 1029 1884 scholium

170 1908 316 1948 putabat.

213 1952 273 2000 §2
306 1959 551 2000 &spectatione
584 1959 771 1999 Corfiniensi
808 1969 840 1990 o:
864 1964 1031 1999 exspecta-

172 2015 261 2045 tione
284 2024 408 2051 eorum,
433 2023 517 2054 quae
541 2014 582 2044 ad
605 2012 788 2044 Corfinium
802 2017 893 2053 gesta
910 2018 1031 2044 suntet

173 2077 346 2110 geruntur.
369 2069 409 2100 cf.
434 2079 483 2110 ep.
506 2071 534 2107 3,
559 2069 587 2101 7.
611 2068 677 2100 Sed
699 2069 731 2099 in
753 2079 813 2110 qua
837 2079 940 2109 quum
963 2080 1030 2100 11011

171 2124 271 2164 possit
294 2123 406 2154 referri
430 2124 471 2153 ad
500 2123 770 2163 exspectationem,
802 2123 854 2154 vel
887 2123 1029 2154 scriben-

801 2241 872 2281 VJ.
938 2242 1003 2294 (Α.

1078 1161 1158 1191 dum
1180 1166 1229 1191 est
1251 1158 1484 1199 exspectatione
1506 1158 1553 1189 rei
1581 1157 1793 1199 Corfiniensi&
1811 1157 1864 1188 vel
1877 1166 1940 1191 ser-

1076 1214 1161 1245 vatis
1184 1214 1260 1251 illis,
1285 1218 1321 1244 ut
1343 1219 1432 1250 sunt,
1453 1212 1486 1242 in
1511 1223 1571 1254 qua
1596 1222 1640 1242 re.

1118 1266 1165 1296 M*
1190 1266 1292 1297 Curio.
1332 1265 1428 1297 Certe
1460 1265 1637 1306 inscriptus
1668 1269 1736 1295 erat
1767 1262 1814 1293 Μ’
1839 1262 1940 1300 Curio,

1077 1331 1143 1351 non
1166 1320 1222 1351 des
1244 1319 1292 1350 M*
1319 1318 1422 1356 Curio,
1453 1320 1542 1360 quod
1574 1324 1645 1349 tum
1675 1318 1809 1349 demum
1838 1316 1942 1349 feren-

1075 1373 1156 1404 dum
1179 1378 1235 1410 est,
1259 1373 1287 1404 si
1309 1372 1436 1413 reliqua
1458 1372 1492 1403 in
1509 1372 1597 1402 hunc
1613 1371 1750 1402 modum
1776 1370 1939 1410 corrigas:

1077 1425 1127 1457 cui
1141 1428 1187 1457 est
1210 1434 1276 1456 Dns
1292 1427 1329 1456 Μ’
1353 1434 1457 1457 cumo
1473 1424 1666 1465 inscriptum.
1691 1424 1891 1463 Quidlateat
1905 1423 1939 1454 in

1077 1479 1182 1510 literis
1205 1487 1252 1509 m:
1275 1488 1359 1519 quae
1390 1478 1423 1509 in
1454 1478 1548 1509 codd.
1580 1486 1701 1508 nomen
1731 1477 1940 1518 praecedunt,

1077 1532 1104 1563 si
1127 1533 1160 1563 in
1184 1532 1251 1563 illis
1274 1532 1401 1572 aliquid
1429 1532 1518 1569 latet,
1548 1531 1622 1562 aliis
1654 1530 1872 1562 divinandum
1894 1539 1941 1561 re-

1077 1586 1201 1627 linquo.
1224 1605 1264 1609 -
1286 1586 1335 1617 De
1354 1586 1413 1616 Μ’.
1427 1584 1538 1622 Curi0,
1555 1585 1613 1626 qui
1627 1585 1788 1616 Tironem
1805 1593 1939 1625 aegrum

1077 1639 1184 1670 Patris
1207 1644 1383 1676 curaverat,
1407 1639 1475 1669 vid.
1503 1638 1585 1669 VII.
1609 1639 1637 1676 2,
1662 1639 1690 1669 3.
1714 1638 1742 1674 3,
1767 1637 1816 1668 12.
1846 1637 1940 1668 Fam.

1078 1690 1178 1722 XV1.
1201 1692 1230 1728 4,
1255 1691 1283 1722 2.
1307 1691 1335 1728 9,
1360 1692 1389 1721 3.
1413 1690 1463 1727 11,
1489 1691 1517 1720 1.

1120 1743 1161 1774 Et
1182 1747 1217 1774 ut
1240 1744 1293 1775 clet
1317 1744 1356 1782 ei,
1379 1744 1407 1774 εἰ
1429 1743 1506 1785 quid
1527 1753 1604 1784 opu-s·
1626 1745 1688 1774 erit
1715 1743 1749 1774 in
1777 1745 1939 1783 sumptum,

1077 1807 1177 1839 royeS.
1199 1796 1323 1838 Scripsi
1347 1806 1390 1828 ex
1412 1806 1485 1828 mea
1508 1796 1749 1833 emendatione,
1780 1795 1892 1826 minus
1922 1805 1942 1826 a

1078 1851 1227 1892 vestigiis
1249 1851 1320 1882 eod.
1343 1851 1433 1882 Med.
1455 1851 1621 1887 recedens,
1653 1860 1752 1891 quam
1768 1849 1872 1890 vulgo
1892 1850 1940 1880 fit.

1079 1905 1166 1936 Nam
1189 1905 1235 1935 sic
1259 1910 1309 1935 est
1340 1905 1374 1935 in
1405 1905 1534 1936 codicez
1565 1905 1600 1935 nl
1629 1906 1663 1934 vl
1685 1903 1757 1944 peti
1778 1921 1820 1926 —
1841 1912 1940 1943 royes.

1077 1959 1195 1989 Lamb.
1218 1958 1277 1989 illa
1299 1958 1441 1989 mutavit
1463 1958 1516 1989 in:
1540 1959 1575 1988 ul
1599 1956 1637 1994 ei,
1663 1959 1698 1987 ut
1715 1957 1807 1997 petii,
1825 1956 1940 1988 Manu-

1077 2013 1141 2043 tius
1163 2022 1222 2053 pro
1244 2022 1334 2053 royes
1356 2012 1489 2053 scripsit
1505 2014 1619 2053 ero-qel.
1642 2011 1788 2052 Royandz'
1803 2011 1941 2042 verbum

1079 2068 1195 2100 Cicero
1218 2068 1311 2108 ponit
1340 2068 1374 2098 in
1407 2069 1520 2099 eadem
1550 2077 1584 2099 re
1613 2077 1662 2108 ep.
1695 2067 1713 2097 6
1744 2073 1844 2098 extr.:
1875 2065 1941 2107 Eyo

1081 2123 1206 2154 Curium
1230 2124 1377 2159 nostrum,
1400 2122 1429 2152 si
1451 2122 1528 2163 quid
1549 2131 1623 2161 opu-5
1646 2123 1736 2158 esset,
1761 2131 1916 2163 roqaram.

1045 2241 1089 2282 U.
1129 2243 1169 2282 0.
1208 2241 1326 2295 705.)

241 2358 278 2397 1.
315 2354 538 2409 Obsignata
571 2355 650 2396 iam
685 2356 866 2411 epistola,
902 2371 1021 2410 quam
1056 2357 1105 2398 de
1139 2362 1257 2398 nocte
1292 2355 1458 2397 daturus
1493 2370 1614 2407 eram,
1650 2355 1755 2397 sicut
1772 2354 1865 2397 dedi
1883 2379 1940 2385 -—

173 2444 265 2472 nam
306 2444 392 2469 eam
436 2429 589 2483 vesperi
634 2429 867 2484 scripseram
912 2455 968 2459 ——
1019 2431 1065 2471 C.
1101 2431 1237 2471 Sosius
1272 2434 1429 2484 praetor
1463 2428 1506 2469 in
1540 2429 1799 2469 Formianum
1832 2427 1942 2468 venit

175 2502 224 2545 ad
258 2503 316 2543 M.
353 2500 565 2558 Lepidum,
600 2501 777 2542 vicinum
813 2510 1008 2551 nostrum,
1045 2504 1159 2544 cuius
1194 2508 1378 2557 quaestor
1406 2501 1496 2543 fuit.
1531 2501 1713 2556 Pompeii
1735 2501 1941 2542 literarum

141 2587 154 2612 5
175 2575 223 2616 ad
259 2574 441 2615 consules
475 2574 698 2628 exemplum
735 2577 893 2616 attulirz

217 2746 236 2773 4
260 2742 317 2773 Ml
340 2741 489 2783 Lepidum
512 2760 551 2763 —

217 2891 236 2930 ξ
260 2891 289 2921 1.
313 2889 365 2920 Ad
393 2888 438 2919 M.
468 2887 634 2928 Lepidum.
658 2887 716 2917 M’.
741 2887 913 2928 Lepidum,
945 2886 1044 2926 Cons,
1089 2887 1181 2918 estin
1197 2885 1397 2927 Lepidorum
1414 2883 1601 2925 aequalium
1617 2883 1840 2915 multitudine.
1863 2883 1942 2915 Vid.

175 2954 203 2975 a.
227 2944 297 2982 688,
319 2943 373 2974 hic
402 2941 666 2982 intelligendum
688 2950 757 2972 esse
780 2941 921 2981 Pighius
951 2946 1065 2982 puta-
1088 2946 1226 2972 stemma
1258 2940 1461 2981 Lepidorum
1498 2939 1532 2969 in
1566 2937 1686 2970 Onom.
1722 2938 1813 2968 Tull.
1841 2947 1872 2978 p.
1903 2938 1941 2968 15

179 2997 242 3028 bat.
266 2996 333 3028 Sed
353 2995 436 3027 Mss.
459 2994 634 3026 nominant
657 2993 703 3024 M.
718 2993 875 3035 Lepidum.
897 2993 1041 3027 Orellius
1064 3007 1065 3019 1
1086 3004 1135 3035 sq.
1158 3012 1199 3016 —
1222 2992 1254 3024 C.
1277 2991 1382 3023 Sosim
1405 2992 1464 3022 illo
1486 3001 1574 3021 anno
1598 2991 1630 3021 in
1663 2990 1744 3022 urbe
1774 2990 1823 3021 ius
1845 2990 1943 3021 dixit.

179 3051 211 3082 in
244 3049 363 3083 Onom.
393 3060 423 3091 p.
453 3049 494 3079 14
527 3048 618 3078 locos
648 3057 691 3079 ex
721 3048 867 3089 epistolis
897 3049 938 3078 ad
966 3048 1039 3079 Att.
1088 3047 1164 3078 Vid.
1188 3045 1252 3084 IX,
1276 3047 1303 3084 1,
1327 3046 1355 3077 2.

178 3103 360 3134 VII—IX.
383 3103 412 3139 1,
435 3100 549 3133 retulit
572 3101 613 3131 ad
635 3100 841 3131 Mamercum
862 3100 1040 3141 Lepidum,
1060 3134 1061 3143 ἵ
1129 3100 1183 3132 Ad
1202 3100 1354 3132 consules.
1382 3099 1476 3130 Nihil
1502 3103 1604 3136 muto,
1627 3098 1687 3130 etsi
1709 3098 1885 3139 Pompeius
1908 3098 1942 3128 in

180 3167 271 3188 cons.
308 3167 334 3187 a.
360 3155 429 3192 677,
454 3155 587 3186 fratrem
622 3154 738 3185 Manii.
770 3154 920 3189 Difficilis
951 3154 1061 3193 optio*
1088 3154 1190 3186 literis
1223 3152 1381 3193 singulari
1412 3161 1550 3184 numero
1578 3153 1690 3183 utitur.
1721 3150 1832 3182 Potuit
1854 3150 1942 3182 enim
