<?xml version="1.0" encoding="UTF-8"?>
<!DOCTYPE html PUBLIC "-//W3C//DTD XHTML 1.0 Transitional//EN"
    "http://www.w3.org/TR/xhtml1/DTD/xhtml1-transitional.dtd">
<html xmlns="http://www.w3.org/1999/xhtml" xml:lang="en" lang="en">
 <head>
  <title>
</title>
<meta http-equiv="Content-Type" content="text/html;charset=utf-8" />
  <meta name='ocr-system' content='tesseract 3.04.00' />
  <meta name='ocr-capabilities' content='ocr_page ocr_carea ocr_par ocr_line ocrx_word'/>
</head>
<body>
  <div class='ocr_page' id='page_1' title='image "./epistolarumadtpo02ciceuoft_0319.png"; bbox 0 0 2062 3565; ppageno 0'>
   <div class='ocr_carea' id='block_1_1' title="bbox 109 171 1938 1255">
    <p class='ocr_par' dir='ltr' id='par_1_1' title="bbox 109 171 1938 1255">
     <span class='ocr_line' id='line_1_1' title="bbox 740 171 1872 217; baseline -0.008 -1"><span class='ocrx_word' id='word_1_1' title='bbox 740 173 846 217; x_wconf 83' lang='lat' dir='ltr'><strong>LIB.</strong></span> <span class='ocrx_word' id='word_1_2' title='bbox 886 173 973 217; x_wconf 80' lang='lat' dir='ltr'><strong>XV.</strong></span> <span class='ocrx_word' id='word_1_3' title='bbox 1009 173 1093 216; x_wconf 81' lang='grc' dir='ltr'><strong>ΕΡ.</strong></span> <span class='ocrx_word' id='word_1_4' title='bbox 1129 176 1170 215; x_wconf 78' lang='grc'><strong>3.</strong></span> <span class='ocrx_word' id='word_1_5' title='bbox 1209 175 1248 214; x_wconf 64' lang='grc' dir='ltr'><strong>«ι.</strong></span> <span class='ocrx_word' id='word_1_6' title='bbox 1787 171 1872 207; x_wconf 70' lang='lat'><strong>:509</strong></span> 
     </span>
     <span class='ocr_line' id='line_1_2' title="bbox 109 304 1876 368; baseline -0.007 -12"><span class='ocrx_word' id='word_1_7' title='bbox 109 313 188 357; x_wconf 80' lang='lat' dir='ltr'><strong>nisi</strong></span> <span class='ocrx_word' id='word_1_8' title='bbox 231 313 345 363; x_wconf 78' lang='lat' dir='ltr'><strong>forte,</strong></span> <span class='ocrx_word' id='word_1_9' title='bbox 389 326 490 368; x_wconf 82' lang='lat' dir='ltr'><strong>quae</strong></span> <span class='ocrx_word' id='word_1_10' title='bbox 534 328 615 355; x_wconf 88' lang='lat' dir='ltr'><strong>non</strong></span> <span class='ocrx_word' id='word_1_11' title='bbox 661 328 782 362; x_wconf 86' lang='lat' dir='ltr'><strong>ames,</strong></span> <span class='ocrx_word' id='word_1_12' title='bbox 817 312 952 354; x_wconf 86' lang='lat' dir='ltr'><strong>omnia</strong></span> <span class='ocrx_word' id='word_1_13' title='bbox 985 311 1172 353; x_wconf 79' lang='lat' dir='ltr'><strong>videntur</strong></span> <span class='ocrx_word' id='word_1_14' title='bbox 1204 309 1355 352; x_wconf 87' lang='lat' dir='ltr'><strong>insulse</strong></span> <span class='ocrx_word' id='word_1_15' title='bbox 1390 307 1489 349; x_wconf 86' lang='lat' dir='ltr'><strong>fieri.</strong></span> <span class='ocrx_word' id='word_1_16' title='bbox 1543 304 1690 360; x_wconf 77' lang='lat' dir='ltr'><strong>Scripsi</strong></span> <span class='ocrx_word' id='word_1_17' title='bbox 1725 304 1795 354; x_wconf 87' lang='lat' dir='ltr'><strong>ita,</strong></span> <span class='ocrx_word' id='word_1_18' title='bbox 1830 308 1876 344; x_wconf 90' lang='lat' dir='ltr'><strong>ut</strong></span> 
     </span>
     <span class='ocr_line' id='line_1_3' title="bbox 109 379 1875 444; baseline -0.007 -14"><span class='ocrx_word' id='word_1_19' title='bbox 109 393 149 430; x_wconf 90' lang='lat' dir='ltr'><strong>te</strong></span> <span class='ocrx_word' id='word_1_20' title='bbox 191 385 453 444; x_wconf 85' lang='lat' dir='ltr'><strong>probaturum</strong></span> <span class='ocrx_word' id='word_1_21' title='bbox 497 387 696 429; x_wconf 86' lang='lat' dir='ltr'><strong>existimo.</strong></span> <span class='ocrx_word' id='word_1_22' title='bbox 752 386 858 429; x_wconf 87' lang='lat' dir='ltr'>Mihi</span> <span class='ocrx_word' id='word_1_23' title='bbox 902 386 1002 428; x_wconf 88' lang='lat' dir='ltr'><strong>duas</strong></span> <span class='ocrx_word' id='word_1_24' title='bbox 1045 401 1068 427; x_wconf 86' lang='lat' dir='ltr'><strong>a</strong></span> <span class='ocrx_word' id='word_1_25' title='bbox 1111 389 1150 426; x_wconf 90' lang='lat' dir='ltr'><strong>te</strong></span> <span class='ocrx_word' id='word_1_26' title='bbox 1194 382 1382 440; x_wconf 72' lang='lat' dir='ltr'>epistolas</span> <span class='ocrx_word' id='word_1_27' title='bbox 1416 379 1606 431; x_wconf 75' lang='lat' dir='ltr'><strong>reddidit,</strong></span> <span class='ocrx_word' id='word_1_28' title='bbox 1642 393 1763 420; x_wconf 87' lang='lat' dir='ltr'><strong>unam</strong></span> <span class='ocrx_word' id='word_1_29' title='bbox 1798 391 1875 428; x_wconf 87' lang='lat' dir='ltr'><strong>x1.,</strong></span> 
     </span>
     <span class='ocr_line' id='line_1_4' title="bbox 111 451 1876 516; baseline -0.007 -12"><span class='ocrx_word' id='word_1_30' title='bbox 111 461 275 504; x_wconf 88' lang='lat' dir='ltr'><strong>alteram</strong></span> <span class='ocrx_word' id='word_1_31' title='bbox 321 473 364 502; x_wconf 85' lang='lat' dir='ltr'><strong>x.</strong></span> <span class='ocrx_word' id='word_1_32' title='bbox 415 459 481 501; x_wconf 85' lang='lat' dir='ltr'><strong>Ad</strong></span> <span class='ocrx_word' id='word_1_33' title='bbox 524 460 784 502; x_wconf 76' lang='lat' dir='ltr'><strong>recentiorem</strong></span> <span class='ocrx_word' id='word_1_34' title='bbox 832 460 955 516; x_wconf 84' lang='lat' dir='ltr'><strong>prius.</strong></span> <span class='ocrx_word' id='word_1_35' title='bbox 1003 460 1028 499; x_wconf 90' lang='lat'>†</span> <span class='ocrx_word' id='word_1_36' title='bbox 1055 463 1095 500; x_wconf 87' lang='lat' dir='ltr'><strong>et</strong></span> <span class='ocrx_word' id='word_1_37' title='bbox 1137 457 1326 499; x_wconf 89' lang='lat' dir='ltr'><strong>leniorem</strong></span> <span class='ocrx_word' id='word_1_38' title='bbox 1371 454 1506 497; x_wconf 86' lang='lat' dir='ltr'><strong>laudo.</strong></span> <span class='ocrx_word' id='word_1_39' title='bbox 1557 452 1598 495; x_wconf 86' lang='lat' dir='ltr'><strong>Si</strong></span> <span class='ocrx_word' id='word_1_40' title='bbox 1631 466 1723 493; x_wconf 87' lang='lat' dir='ltr'><strong>vero</strong></span> <span class='ocrx_word' id='word_1_41' title='bbox 1757 451 1876 492; x_wconf 85' lang='lat' dir='ltr'><strong>etiam</strong></span> 
     </span>
     <span class='ocr_line' id='line_1_5' title="bbox 110 525 1878 591; baseline -0.007 -15"><span class='ocrx_word' id='word_1_42' title='bbox 110 532 367 576; x_wconf 87' lang='lat' dir='ltr'><strong>Carfulenus:</strong></span> <span class='ocrx_word' id='word_1_43' title='bbox 418 529 526 577; x_wconf 79' lang='grc' dir='ltr'><strong>ἄνω</strong></span> <span class='ocrx_word' id='word_1_44' title='bbox 567 533 825 591; x_wconf 78' lang='grc' dir='ltr'><strong><em>ποταμῶν.</em></strong></span> <span class='ocrx_word' id='word_1_45' title='bbox 879 532 1048 575; x_wconf 79' lang='lat' dir='ltr'><strong>Antonii</strong></span> <span class='ocrx_word' id='word_1_46' title='bbox 1094 530 1261 572; x_wconf 82' lang='lat' dir='ltr'><strong>consilia</strong></span> <span class='ocrx_word' id='word_1_47' title='bbox 1295 545 1432 571; x_wconf 86' lang='lat' dir='ltr'><strong>narras</strong></span> <span class='ocrx_word' id='word_1_48' title='bbox 1466 525 1723 576; x_wconf 79' lang='lat' dir='ltr'><strong>turbulenta3</strong></span> <span class='ocrx_word' id='word_1_49' title='bbox 1759 529 1878 579; x_wconf 83' lang='lat' dir='ltr'><strong>atque</strong></span> 
     </span>
     <span class='ocr_line' id='line_1_6' title="bbox 109 598 1933 663; baseline -0.005 -14"><span class='ocrx_word' id='word_1_50' title='bbox 109 607 263 650; x_wconf 86' lang='lat' dir='ltr'><strong>utinam</strong></span> <span class='ocrx_word' id='word_1_51' title='bbox 310 606 444 663; x_wconf 91' lang='lat' dir='ltr'><strong>potius</strong></span> <span class='ocrx_word' id='word_1_52' title='bbox 485 622 555 663; x_wconf 87' lang='lat' dir='ltr'><strong>per</strong></span> <span class='ocrx_word' id='word_1_53' title='bbox 600 607 793 663; x_wconf 87' lang='lat' dir='ltr'><strong>populum</strong></span> <span class='ocrx_word' id='word_1_54' title='bbox 844 611 937 662; x_wconf 82' lang='lat' dir='ltr'><strong>agat</strong></span> <span class='ocrx_word' id='word_1_55' title='bbox 978 620 1096 661; x_wconf 88' lang='lat' dir='ltr'><strong>quam</strong></span> <span class='ocrx_word' id='word_1_56' title='bbox 1142 620 1212 660; x_wconf 85' lang='lat' dir='ltr'><strong>per</strong></span> <span class='ocrx_word' id='word_1_57' title='bbox 1245 604 1447 645; x_wconf 81' lang='lat' dir='ltr'><strong>senatum!</strong></span> <span class='ocrx_word' id='word_1_58' title='bbox 1485 601 1510 644; x_wconf 88' lang='lat'>†</span> <span class='ocrx_word' id='word_1_59' title='bbox 1528 600 1593 642; x_wconf 90' lang='lat' dir='ltr'><strong>cui</strong></span> <span class='ocrx_word' id='word_1_60' title='bbox 1627 598 1789 655; x_wconf 87' lang='lat' dir='ltr'><strong>quidem</strong></span> <span class='ocrx_word' id='word_1_61' title='bbox 1823 598 1880 640; x_wconf 86' lang='lat' dir='ltr'><strong>ita</strong></span> <span class='ocrx_word' id='word_1_62' title='bbox 1919 608 1933 632; x_wconf 86' lang='lat'>⁵</span> 
     </span>
     <span class='ocr_line' id='line_1_7' title="bbox 110 671 1879 733; baseline -0.006 -10"><span class='ocrx_word' id='word_1_63' title='bbox 110 671 241 723; x_wconf 72' lang='lat' dir='ltr'><strong>credo.</strong></span> <span class='ocrx_word' id='word_1_64' title='bbox 276 679 354 723; x_wconf 89' lang='lat' dir='ltr'><strong>Sed</strong></span> <span class='ocrx_word' id='word_1_65' title='bbox 387 679 488 722; x_wconf 88' lang='lat' dir='ltr'><strong>mihi</strong></span> <span class='ocrx_word' id='word_1_66' title='bbox 521 685 651 723; x_wconf 82' lang='lat' dir='ltr'><strong>totum</strong></span> <span class='ocrx_word' id='word_1_67' title='bbox 687 681 776 722; x_wconf 89' lang='lat' dir='ltr'><strong>eius</strong></span> <span class='ocrx_word' id='word_1_68' title='bbox 810 680 1023 722; x_wconf 89' lang='lat' dir='ltr'><strong>consilium</strong></span> <span class='ocrx_word' id='word_1_69' title='bbox 1059 678 1108 720; x_wconf 90' lang='lat' dir='ltr'><strong>ad</strong></span> <span class='ocrx_word' id='word_1_70' title='bbox 1144 678 1293 719; x_wconf 86' lang='lat' dir='ltr'><strong>bellum</strong></span> <span class='ocrx_word' id='word_1_71' title='bbox 1328 681 1506 733; x_wconf 87' lang='lat' dir='ltr'><strong>spectare</strong></span> <span class='ocrx_word' id='word_1_72' title='bbox 1542 673 1715 723; x_wconf 80' lang='lat' dir='ltr'><strong>videtur,</strong></span> <span class='ocrx_word' id='word_1_73' title='bbox 1740 672 1773 713; x_wconf 92' lang='lat' dir='ltr'><strong>si</strong></span> <span class='ocrx_word' id='word_1_74' title='bbox 1792 672 1879 727; x_wconf 92' lang='lat' dir='ltr'><strong>qui-</strong></span> 
     </span>
     <span class='ocr_line' id='line_1_8' title="bbox 111 745 1880 811; baseline -0.007 -14"><span class='ocrx_word' id='word_1_75' title='bbox 111 755 199 797; x_wconf 88' lang='lat' dir='ltr'><strong>dem</strong></span> <span class='ocrx_word' id='word_1_76' title='bbox 244 754 297 796; x_wconf 89' lang='lat' dir='ltr'><strong>D.</strong></span> <span class='ocrx_word' id='word_1_77' title='bbox 346 755 473 797; x_wconf 88' lang='lat' dir='ltr'><strong>Bruto</strong></span> <span class='ocrx_word' id='word_1_78' title='bbox 519 755 725 811; x_wconf 89' lang='lat' dir='ltr'><strong>provincia</strong></span> <span class='ocrx_word' id='word_1_79' title='bbox 771 755 953 810; x_wconf 87' lang='lat' dir='ltr'><strong>eripitur.</strong></span> <span class='ocrx_word' id='word_1_80' title='bbox 1010 753 1184 807; x_wconf 79' lang='lat' dir='ltr'><strong>Quoquo</strong></span> <span class='ocrx_word' id='word_1_81' title='bbox 1231 750 1348 792; x_wconf 90' lang='lat' dir='ltr'><strong>modo</strong></span> <span class='ocrx_word' id='word_1_82' title='bbox 1392 765 1465 805; x_wconf 86' lang='lat' dir='ltr'><strong>ego</strong></span> <span class='ocrx_word' id='word_1_83' title='bbox 1510 748 1558 789; x_wconf 88' lang='lat' dir='ltr'><strong>de</strong></span> <span class='ocrx_word' id='word_1_84' title='bbox 1604 746 1715 788; x_wconf 85' lang='lat' dir='ltr'><strong>illius</strong></span> <span class='ocrx_word' id='word_1_85' title='bbox 1748 745 1880 786; x_wconf 87' lang='lat' dir='ltr'><strong>nervis</strong></span> 
     </span>
     <span class='ocr_line' id='line_1_9' title="bbox 110 820 1879 884; baseline -0.007 -11"><span class='ocrx_word' id='word_1_86' title='bbox 110 830 308 882; x_wconf 87' lang='lat' dir='ltr'><strong>existimo,</strong></span> <span class='ocrx_word' id='word_1_87' title='bbox 353 845 434 872; x_wconf 89' lang='lat' dir='ltr'><strong>non</strong></span> <span class='ocrx_word' id='word_1_88' title='bbox 484 829 644 872; x_wconf 84' lang='lat' dir='ltr'><strong>videtur</strong></span> <span class='ocrx_word' id='word_1_89' title='bbox 686 829 772 871; x_wconf 90' lang='lat' dir='ltr'><strong>fieri</strong></span> <span class='ocrx_word' id='word_1_90' title='bbox 823 844 935 884; x_wconf 86' lang='lat' dir='ltr'><strong>posse</strong></span> <span class='ocrx_word' id='word_1_91' title='bbox 979 827 1064 869; x_wconf 90' lang='lat' dir='ltr'><strong>sine</strong></span> <span class='ocrx_word' id='word_1_92' title='bbox 1111 825 1230 867; x_wconf 90' lang='lat' dir='ltr'><strong>bello.</strong></span> <span class='ocrx_word' id='word_1_93' title='bbox 1285 824 1362 866; x_wconf 89' lang='lat' dir='ltr'><strong>Sed</strong></span> <span class='ocrx_word' id='word_1_94' title='bbox 1406 838 1488 864; x_wconf 91' lang='lat' dir='ltr'><strong>non</strong></span> <span class='ocrx_word' id='word_1_95' title='bbox 1522 821 1656 876; x_wconf 88' lang='lat' dir='ltr'><strong>cupio,</strong></span> <span class='ocrx_word' id='word_1_96' title='bbox 1691 820 1879 876; x_wconf 88' lang='lat' dir='ltr'><strong>quoniam</strong></span> 
     </span>
     <span class='ocr_line' id='line_1_10' title="bbox 111 893 1882 957; baseline -0.007 -11"><span class='ocrx_word' id='word_1_97' title='bbox 111 908 275 946; x_wconf 78' lang='lat' dir='ltr'><strong>cavetur</strong></span> <span class='ocrx_word' id='word_1_98' title='bbox 308 903 548 945; x_wconf 84' lang='lat' dir='ltr'><strong>Buthrotiis.</strong></span> <span class='ocrx_word' id='word_1_99' title='bbox 584 902 754 945; x_wconf 52' lang='lat' dir='ltr'><strong>Rides?</strong></span> <span class='ocrx_word' id='word_1_100' title='bbox 772 904 828 944; x_wconf 89' lang='lat' dir='ltr'><strong>At</strong></span> <span class='ocrx_word' id='word_1_101' title='bbox 861 916 934 957; x_wconf 87' lang='lat' dir='ltr'><strong>ego</strong></span> <span class='ocrx_word' id='word_1_102' title='bbox 968 900 1083 941; x_wconf 84' lang='lat' dir='ltr'><strong>doleo</strong></span> <span class='ocrx_word' id='word_1_103' title='bbox 1117 914 1197 940; x_wconf 90' lang='lat' dir='ltr'><strong>non</strong></span> <span class='ocrx_word' id='word_1_104' title='bbox 1233 913 1319 939; x_wconf 80' lang='lat' dir='ltr'><strong>mea</strong></span> <span class='ocrx_word' id='word_1_105' title='bbox 1353 896 1486 952; x_wconf 88' lang='lat' dir='ltr'><strong>potius</strong></span> <span class='ocrx_word' id='word_1_106' title='bbox 1521 893 1772 944; x_wconf 75' lang='lat' dir='ltr'><strong>assiduitate,</strong></span> <span class='ocrx_word' id='word_1_107' title='bbox 1792 893 1882 934; x_wconf 80' lang='lat' dir='ltr'><strong>(lili-</strong></span> 
     </span>
     <span class='ocr_line' id='line_1_11' title="bbox 110 967 1938 1034; baseline -0.007 -14"><span class='ocrx_word' id='word_1_108' title='bbox 110 977 259 1034; x_wconf 65' lang='lat' dir='ltr'><strong>genna,</strong></span> <span class='ocrx_word' id='word_1_109' title='bbox 303 977 432 1033; x_wconf 83' lang='lat' dir='ltr'><strong>gratia</strong></span> <span class='ocrx_word' id='word_1_110' title='bbox 474 976 624 1033; x_wconf 88' lang='lat' dir='ltr'><strong>perfici.</strong></span> <span class='ocrx_word' id='word_1_111' title='bbox 672 979 712 1018; x_wconf 76' lang='lat'><strong>2.</strong></span> <span class='ocrx_word' id='word_1_112' title='bbox 747 975 867 1028; x_wconf 83' lang='lat' dir='ltr'><strong>Quod</strong></span> <span class='ocrx_word' id='word_1_113' title='bbox 902 972 1044 1016; x_wconf 89' lang='lat' dir='ltr'><strong>scribis</strong></span> <span class='ocrx_word' id='word_1_114' title='bbox 1077 977 1117 1013; x_wconf 93' lang='lat' dir='ltr'><strong>te</strong></span> <span class='ocrx_word' id='word_1_115' title='bbox 1150 971 1302 1012; x_wconf 88' lang='lat' dir='ltr'><strong>nescire</strong></span> <span class='ocrx_word' id='word_1_116' title='bbox 1337 968 1435 1025; x_wconf 88' lang='lat' dir='ltr'><strong>quid</strong></span> <span class='ocrx_word' id='word_1_117' title='bbox 1469 968 1617 1010; x_wconf 84' lang='lat' dir='ltr'><strong>nostris</strong></span> <span class='ocrx_word' id='word_1_118' title='bbox 1651 967 1881 1010; x_wconf 84' lang='lat' dir='ltr'><strong>faciendum</strong></span> <span class='ocrx_word' id='word_1_119' title='bbox 1904 981 1938 1008; x_wconf 86' lang='grc' dir='ltr'><strong>ιο</strong></span> 
     </span>
     <span class='ocr_line' id='line_1_12' title="bbox 111 1040 1883 1108; baseline -0.007 -14"><span class='ocrx_word' id='word_1_120' title='bbox 111 1051 178 1103; x_wconf 81' lang='lat' dir='ltr'><strong>sit,</strong></span> <span class='ocrx_word' id='word_1_121' title='bbox 211 1051 291 1094; x_wconf 79' lang='lat' dir='ltr'><strong>iam</strong></span> <span class='ocrx_word' id='word_1_122' title='bbox 324 1050 479 1107; x_wconf 86' lang='lat' dir='ltr'><strong>pridem</strong></span> <span class='ocrx_word' id='word_1_123' title='bbox 511 1065 574 1092; x_wconf 92' lang='lat' dir='ltr'><strong>me</strong></span> <span class='ocrx_word' id='word_1_124' title='bbox 607 1050 678 1092; x_wconf 82' lang='lat' dir='ltr'><strong>illa</strong></span> <span class='ocrx_word' id='word_1_125' title='bbox 711 1045 898 1108; x_wconf 68' lang='grc' dir='ltr'><em>ἀπορία</em></span> <span class='ocrx_word' id='word_1_126' title='bbox 934 1046 1137 1089; x_wconf 85' lang='lat' dir='ltr'><strong>sollicitat.</strong></span> <span class='ocrx_word' id='word_1_127' title='bbox 1173 1045 1315 1099; x_wconf 86' lang='lat' dir='ltr'><strong>Itaque</strong></span> <span class='ocrx_word' id='word_1_128' title='bbox 1350 1042 1473 1084; x_wconf 88' lang='lat' dir='ltr'><strong>stulta</strong></span> <span class='ocrx_word' id='word_1_129' title='bbox 1500 1042 1581 1083; x_wconf 80' lang='lat' dir='ltr'><strong>iam</strong></span> <span class='ocrx_word' id='word_1_130' title='bbox 1602 1040 1753 1083; x_wconf 89' lang='lat' dir='ltr'>Iduum</span> <span class='ocrx_word' id='word_1_131' title='bbox 1775 1040 1883 1082; x_wconf 86' lang='lat' dir='ltr'><strong>Mar-</strong></span> 
     </span>
     <span class='ocr_line' id='line_1_13' title="bbox 112 1113 1885 1167; baseline -0.007 -1"><span class='ocrx_word' id='word_1_132' title='bbox 112 1125 261 1167; x_wconf 87' lang='lat' dir='ltr'><strong>tiarum</strong></span> <span class='ocrx_word' id='word_1_133' title='bbox 305 1128 366 1166; x_wconf 85' lang='lat' dir='ltr'><strong>est</strong></span> <span class='ocrx_word' id='word_1_134' title='bbox 408 1124 643 1166; x_wconf 84' lang='lat' dir='ltr'><strong>consolatio.</strong></span> <span class='ocrx_word' id='word_1_135' title='bbox 699 1122 859 1166; x_wconf 85' lang='lat' dir='ltr'><strong>Animis</strong></span> <span class='ocrx_word' id='word_1_136' title='bbox 904 1121 1010 1162; x_wconf 82' lang='lat' dir='ltr'><strong>enim</strong></span> <span class='ocrx_word' id='word_1_137' title='bbox 1054 1119 1119 1161; x_wconf 89' lang='lat' dir='ltr'><strong>usi</strong></span> <span class='ocrx_word' id='word_1_138' title='bbox 1153 1133 1290 1160; x_wconf 88' lang='lat' dir='ltr'><strong>sumus</strong></span> <span class='ocrx_word' id='word_1_139' title='bbox 1326 1115 1522 1166; x_wconf 85' lang='lat' dir='ltr'><strong>virilibus,</strong></span> <span class='ocrx_word' id='word_1_140' title='bbox 1557 1114 1749 1165; x_wconf 84' lang='lat' dir='ltr'><strong>consiliis,</strong></span> <span class='ocrx_word' id='word_1_141' title='bbox 1783 1113 1885 1156; x_wconf 87' lang='lat' dir='ltr'><strong>mihi</strong></span> 
     </span>
     <span class='ocr_line' id='line_1_14' title="bbox 114 1188 1884 1255; baseline -0.007 -14"><span class='ocrx_word' id='word_1_142' title='bbox 114 1198 245 1250; x_wconf 86' lang='lat' dir='ltr'><strong>crede,</strong></span> <span class='ocrx_word' id='word_1_143' title='bbox 278 1197 517 1255; x_wconf 87' lang='lat' dir='ltr'><strong>puerilibus.</strong></span> <span class='ocrx_word' id='word_1_144' title='bbox 567 1198 714 1246; x_wconf 50' lang='lat' dir='ltr'><strong>Excba</strong></span> <span class='ocrx_word' id='word_1_145' title='bbox 755 1197 862 1239; x_wconf 87' lang='lat' dir='ltr'><strong>enim</strong></span> <span class='ocrx_word' id='word_1_146' title='bbox 897 1199 958 1237; x_wconf 87' lang='lat' dir='ltr'><strong>est</strong></span> <span class='ocrx_word' id='word_1_147' title='bbox 989 1193 1120 1245; x_wconf 87' lang='lat' dir='ltr'><strong>arbor,</strong></span> <span class='ocrx_word' id='word_1_148' title='bbox 1155 1208 1236 1234; x_wconf 89' lang='lat' dir='ltr'><strong>non</strong></span> <span class='ocrx_word' id='word_1_149' title='bbox 1271 1191 1422 1234; x_wconf 80' lang='lat' dir='ltr'><strong>evulsa.</strong></span> <span class='ocrx_word' id='word_1_150' title='bbox 1474 1190 1615 1244; x_wconf 88' lang='lat' dir='ltr'><strong>Itaque</strong></span> <span class='ocrx_word' id='word_1_151' title='bbox 1649 1204 1769 1244; x_wconf 84' lang='lat' dir='ltr'><strong>quam</strong></span> <span class='ocrx_word' id='word_1_152' title='bbox 1804 1188 1884 1241; x_wconf 80' lang='lat' dir='ltr'><strong>fru-</strong></span> 
     </span>
    </p>
   </div>
   <div class='ocr_carea' id='block_1_2' title="bbox 155 1361 1415 1408">
    <p class='ocr_par' dir='ltr' id='par_1_2' title="bbox 155 1361 1415 1408">
     <span class='ocr_line' id='line_1_15' title="bbox 155 1361 1415 1408; baseline -0.006 -10"><span class='ocrx_word' id='word_1_153' title='bbox 155 1367 173 1398; x_wconf 89' lang='lat'><strong>3</strong></span> <span class='ocrx_word' id='word_1_154' title='bbox 193 1365 285 1407; x_wconf 81' lang='lat' dir='ltr'><strong>prius</strong></span> <span class='ocrx_word' id='word_1_155' title='bbox 307 1367 338 1397; x_wconf 84' lang='lat' dir='ltr'><strong>et</strong></span> <span class='ocrx_word' id='word_1_156' title='bbox 357 1367 375 1404; x_wconf 81' lang='lat'><em>†</em></span> <span class='ocrx_word' id='word_1_157' title='bbox 399 1365 560 1397; x_wconf 84' lang='lat' dir='ltr'><strong>leniorem.</strong></span> <span class='ocrx_word' id='word_1_158' title='bbox 582 1365 703 1398; x_wconf 83' lang='lat' dir='ltr'><strong>Laudo.</strong></span> <span class='ocrx_word' id='word_1_159' title='bbox 726 1383 766 1389; x_wconf 93' lang='lat'><em>-</em></span> <span class='ocrx_word' id='word_1_160' title='bbox 788 1366 807 1397; x_wconf 91' lang='lat'>8</span> <span class='ocrx_word' id='word_1_161' title='bbox 828 1364 972 1408; x_wconf 80' lang='lat' dir='ltr'><strong>quoniam</strong></span> <span class='ocrx_word' id='word_1_162' title='bbox 992 1364 1009 1401; x_wconf 90' lang='lat'>†</span> <span class='ocrx_word' id='word_1_163' title='bbox 1031 1364 1161 1394; x_wconf 80' lang='lat' dir='ltr'><strong>caretur</strong></span> <span class='ocrx_word' id='word_1_164' title='bbox 1185 1361 1351 1393; x_wconf 73' lang='lat' dir='ltr'><strong>Buthrotis</strong></span> <span class='ocrx_word' id='word_1_165' title='bbox 1374 1380 1415 1385; x_wconf 84' lang='lat'><strong>--</strong></span> 
     </span>
    </p>
   </div>
   <div class='ocr_carea' id='block_1_3' title="bbox 116 1524 1008 1941">
    <p class='ocr_par' dir='ltr' id='par_1_3' title="bbox 116 1524 1008 1941">
     <span class='ocr_line' id='line_1_16' title="bbox 116 1524 981 1568; baseline 0.003 -12"><span class='ocrx_word' id='word_1_166' title='bbox 116 1524 381 1556; x_wconf 87' lang='lat' dir='ltr'><strong>inimicissimum</strong></span> <span class='ocrx_word' id='word_1_167' title='bbox 403 1525 470 1556; x_wconf 84' lang='lat' dir='ltr'><strong>iam</strong></span> <span class='ocrx_word' id='word_1_168' title='bbox 492 1525 573 1557; x_wconf 92' lang='lat' dir='ltr'><strong>olim</strong></span> <span class='ocrx_word' id='word_1_169' title='bbox 586 1526 620 1557; x_wconf 89' lang='lat' dir='ltr'><strong>in</strong></span> <span class='ocrx_word' id='word_1_170' title='bbox 638 1535 672 1557; x_wconf 87' lang='lat' dir='ltr'><strong>re</strong></span> <span class='ocrx_word' id='word_1_171' title='bbox 687 1526 850 1558; x_wconf 86' lang='lat' dir='ltr'><strong>Clodiana</strong></span> <span class='ocrx_word' id='word_1_172' title='bbox 861 1537 981 1568; x_wconf 83' lang='lat' dir='ltr'><strong>coguo-</strong></span> 
     </span>
     <span class='ocr_line' id='line_1_17' title="bbox 117 1579 981 1621; baseline 0.005 -13"><span class='ocrx_word' id='word_1_173' title='bbox 117 1583 217 1611; x_wconf 79' lang='lat' dir='ltr'><strong>verat.</strong></span> <span class='ocrx_word' id='word_1_174' title='bbox 251 1579 366 1620; x_wconf 83' lang='lat' dir='ltr'><strong>Atque</strong></span> <span class='ocrx_word' id='word_1_175' title='bbox 387 1579 415 1610; x_wconf 89' lang='lat' dir='ltr'><strong>is</strong></span> <span class='ocrx_word' id='word_1_176' title='bbox 449 1584 562 1621; x_wconf 85' lang='lat' dir='ltr'><strong>postea</strong></span> <span class='ocrx_word' id='word_1_177' title='bbox 594 1579 752 1617; x_wconf 84' lang='lat' dir='ltr'><strong>Caesaris,</strong></span> <span class='ocrx_word' id='word_1_178' title='bbox 783 1580 904 1612; x_wconf 84' lang='lat' dir='ltr'><strong>deinde</strong></span> <span class='ocrx_word' id='word_1_179' title='bbox 934 1581 981 1612; x_wconf 91' lang='lat' dir='ltr'><strong>M.</strong></span> 
     </span>
     <span class='ocr_line' id='line_1_18' title="bbox 117 1625 1007 1675; baseline 0.003 -11"><span class='ocrx_word' id='word_1_180' title='bbox 117 1633 260 1665; x_wconf 82' lang='lat' dir='ltr'><strong>Antonii</strong></span> <span class='ocrx_word' id='word_1_181' title='bbox 282 1632 389 1675; x_wconf 84' lang='lat' dir='ltr'><strong>&#39;partes</strong></span> <span class='ocrx_word' id='word_1_182' title='bbox 412 1638 542 1666; x_wconf 88' lang='lat' dir='ltr'><strong>secutus</strong></span> <span class='ocrx_word' id='word_1_183' title='bbox 565 1640 624 1666; x_wconf 90' lang='lat' dir='ltr'><strong>est.</strong></span> <span class='ocrx_word' id='word_1_184' title='bbox 1006 1625 1007 1630; x_wconf 32' lang='lat'>¹</span> 
     </span>
     <span class='ocr_line' id='line_1_19' title="bbox 159 1687 1007 1732; baseline -0.001 -11"><span class='ocrx_word' id='word_1_185' title='bbox 159 1690 175 1721; x_wconf 79' lang='lat'>†</span> <span class='ocrx_word' id='word_1_186' title='bbox 196 1687 238 1719; x_wconf 81' lang='lat' dir='ltr'><strong>Et</strong></span> <span class='ocrx_word' id='word_1_187' title='bbox 259 1689 409 1720; x_wconf 75' lang='lat' dir='ltr'><strong>leniorem</strong></span> <span class='ocrx_word' id='word_1_188' title='bbox 430 1689 536 1721; x_wconf 84' lang='lat' dir='ltr'><strong>laudo.</strong></span> <span class='ocrx_word' id='word_1_189' title='bbox 560 1689 706 1722; x_wconf 88' lang='lat' dir='ltr'><strong>Orellius</strong></span> <span class='ocrx_word' id='word_1_190' title='bbox 729 1695 824 1732; x_wconf 86' lang='lat' dir='ltr'><strong>putat</strong></span> <span class='ocrx_word' id='word_1_191' title='bbox 841 1690 982 1721; x_wconf 84' lang='lat' dir='ltr'><strong>scriben-</strong></span> <span class='ocrx_word' id='word_1_192' title='bbox 1006 1701 1007 1705; x_wconf 54' lang='lat'>¹</span> 
     </span>
     <span class='ocr_line' id='line_1_20' title="bbox 117 1741 983 1784; baseline 0.002 -12"><span class='ocrx_word' id='word_1_193' title='bbox 117 1742 214 1773; x_wconf 88' lang='lat' dir='ltr'><strong>dum:</strong></span> <span class='ocrx_word' id='word_1_194' title='bbox 240 1741 295 1773; x_wconf 85' lang='lat' dir='ltr'><strong>Ad</strong></span> <span class='ocrx_word' id='word_1_195' title='bbox 307 1742 511 1774; x_wconf 80' lang='lat' dir='ltr'><strong>recentiorem</strong></span> <span class='ocrx_word' id='word_1_196' title='bbox 519 1743 609 1783; x_wconf 74' lang='lat' dir='ltr'><strong>prius</strong></span> <span class='ocrx_word' id='word_1_197' title='bbox 624 1745 655 1773; x_wconf 79' lang='lat' dir='ltr'><strong>et</strong></span> <span class='ocrx_word' id='word_1_198' title='bbox 666 1742 838 1784; x_wconf 78' lang='lat' dir='ltr'><strong>pleniorem</strong></span> <span class='ocrx_word' id='word_1_199' title='bbox 857 1743 983 1782; x_wconf 84' lang='lat' dir='ltr'><strong>(Klotz.</strong></span> 
     </span>
     <span class='ocr_line' id='line_1_21' title="bbox 118 1794 1008 1837; baseline 0.002 -12"><span class='ocrx_word' id='word_1_200' title='bbox 118 1794 324 1836; x_wconf 61' lang='lat' dir='ltr'><strong>lonqiore2n);</strong></span> <span class='ocrx_word' id='word_1_201' title='bbox 352 1800 422 1827; x_wconf 89' lang='lat' dir='ltr'><strong>tum</strong></span> <span class='ocrx_word' id='word_1_202' title='bbox 446 1802 522 1828; x_wconf 90' lang='lat' dir='ltr'><strong>ante</strong></span> <span class='ocrx_word' id='word_1_203' title='bbox 544 1796 640 1827; x_wconf 75' lang='lat' dir='ltr'><em>laudo</em></span> <span class='ocrx_word' id='word_1_204' title='bbox 663 1796 789 1837; x_wconf 86' lang='lat' dir='ltr'><strong>aliquid</strong></span> <span class='ocrx_word' id='word_1_205' title='bbox 811 1796 984 1828; x_wconf 83' lang='lat' dir='ltr'><strong>excidisse.</strong></span> <span class='ocrx_word' id='word_1_206' title='bbox 1006 1794 1008 1797; x_wconf 79' lang='lat'>&#39;</span> 
     </span>
     <span class='ocr_line' id='line_1_22' title="bbox 121 1849 986 1891; baseline 0.001 -11"><span class='ocrx_word' id='word_1_207' title='bbox 121 1849 195 1890; x_wconf 87' lang='lat' dir='ltr'><strong>Ego</strong></span> <span class='ocrx_word' id='word_1_208' title='bbox 218 1850 327 1890; x_wconf 89' lang='lat' dir='ltr'><strong>potius</strong></span> <span class='ocrx_word' id='word_1_209' title='bbox 349 1849 383 1881; x_wconf 90' lang='lat' dir='ltr'><strong>id</strong></span> <span class='ocrx_word' id='word_1_210' title='bbox 405 1851 495 1891; x_wconf 87' lang='lat' dir='ltr'><strong>quod</strong></span> <span class='ocrx_word' id='word_1_211' title='bbox 517 1860 594 1881; x_wconf 89' lang='lat' dir='ltr'><strong>cum</strong></span> <span class='ocrx_word' id='word_1_212' title='bbox 618 1861 648 1882; x_wconf 89' lang='lat' dir='ltr'><strong>v.</strong></span> <span class='ocrx_word' id='word_1_213' title='bbox 671 1850 768 1881; x_wconf 81' lang='lat' dir='ltr'><strong>laudo</strong></span> <span class='ocrx_word' id='word_1_214' title='bbox 790 1850 986 1882; x_wconf 78' lang='lat' dir='ltr'><strong>cohaerebat</strong></span> 
     </span>
     <span class='ocr_line' id='line_1_23' title="bbox 120 1903 984 1941; baseline 0.001 -7"><span class='ocrx_word' id='word_1_215' title='bbox 120 1903 154 1934; x_wconf 94' lang='lat' dir='ltr'><strong>in</strong></span> <span class='ocrx_word' id='word_1_216' title='bbox 178 1903 289 1935; x_wconf 85' lang='lat' dir='ltr'><strong>verbis</strong></span> <span class='ocrx_word' id='word_1_217' title='bbox 322 1905 353 1933; x_wconf 79' lang='lat' dir='ltr'><strong>et</strong></span> <span class='ocrx_word' id='word_1_218' title='bbox 387 1904 534 1935; x_wconf 77' lang='lat' dir='ltr'><strong>leniorem</strong></span> <span class='ocrx_word' id='word_1_219' title='bbox 566 1904 668 1935; x_wconf 85' lang='lat' dir='ltr'><strong>latere</strong></span> <span class='ocrx_word' id='word_1_220' title='bbox 695 1904 900 1941; x_wconf 74' lang='lat' dir='ltr'><strong>crediderim,</strong></span> <span class='ocrx_word' id='word_1_221' title='bbox 931 1904 984 1935; x_wconf 87' lang='lat' dir='ltr'><strong>vel</strong></span> 
     </span>
    </p>
   </div>
   <div class='ocr_carea' id='block_1_4' title="bbox 121 1953 1009 2004">
    <p class='ocr_par' dir='ltr' id='par_1_4' title="bbox 121 1953 1009 2004">
     <span class='ocr_line' id='line_1_24' title="bbox 121 1953 1009 2004; baseline 0.001 -12"><span class='ocrx_word' id='word_1_222' title='bbox 121 1961 211 2001; x_wconf 87' lang='lat' dir='ltr'><strong>quod</strong></span> <span class='ocrx_word' id='word_1_223' title='bbox 232 1962 405 2002; x_wconf 85' lang='lat' dir='ltr'><strong>proposuit</strong></span> <span class='ocrx_word' id='word_1_224' title='bbox 427 1961 604 1993; x_wconf 81' lang='lat' dir='ltr'><strong>Ernestus:</strong></span> <span class='ocrx_word' id='word_1_225' title='bbox 639 1962 679 1992; x_wconf 86' lang='lat' dir='ltr'><strong>de</strong></span> <span class='ocrx_word' id='word_1_226' title='bbox 709 1962 841 2004; x_wconf 72' lang='lat' dir='ltr'><strong>leyione,</strong></span> <span class='ocrx_word' id='word_1_227' title='bbox 878 1961 985 2000; x_wconf 81' lang='lat' dir='ltr'><strong>laudo,</strong></span> <span class='ocrx_word' id='word_1_228' title='bbox 1008 1953 1009 1961; x_wconf 41' lang='lat'>¹</span> 
     </span>
    </p>
   </div>
   <div class='ocr_carea' id='block_1_5' title="bbox 1024 1523 1885 1626">
    <p class='ocr_par' dir='ltr' id='par_1_5' title="bbox 1024 1523 1885 1626">
     <span class='ocr_line' id='line_1_25' title="bbox 1024 1523 1885 1571; baseline -0.012 -8"><span class='ocrx_word' id='word_1_229' title='bbox 1024 1536 1178 1563; x_wconf 80' lang='lat' dir='ltr'><strong>senatum</strong></span> <span class='ocrx_word' id='word_1_230' title='bbox 1200 1534 1333 1571; x_wconf 85' lang='lat' dir='ltr'><strong>spectat.</strong></span> <span class='ocrx_word' id='word_1_231' title='bbox 1371 1527 1553 1559; x_wconf 82' lang='lat' dir='ltr'><strong>Commode</strong></span> <span class='ocrx_word' id='word_1_232' title='bbox 1577 1532 1686 1556; x_wconf 82' lang='lat' dir='ltr'><strong>tamen</strong></span> <span class='ocrx_word' id='word_1_233' title='bbox 1721 1523 1801 1555; x_wconf 84' lang='lat' dir='ltr'><strong>haec</strong></span> <span class='ocrx_word' id='word_1_234' title='bbox 1831 1533 1885 1554; x_wconf 86' lang='lat' dir='ltr'><strong>ex-</strong></span> 
     </span>
     <span class='ocr_line' id='line_1_26' title="bbox 1025 1576 1885 1626; baseline -0.012 -10"><span class='ocrx_word' id='word_1_235' title='bbox 1025 1584 1141 1626; x_wconf 88' lang='lat' dir='ltr'><strong>plicari</strong></span> <span class='ocrx_word' id='word_1_236' title='bbox 1163 1593 1230 1614; x_wconf 88' lang='lat' dir='ltr'><strong>non</strong></span> <span class='ocrx_word' id='word_1_237' title='bbox 1254 1586 1401 1623; x_wconf 80' lang='lat' dir='ltr'><strong>possunt.</strong></span> <span class='ocrx_word' id='word_1_238' title='bbox 1423 1581 1510 1611; x_wconf 87' lang='lat' dir='ltr'><strong>Nam</strong></span> <span class='ocrx_word' id='word_1_239' title='bbox 1523 1578 1613 1620; x_wconf 88' lang='lat' dir='ltr'><strong>quod</strong></span> <span class='ocrx_word' id='word_1_240' title='bbox 1626 1576 1814 1618; x_wconf 82' lang='lat' dir='ltr'><strong>Malaspina</strong></span> <span class='ocrx_word' id='word_1_241' title='bbox 1829 1586 1885 1616; x_wconf 90' lang='lat' dir='ltr'><strong>pu-</strong></span> 
     </span>
    </p>
   </div>
   <div class='ocr_carea' id='block_1_6' title="bbox 1006 1632 1886 1681">
    <p class='ocr_par' dir='ltr' id='par_1_6' title="bbox 1006 1632 1886 1681">
     <span class='ocr_line' id='line_1_27' title="bbox 1006 1632 1886 1681; baseline -0.011 -9"><span class='ocrx_word' id='word_1_242' title='bbox 1006 1642 1074 1671; x_wconf 66' lang='lat' dir='ltr'><strong>¹tat</strong></span> <span class='ocrx_word' id='word_1_243' title='bbox 1095 1640 1193 1681; x_wconf 90' lang='lat' dir='ltr'><strong>plene</strong></span> <span class='ocrx_word' id='word_1_244' title='bbox 1223 1638 1419 1671; x_wconf 83' lang='lat' dir='ltr'><strong>Ciceronem</strong></span> <span class='ocrx_word' id='word_1_245' title='bbox 1451 1636 1617 1667; x_wconf 75' lang='lat' dir='ltr'><strong>dicturum</strong></span> <span class='ocrx_word' id='word_1_246' title='bbox 1645 1632 1764 1664; x_wconf 77' lang='lat' dir='ltr'><strong>fuisse:</strong></span> <span class='ocrx_word' id='word_1_247' title='bbox 1806 1646 1819 1658; x_wconf 79' lang='lat' dir='ltr'><em>u</em></span> <span class='ocrx_word' id='word_1_248' title='bbox 1832 1632 1886 1662; x_wconf 93' lang='lat' dir='ltr'><strong>cui</strong></span> 
     </span>
    </p>
   </div>
   <div class='ocr_carea' id='block_1_7' title="bbox 1025 1686 1890 2002">
    <p class='ocr_par' dir='ltr' id='par_1_7' title="bbox 1025 1686 1888 1898">
     <span class='ocr_line' id='line_1_28' title="bbox 1027 1686 1887 1736; baseline -0.01 -10"><span class='ocrx_word' id='word_1_249' title='bbox 1027 1695 1162 1736; x_wconf 87' lang='lat' dir='ltr'><strong>quidem</strong></span> <span class='ocrx_word' id='word_1_250' title='bbox 1186 1694 1231 1724; x_wconf 83' lang='lat' dir='ltr'><strong>ita</strong></span> <span class='ocrx_word' id='word_1_251' title='bbox 1253 1693 1360 1729; x_wconf 86' lang='lat' dir='ltr'><strong>eredo,</strong></span> <span class='ocrx_word' id='word_1_252' title='bbox 1382 1697 1419 1723; x_wconf 91' lang='lat' dir='ltr'><strong>ut</strong></span> <span class='ocrx_word' id='word_1_253' title='bbox 1441 1691 1475 1722; x_wconf 90' lang='lat' dir='ltr'><strong>in</strong></span> <span class='ocrx_word' id='word_1_254' title='bbox 1500 1699 1538 1721; x_wconf 92' lang='lat' dir='ltr'><strong>eo</strong></span> <span class='ocrx_word' id='word_1_255' title='bbox 1561 1698 1629 1720; x_wconf 89' lang='lat' dir='ltr'><strong>non</strong></span> <span class='ocrx_word' id='word_1_256' title='bbox 1652 1687 1798 1718; x_wconf 87' lang='lat' dir='ltr'><strong>multum</strong></span> <span class='ocrx_word' id='word_1_257' title='bbox 1818 1686 1887 1728; x_wconf 85' lang='lat' dir='ltr'><strong>spei</strong></span> 
     </span>
     <span class='ocr_line' id='line_1_29' title="bbox 1025 1739 1888 1790; baseline -0.008 -11"><span class='ocrx_word' id='word_1_258' title='bbox 1025 1748 1180 1790; x_wconf 71' lang='lat' dir='ltr'><strong>ponam,&#39;&#39;</strong></span> <span class='ocrx_word' id='word_1_259' title='bbox 1214 1755 1329 1777; x_wconf 84' lang='lat' dir='ltr'><strong>vereor</strong></span> <span class='ocrx_word' id='word_1_260' title='bbox 1358 1750 1393 1776; x_wconf 90' lang='lat' dir='ltr'><strong>ut</strong></span> <span class='ocrx_word' id='word_1_261' title='bbox 1429 1744 1503 1775; x_wconf 88' lang='lat' dir='ltr'><strong>talis</strong></span> <span class='ocrx_word' id='word_1_262' title='bbox 1548 1739 1786 1778; x_wconf 82' lang='grc' dir='ltr'><strong><em>ἀποσιώπησις</em></strong></span> <span class='ocrx_word' id='word_1_263' title='bbox 1835 1741 1888 1772; x_wconf 83' lang='lat' dir='ltr'><strong>ad·</strong></span> 
     </span>
     <span class='ocr_line' id='line_1_30' title="bbox 1026 1797 1888 1843; baseline -0.008 -9"><span class='ocrx_word' id='word_1_264' title='bbox 1026 1802 1112 1834; x_wconf 88' lang='lat' dir='ltr'><strong>mitti</strong></span> <span class='ocrx_word' id='word_1_265' title='bbox 1135 1801 1246 1843; x_wconf 87' lang='lat' dir='ltr'><strong>possit.</strong></span> <span class='ocrx_word' id='word_1_266' title='bbox 1279 1801 1425 1832; x_wconf 86' lang='lat' dir='ltr'><strong>Planum</strong></span> <span class='ocrx_word' id='word_1_267' title='bbox 1448 1804 1545 1831; x_wconf 88' lang='lat' dir='ltr'><strong>esset:</strong></span> <span class='ocrx_word' id='word_1_268' title='bbox 1580 1808 1666 1840; x_wconf 87' lang='lat' dir='ltr'><strong>quem</strong></span> <span class='ocrx_word' id='word_1_269' title='bbox 1701 1798 1760 1837; x_wconf 78' lang='lat' dir='ltr'><strong>(sc.</strong></span> <span class='ocrx_word' id='word_1_270' title='bbox 1782 1797 1888 1828; x_wconf 89' lang='lat' dir='ltr'><strong>Anto-</strong></span> 
     </span>
     <span class='ocr_line' id='line_1_31' title="bbox 1027 1852 1752 1898; baseline -0.008 -10"><span class='ocrx_word' id='word_1_271' title='bbox 1027 1857 1136 1897; x_wconf 85' lang='lat' dir='ltr'><strong>nium)</strong></span> <span class='ocrx_word' id='word_1_272' title='bbox 1158 1855 1279 1898; x_wconf 67' lang='lat' dir='ltr'><strong>quidem</strong></span> <span class='ocrx_word' id='word_1_273' title='bbox 1300 1855 1348 1885; x_wconf 74' lang='lat' dir='ltr'><strong>ita</strong></span> <span class='ocrx_word' id='word_1_274' title='bbox 1371 1853 1465 1886; x_wconf 82' lang='lat' dir='ltr'><strong>credo</strong></span> <span class='ocrx_word' id='word_1_275' title='bbox 1489 1853 1560 1885; x_wconf 89' lang='lat' dir='ltr'><strong>scil.</strong></span> <span class='ocrx_word' id='word_1_276' title='bbox 1572 1852 1752 1894; x_wconf 76' lang='lat' dir='ltr'><strong>facturum.</strong></span> 
     </span>
    </p>

    <p class='ocr_par' dir='ltr' id='par_1_8' title="bbox 1029 1907 1890 2002">
     <span class='ocr_line' id='line_1_32' title="bbox 1069 1907 1888 1947; baseline -0.005 -6"><span class='ocrx_word' id='word_1_277' title='bbox 1069 1910 1118 1941; x_wconf 88' lang='lat' dir='ltr'><strong>De</strong></span> <span class='ocrx_word' id='word_1_278' title='bbox 1140 1910 1229 1941; x_wconf 77' lang='lat' dir='ltr'><strong>illius</strong></span> <span class='ocrx_word' id='word_1_279' title='bbox 1252 1908 1366 1940; x_wconf 76' lang='lat' dir='ltr'><strong>nerviS.</strong></span> <span class='ocrx_word' id='word_1_280' title='bbox 1389 1908 1494 1940; x_wconf 89' lang='lat' dir='ltr'><strong>Nervi</strong></span> <span class='ocrx_word' id='word_1_281' title='bbox 1515 1907 1664 1938; x_wconf 86' lang='lat' dir='ltr'><strong>indicant</strong></span> <span class='ocrx_word' id='word_1_282' title='bbox 1688 1907 1775 1938; x_wconf 74' lang='lat' dir='ltr'><strong>vires</strong></span> <span class='ocrx_word' id='word_1_283' title='bbox 1791 1912 1823 1938; x_wconf 90' lang='lat' dir='ltr'><strong>et</strong></span> <span class='ocrx_word' id='word_1_284' title='bbox 1835 1916 1888 1947; x_wconf 88' lang='lat' dir='ltr'><strong>po—</strong></span> 
     </span>
     <span class='ocr_line' id='line_1_33' title="bbox 1029 1958 1890 2002; baseline -0.006 -8"><span class='ocrx_word' id='word_1_285' title='bbox 1029 1963 1175 1995; x_wconf 84' lang='lat' dir='ltr'><strong>tentiam.</strong></span> <span class='ocrx_word' id='word_1_286' title='bbox 1198 1962 1292 1993; x_wconf 82' lang='lat' dir='ltr'><strong>Fam.</strong></span> <span class='ocrx_word' id='word_1_287' title='bbox 1314 1961 1380 1993; x_wconf 92' lang='lat' dir='ltr'><strong>III.</strong></span> <span class='ocrx_word' id='word_1_288' title='bbox 1406 1961 1455 1998; x_wconf 90' lang='lat'><strong>10,</strong></span> <span class='ocrx_word' id='word_1_289' title='bbox 1480 1961 1509 1991; x_wconf 87' lang='lat'><strong>1.</strong></span> <span class='ocrx_word' id='word_1_290' title='bbox 1539 1959 1605 2002; x_wconf 70' lang='lat' dir='ltr'><strong>Eyo</strong></span> <span class='ocrx_word' id='word_1_291' title='bbox 1627 1959 1706 1991; x_wconf 81' lang='lat' dir='ltr'><strong>enim</strong></span> <span class='ocrx_word' id='word_1_292' title='bbox 1725 1959 1825 2000; x_wconf 78' lang='lat' dir='ltr'><strong>plane</strong></span> <span class='ocrx_word' id='word_1_293' title='bbox 1846 1958 1890 1989; x_wconf 82' lang='lat' dir='ltr'><strong>vi-</strong></span> 
     </span>
    </p>
   </div>
   <div class='ocr_carea' id='block_1_8' title="bbox 121 2013 1901 3084">
    <p class='ocr_par' dir='ltr' id='par_1_9' title="bbox 121 2013 1901 3084">
     <span class='ocr_line' id='line_1_34' title="bbox 122 2013 1890 2058; baseline -0.001 -13"><span class='ocrx_word' id='word_1_294' title='bbox 122 2015 174 2046; x_wconf 86' lang='lat' dir='ltr'><strong>vel</strong></span> <span class='ocrx_word' id='word_1_295' title='bbox 196 2015 303 2056; x_wconf 86' lang='lat' dir='ltr'><strong>magis</strong></span> <span class='ocrx_word' id='word_1_296' title='bbox 326 2016 476 2047; x_wconf 86' lang='lat' dir='ltr'><strong>definite:</strong></span> <span class='ocrx_word' id='word_1_297' title='bbox 499 2015 548 2047; x_wconf 89' lang='lat' dir='ltr'><strong>De</strong></span> <span class='ocrx_word' id='word_1_298' title='bbox 570 2016 693 2058; x_wconf 65' lang='lat' dir='ltr'><strong>leqiorze</strong></span> <span class='ocrx_word' id='word_1_299' title='bbox 718 2016 762 2048; x_wconf 84' lang='lat' dir='ltr'><strong>M.</strong></span> <span class='ocrx_word' id='word_1_300' title='bbox 782 2017 829 2056; x_wconf 61' lang='lat' dir='ltr'><strong>(og</strong></span> <span class='ocrx_word' id='word_1_301' title='bbox 849 2016 985 2058; x_wconf 86' lang='lat' dir='ltr'><strong>Martia)</strong></span> <span class='ocrx_word' id='word_1_302' title='bbox 1029 2017 1087 2048; x_wconf 86' lang='lat' dir='ltr'><strong>deo</strong></span> <span class='ocrx_word' id='word_1_303' title='bbox 1100 2017 1180 2057; x_wconf 86' lang='lat' dir='ltr'><strong>sore</strong></span> <span class='ocrx_word' id='word_1_304' title='bbox 1202 2015 1306 2047; x_wconf 74' lang='lat' dir='ltr'><strong>nervis</strong></span> <span class='ocrx_word' id='word_1_305' title='bbox 1328 2015 1434 2056; x_wconf 70' lang='lat' dir='ltr'><strong>opibus</strong></span> <span class='ocrx_word' id='word_1_306' title='bbox 1455 2014 1616 2054; x_wconf 70' lang='lat' dir='ltr'><strong>sapientia</strong></span> <span class='ocrx_word' id='word_1_307' title='bbox 1639 2015 1705 2050; x_wconf 77' lang='lat' dir='ltr'><strong>tua,</strong></span> <span class='ocrx_word' id='word_1_308' title='bbox 1733 2013 1890 2044; x_wconf 64' lang='lat' dir='ltr'><strong>veliemen-</strong></span> 
     </span>
     <span class='ocr_line' id='line_1_35' title="bbox 121 2066 1891 2112; baseline -0.001 -13"><span class='ocrx_word' id='word_1_309' title='bbox 121 2069 227 2101; x_wconf 82' lang='lat' dir='ltr'><strong>laudo.</strong></span> <span class='ocrx_word' id='word_1_310' title='bbox 260 2068 396 2102; x_wconf 83' lang='lat' dir='ltr'><strong>Certum</strong></span> <span class='ocrx_word' id='word_1_311' title='bbox 418 2070 509 2101; x_wconf 89' lang='lat' dir='ltr'><strong>enim</strong></span> <span class='ocrx_word' id='word_1_312' title='bbox 535 2075 583 2102; x_wconf 84' lang='lat' dir='ltr'><strong>est</strong></span> <span class='ocrx_word' id='word_1_313' title='bbox 606 2080 649 2102; x_wconf 83' lang='lat' dir='ltr'><strong>ex</strong></span> <span class='ocrx_word' id='word_1_314' title='bbox 672 2071 721 2108; x_wconf 89' lang='lat' dir='ltr'><strong>iis,</strong></span> <span class='ocrx_word' id='word_1_315' title='bbox 753 2080 838 2112; x_wconf 87' lang='lat' dir='ltr'><strong>quae</strong></span> <span class='ocrx_word' id='word_1_316' title='bbox 860 2071 984 2102; x_wconf 87' lang='lat' dir='ltr'><strong>addun-</strong></span> <span class='ocrx_word' id='word_1_317' title='bbox 1010 2090 1011 2094; x_wconf 61' lang='lat'><em>=</em></span> <span class='ocrx_word' id='word_1_318' title='bbox 1031 2073 1079 2102; x_wconf 78' lang='lat' dir='ltr'><strong>ter</strong></span> <span class='ocrx_word' id='word_1_319' title='bbox 1103 2073 1134 2101; x_wconf 76' lang='grc' dir='ltr'><strong>ιιι</strong></span> <span class='ocrx_word' id='word_1_320' title='bbox 1158 2069 1301 2100; x_wconf 72' lang='lat' dir='ltr'><strong>inimicos</strong></span> <span class='ocrx_word' id='word_1_321' title='bbox 1331 2072 1400 2100; x_wconf 68' lang='lat' dir='ltr'><strong>tuoe</strong></span> <span class='ocrx_word' id='word_1_322' title='bbox 1430 2068 1594 2109; x_wconf 78' lang='lat' dir='ltr'><strong>poeniteat</strong></span> <span class='ocrx_word' id='word_1_323' title='bbox 1627 2066 1891 2108; x_wconf 75' lang='lat' dir='ltr'><strong>intemperantiae</strong></span> 
     </span>
     <span class='ocr_line' id='line_1_36' title="bbox 122 2115 1892 2164; baseline -0.001 -11"><span class='ocrx_word' id='word_1_324' title='bbox 122 2128 174 2153; x_wconf 88' lang='lat' dir='ltr'><strong>tur</strong></span> <span class='ocrx_word' id='word_1_325' title='bbox 195 2123 235 2154; x_wconf 88' lang='lat' dir='ltr'><strong>de</strong></span> <span class='ocrx_word' id='word_1_326' title='bbox 259 2122 447 2160; x_wconf 82' lang='lat' dir='ltr'><strong>Carfuleno‚</strong></span> <span class='ocrx_word' id='word_1_327' title='bbox 482 2123 536 2154; x_wconf 86' lang='lat' dir='ltr'><strong>hic</strong></span> <span class='ocrx_word' id='word_1_328' title='bbox 559 2124 613 2164; x_wconf 82' lang='lat' dir='ltr'><strong>agi</strong></span> <span class='ocrx_word' id='word_1_329' title='bbox 635 2125 676 2156; x_wconf 89' lang='lat' dir='ltr'><strong>de</strong></span> <span class='ocrx_word' id='word_1_330' title='bbox 699 2124 818 2155; x_wconf 89' lang='lat' dir='ltr'><strong>nuntio</strong></span> <span class='ocrx_word' id='word_1_331' title='bbox 847 2124 988 2155; x_wconf 84' lang='lat' dir='ltr'><strong>Romam</strong></span> <span class='ocrx_word' id='word_1_332' title='bbox 1010 2115 1116 2156; x_wconf 51' lang='lat' dir='ltr'><strong>&gt;suae.</strong></span> <span class='ocrx_word' id='word_1_333' title='bbox 1151 2124 1278 2156; x_wconf 73' lang='lat' dir='ltr'><strong>Ner-vos</strong></span> <span class='ocrx_word' id='word_1_334' title='bbox 1312 2128 1408 2164; x_wconf 85' lang='lat' dir='ltr'><strong>atque</strong></span> <span class='ocrx_word' id='word_1_335' title='bbox 1442 2132 1519 2164; x_wconf 83' lang='lat' dir='ltr'><strong>opes</strong></span> <span class='ocrx_word' id='word_1_336' title='bbox 1552 2122 1727 2163; x_wconf 88' lang='lat' dir='ltr'><strong>coniungit</strong></span> <span class='ocrx_word' id='word_1_337' title='bbox 1760 2130 1892 2162; x_wconf 90' lang='lat' dir='ltr'><strong>quoque</strong></span> 
     </span>
     <span class='ocr_line' id='line_1_37' title="bbox 123 2167 1892 2219; baseline -0.002 -11"><span class='ocrx_word' id='word_1_338' title='bbox 123 2184 194 2208; x_wconf 86' lang='lat' dir='ltr'><strong>tum</strong></span> <span class='ocrx_word' id='word_1_339' title='bbox 217 2177 317 2208; x_wconf 84' lang='lat' dir='ltr'><strong>allato</strong></span> <span class='ocrx_word' id='word_1_340' title='bbox 341 2183 398 2209; x_wconf 81' lang='lat' dir='ltr'><strong>aut</strong></span> <span class='ocrx_word' id='word_1_341' title='bbox 419 2178 460 2209; x_wconf 88' lang='lat' dir='ltr'><strong>de</strong></span> <span class='ocrx_word' id='word_1_342' title='bbox 484 2187 625 2216; x_wconf 86' lang='lat' dir='ltr'><strong>rumore,</strong></span> <span class='ocrx_word' id='word_1_343' title='bbox 648 2178 817 2219; x_wconf 86' lang='lat' dir='ltr'><strong>legionem</strong></span> <span class='ocrx_word' id='word_1_344' title='bbox 833 2178 988 2209; x_wconf 84' lang='lat' dir='ltr'><strong>Martiam</strong></span> <span class='ocrx_word' id='word_1_345' title='bbox 1010 2167 1013 2178; x_wconf 61' lang='lat'>⁸</span> <span class='ocrx_word' id='word_1_346' title='bbox 1033 2178 1152 2210; x_wconf 84' lang='lat' dir='ltr'><strong>Caesar</strong></span> <span class='ocrx_word' id='word_1_347' title='bbox 1178 2178 1218 2209; x_wconf 90' lang='lat' dir='ltr'><strong>B.</strong></span> <span class='ocrx_word' id='word_1_348' title='bbox 1241 2176 1280 2208; x_wconf 87' lang='lat' dir='ltr'><strong>G.</strong></span> <span class='ocrx_word' id='word_1_349' title='bbox 1304 2177 1331 2207; x_wconf 94' lang='lat' dir='ltr'><strong>I.</strong></span> <span class='ocrx_word' id='word_1_350' title='bbox 1354 2176 1406 2208; x_wconf 82' lang='lat'><strong>20.</strong></span> <span class='ocrx_word' id='word_1_351' title='bbox 1428 2175 1544 2208; x_wconf 87' lang='lat' dir='ltr'><strong>Cicero</strong></span> <span class='ocrx_word' id='word_1_352' title='bbox 1567 2174 1731 2217; x_wconf 75' lang='lat' dir='ltr'><strong>Capitoni,</strong></span> <span class='ocrx_word' id='word_1_353' title='bbox 1757 2175 1816 2216; x_wconf 89' lang='lat' dir='ltr'><strong>qui</strong></span> <span class='ocrx_word' id='word_1_354' title='bbox 1836 2174 1892 2206; x_wconf 85' lang='lat' dir='ltr'><strong>ali-</strong></span> 
     </span>
     <span class='ocr_line' id='line_1_38' title="bbox 123 2211 1893 2273; baseline -0.001 -13"><span class='ocrx_word' id='word_1_355' title='bbox 123 2231 165 2261; x_wconf 84' lang='lat' dir='ltr'><strong>ab</strong></span> <span class='ocrx_word' id='word_1_356' title='bbox 186 2229 338 2261; x_wconf 88' lang='lat' dir='ltr'><strong>Antonio</strong></span> <span class='ocrx_word' id='word_1_357' title='bbox 370 2239 405 2261; x_wconf 83' lang='lat' dir='ltr'><strong>se</strong></span> <span class='ocrx_word' id='word_1_358' title='bbox 439 2231 619 2262; x_wconf 88' lang='lat' dir='ltr'><strong>contulisse</strong></span> <span class='ocrx_word' id='word_1_359' title='bbox 653 2232 693 2262; x_wconf 77' lang='lat' dir='ltr'><strong>ad</strong></span> <span class='ocrx_word' id='word_1_360' title='bbox 726 2230 914 2269; x_wconf 85' lang='lat' dir='ltr'><strong>Octavium,</strong></span> <span class='ocrx_word' id='word_1_361' title='bbox 947 2231 988 2261; x_wconf 86' lang='lat' dir='ltr'><strong>de</strong></span> <span class='ocrx_word' id='word_1_362' title='bbox 1010 2211 1014 2261; x_wconf 74' lang='lat' dir='ltr'><strong>l</strong></span> <span class='ocrx_word' id='word_1_363' title='bbox 1034 2232 1114 2273; x_wconf 82' lang='lat' dir='ltr'><strong>quid</strong></span> <span class='ocrx_word' id='word_1_364' title='bbox 1136 2236 1264 2272; x_wconf 84' lang='lat' dir='ltr'><strong>poterat</strong></span> <span class='ocrx_word' id='word_1_365' title='bbox 1286 2230 1373 2271; x_wconf 85' lang='lat' dir='ltr'><strong>apud</strong></span> <span class='ocrx_word' id='word_1_366' title='bbox 1396 2229 1569 2266; x_wconf 83' lang='lat' dir='ltr'><strong>Plancum,</strong></span> <span class='ocrx_word' id='word_1_367' title='bbox 1599 2228 1744 2259; x_wconf 75' lang='lat' dir='ltr'><strong>nervulos</strong></span> <span class='ocrx_word' id='word_1_368' title='bbox 1767 2228 1893 2264; x_wconf 86' lang='lat' dir='ltr'><strong>tribuit,</strong></span> 
     </span>
     <span class='ocr_line' id='line_1_39' title="bbox 125 2281 1872 2337; baseline -0.001 -22"><span class='ocrx_word' id='word_1_369' title='bbox 125 2294 192 2325; x_wconf 86' lang='lat' dir='ltr'><strong>qua</strong></span> <span class='ocrx_word' id='word_1_370' title='bbox 213 2294 248 2316; x_wconf 86' lang='lat' dir='ltr'><strong>re</strong></span> <span class='ocrx_word' id='word_1_371' title='bbox 272 2284 433 2326; x_wconf 81' lang='lat' dir='ltr'><strong>legendus</strong></span> <span class='ocrx_word' id='word_1_372' title='bbox 455 2290 504 2317; x_wconf 88' lang='lat' dir='ltr'><strong>est</strong></span> <span class='ocrx_word' id='word_1_373' title='bbox 527 2286 644 2318; x_wconf 86' lang='lat' dir='ltr'><strong>Cicero</strong></span> <span class='ocrx_word' id='word_1_374' title='bbox 667 2286 757 2318; x_wconf 84' lang='lat' dir='ltr'><strong>Phil.</strong></span> <span class='ocrx_word' id='word_1_375' title='bbox 779 2286 848 2318; x_wconf 86' lang='lat'><strong>111.</strong></span> <span class='ocrx_word' id='word_1_376' title='bbox 871 2287 900 2317; x_wconf 92' lang='grc'><strong>6.</strong></span> <span class='ocrx_word' id='word_1_377' title='bbox 929 2287 988 2317; x_wconf 87' lang='lat' dir='ltr'><strong>At·</strong></span> <span class='ocrx_word' id='word_1_378' title='bbox 1010 2284 1014 2337; x_wconf 60' lang='lat' dir='ltr'>j</span> <span class='ocrx_word' id='word_1_379' title='bbox 1033 2295 1101 2317; x_wconf 90' lang='lat' dir='ltr'><strong>non</strong></span> <span class='ocrx_word' id='word_1_380' title='bbox 1123 2294 1234 2316; x_wconf 75' lang='lat' dir='ltr'><strong>nervos</strong></span> <span class='ocrx_word' id='word_1_381' title='bbox 1258 2285 1292 2316; x_wconf 90' lang='lat' dir='ltr'><strong>in</strong></span> <span class='ocrx_word' id='word_1_382' title='bbox 1315 2284 1408 2325; x_wconf 88' lang='lat' dir='ltr'><strong>epist.</strong></span> <span class='ocrx_word' id='word_1_383' title='bbox 1432 2283 1541 2314; x_wconf 87' lang='lat' dir='ltr'><strong>addita</strong></span> <span class='ocrx_word' id='word_1_384' title='bbox 1564 2281 1664 2314; x_wconf 91' lang='lat' dir='ltr'><strong>XVI.</strong></span> <span class='ocrx_word' id='word_1_385' title='bbox 1688 2282 1727 2313; x_wconf 88' lang='grc'><strong>16</strong></span> <span class='ocrx_word' id='word_1_386' title='bbox 1751 2282 1797 2320; x_wconf 93' lang='lat' dir='ltr'><strong>C.‚</strong></span> <span class='ocrx_word' id='word_1_387' title='bbox 1822 2282 1872 2313; x_wconf 83' lang='lat'><strong>13.</strong></span> 
     </span>
     <span class='ocr_line' id='line_1_40' title="bbox 127 2335 1895 2378; baseline -0.002 -10"><span class='ocrx_word' id='word_1_388' title='bbox 127 2346 189 2378; x_wconf 90' lang='lat' dir='ltr'><strong>que</strong></span> <span class='ocrx_word' id='word_1_389' title='bbox 211 2346 314 2378; x_wconf 86' lang='lat' dir='ltr'><strong>quum</strong></span> <span class='ocrx_word' id='word_1_390' title='bbox 337 2337 492 2376; x_wconf 82' lang='lat' dir='ltr'><strong>Plancus,</strong></span> <span class='ocrx_word' id='word_1_391' title='bbox 515 2337 609 2369; x_wconf 85' lang='lat' dir='ltr'><strong>Fam.</strong></span> <span class='ocrx_word' id='word_1_392' title='bbox 633 2338 678 2370; x_wconf 87' lang='lat' dir='ltr'><strong>X.</strong></span> <span class='ocrx_word' id='word_1_393' title='bbox 692 2340 742 2376; x_wconf 84' lang='lat'><strong>33,</strong></span> <span class='ocrx_word' id='word_1_394' title='bbox 766 2341 795 2377; x_wconf 80' lang='lat'><strong>4,</strong></span> <span class='ocrx_word' id='word_1_395' title='bbox 811 2340 853 2370; x_wconf 87' lang='lat' dir='ltr'><strong>de</strong></span> <span class='ocrx_word' id='word_1_396' title='bbox 866 2338 989 2370; x_wconf 86' lang='lat' dir='ltr'><strong>Martia</strong></span> <span class='ocrx_word' id='word_1_397' title='bbox 1011 2342 1014 2362; x_wconf 71' lang='grc' dir='ltr'><strong><em>ὲ</em></strong></span> <span class='ocrx_word' id='word_1_398' title='bbox 1074 2338 1138 2369; x_wconf 77' lang='lat' dir='ltr'><strong>Sed</strong></span> <span class='ocrx_word' id='word_1_399' title='bbox 1158 2348 1219 2369; x_wconf 75' lang='lat' dir='ltr'><strong>non</strong></span> <span class='ocrx_word' id='word_1_400' title='bbox 1242 2337 1339 2378; x_wconf 72' lang='lat' dir='ltr'><strong>cupio,</strong></span> <span class='ocrx_word' id='word_1_401' title='bbox 1369 2336 1515 2378; x_wconf 83' lang='lat' dir='ltr'><strong>quoniam</strong></span> <span class='ocrx_word' id='word_1_402' title='bbox 1546 2337 1675 2367; x_wconf 76' lang='lat' dir='ltr'><strong>cavetur</strong></span> <span class='ocrx_word' id='word_1_403' title='bbox 1706 2335 1895 2366; x_wconf 73' lang='lat' dir='ltr'><strong>Buthrotiis.</strong></span> 
     </span>
     <span class='ocr_line' id='line_1_41' title="bbox 126 2365 1894 2434; baseline -0.002 -12"><span class='ocrx_word' id='word_1_404' title='bbox 126 2391 260 2431; x_wconf 86' lang='lat' dir='ltr'><strong>legione</strong></span> <span class='ocrx_word' id='word_1_405' title='bbox 281 2391 429 2422; x_wconf 85' lang='lat' dir='ltr'><strong>scribens</strong></span> <span class='ocrx_word' id='word_1_406' title='bbox 460 2391 631 2424; x_wconf 85' lang='lat' dir='ltr'><strong>Carfuleni</strong></span> <span class='ocrx_word' id='word_1_407' title='bbox 662 2403 784 2425; x_wconf 90' lang='lat' dir='ltr'><strong>nomeu</strong></span> <span class='ocrx_word' id='word_1_408' title='bbox 819 2393 990 2434; x_wconf 83' lang='lat' dir='ltr'><strong>adiungat,</strong></span> <span class='ocrx_word' id='word_1_409' title='bbox 1011 2365 1015 2416; x_wconf 69' lang='lat' dir='ltr'><strong>l</strong></span> <span class='ocrx_word' id='word_1_410' title='bbox 1034 2391 1156 2423; x_wconf 71' lang='lat' dir='ltr'><strong>Rides?</strong></span> <span class='ocrx_word' id='word_1_411' title='bbox 1192 2390 1305 2421; x_wconf 84' lang='lat' dir='ltr'><strong>Verba</strong></span> <span class='ocrx_word' id='word_1_412' title='bbox 1328 2399 1346 2420; x_wconf 82' lang='lat' dir='ltr'><strong>a</strong></span> <span class='ocrx_word' id='word_1_413' title='bbox 1370 2389 1521 2420; x_wconf 85' lang='lat' dir='ltr'><strong>Victorio</strong></span> <span class='ocrx_word' id='word_1_414' title='bbox 1544 2394 1699 2426; x_wconf 85' lang='lat' dir='ltr'><strong>correcta,</strong></span> <span class='ocrx_word' id='word_1_415' title='bbox 1731 2389 1788 2420; x_wconf 84' lang='lat' dir='ltr'><strong>sed</strong></span> <span class='ocrx_word' id='word_1_416' title='bbox 1822 2389 1894 2419; x_wconf 86' lang='lat' dir='ltr'><strong>sub-</strong></span> 
     </span>
     <span class='ocr_line' id='line_1_42' title="bbox 128 2417 1896 2485; baseline -0.001 -10"><span class='ocrx_word' id='word_1_417' title='bbox 128 2444 285 2485; x_wconf 82' lang='lat' dir='ltr'><strong>snspicari</strong></span> <span class='ocrx_word' id='word_1_418' title='bbox 308 2445 385 2476; x_wconf 84' lang='lat' dir='ltr'><strong>licet</strong></span> <span class='ocrx_word' id='word_1_419' title='bbox 406 2445 494 2476; x_wconf 88' lang='lat' dir='ltr'><strong>hunc</strong></span> <span class='ocrx_word' id='word_1_420' title='bbox 517 2446 624 2476; x_wconf 87' lang='lat' dir='ltr'><strong>virum</strong></span> <span class='ocrx_word' id='word_1_421' title='bbox 649 2446 696 2478; x_wconf 84' lang='lat' dir='ltr'><strong>rei</strong></span> <span class='ocrx_word' id='word_1_422' title='bbox 719 2447 872 2478; x_wconf 82' lang='lat' dir='ltr'><strong>militaris</strong></span> <span class='ocrx_word' id='word_1_423' title='bbox 886 2447 990 2479; x_wconf 88' lang='lat' dir='ltr'><strong>scien·</strong></span> <span class='ocrx_word' id='word_1_424' title='bbox 1011 2417 1015 2478; x_wconf 67' lang='lat' dir='ltr'><strong>i</strong></span> <span class='ocrx_word' id='word_1_425' title='bbox 1033 2447 1171 2477; x_wconf 85' lang='lat' dir='ltr'><strong>obscura</strong></span> <span class='ocrx_word' id='word_1_426' title='bbox 1195 2444 1322 2482; x_wconf 87' lang='lat' dir='ltr'><strong>melius,</strong></span> <span class='ocrx_word' id='word_1_427' title='bbox 1346 2454 1447 2485; x_wconf 90' lang='lat' dir='ltr'><strong>quam</strong></span> <span class='ocrx_word' id='word_1_428' title='bbox 1468 2443 1656 2475; x_wconf 86' lang='lat' dir='ltr'><strong>Gronovius</strong></span> <span class='ocrx_word' id='word_1_429' title='bbox 1678 2443 1808 2481; x_wconf 82' lang='lat' dir='ltr'><strong>fecerat,</strong></span> <span class='ocrx_word' id='word_1_430' title='bbox 1849 2443 1896 2473; x_wconf 90' lang='lat' dir='ltr'><strong>in-</strong></span> 
     </span>
     <span class='ocr_line' id='line_1_43' title="bbox 129 2497 1895 2541; baseline 0 -13"><span class='ocrx_word' id='word_1_431' title='bbox 129 2497 173 2528; x_wconf 80' lang='lat' dir='ltr'><strong>tia</strong></span> <span class='ocrx_word' id='word_1_432' title='bbox 197 2503 428 2538; x_wconf 84' lang='lat' dir='ltr'><strong>praestantem,</strong></span> <span class='ocrx_word' id='word_1_433' title='bbox 455 2499 488 2530; x_wconf 92' lang='lat' dir='ltr'><strong>in</strong></span> <span class='ocrx_word' id='word_1_434' title='bbox 522 2508 561 2530; x_wconf 85' lang='lat' dir='ltr'><strong>ea</strong></span> <span class='ocrx_word' id='word_1_435' title='bbox 592 2499 726 2540; x_wconf 86' lang='lat' dir='ltr'><strong>legione</strong></span> <span class='ocrx_word' id='word_1_436' title='bbox 754 2499 855 2531; x_wconf 83' lang='lat' dir='ltr'><strong>fuisse</strong></span> <span class='ocrx_word' id='word_1_437' title='bbox 891 2500 990 2531; x_wconf 88' lang='lat' dir='ltr'><strong>tribu·</strong></span> <span class='ocrx_word' id='word_1_438' title='bbox 1012 2497 1201 2541; x_wconf 61' lang='lat' dir='ltr'><strong>iterpretati</strong></span> <span class='ocrx_word' id='word_1_439' title='bbox 1223 2504 1301 2530; x_wconf 89' lang='lat' dir='ltr'><strong>sunt</strong></span> <span class='ocrx_word' id='word_1_440' title='bbox 1323 2497 1468 2530; x_wconf 87' lang='lat' dir='ltr'><strong>Orellius</strong></span> <span class='ocrx_word' id='word_1_441' title='bbox 1491 2503 1522 2530; x_wconf 89' lang='lat' dir='ltr'><strong>et</strong></span> <span class='ocrx_word' id='word_1_442' title='bbox 1547 2498 1700 2529; x_wconf 87' lang='lat' dir='ltr'><strong>Baiterus</strong></span> <span class='ocrx_word' id='word_1_443' title='bbox 1724 2498 1758 2528; x_wconf 90' lang='lat' dir='ltr'><strong>in</strong></span> <span class='ocrx_word' id='word_1_444' title='bbox 1775 2497 1895 2530; x_wconf 88' lang='lat' dir='ltr'><strong>Onom.</strong></span> 
     </span>
     <span class='ocr_line' id='line_1_44' title="bbox 130 2544 1896 2593; baseline -0.001 -11"><span class='ocrx_word' id='word_1_445' title='bbox 130 2562 220 2583; x_wconf 87' lang='lat' dir='ltr'><strong>num.</strong></span> <span class='ocrx_word' id='word_1_446' title='bbox 248 2551 397 2584; x_wconf 86' lang='lat' dir='ltr'><strong>Potuisse</strong></span> <span class='ocrx_word' id='word_1_447' title='bbox 420 2557 530 2584; x_wconf 88' lang='lat' dir='ltr'><strong>autem</strong></span> <span class='ocrx_word' id='word_1_448' title='bbox 553 2553 722 2593; x_wconf 86' lang='lat' dir='ltr'><strong>legionem</strong></span> <span class='ocrx_word' id='word_1_449' title='bbox 754 2554 910 2585; x_wconf 84' lang='lat' dir='ltr'><strong>Martiam</strong></span> <span class='ocrx_word' id='word_1_450' title='bbox 943 2563 990 2585; x_wconf 86' lang='lat' dir='ltr'><strong>re·</strong></span> <span class='ocrx_word' id='word_1_451' title='bbox 1012 2544 1122 2584; x_wconf 63' lang='lat' dir='ltr'><strong>⁴Tull.</strong></span> <span class='ocrx_word' id='word_1_452' title='bbox 1146 2552 1180 2582; x_wconf 91' lang='lat' dir='ltr'><strong>in</strong></span> <span class='ocrx_word' id='word_1_453' title='bbox 1205 2562 1233 2582; x_wconf 92' lang='lat' dir='ltr'><strong>v.</strong></span> <span class='ocrx_word' id='word_1_454' title='bbox 1257 2550 1457 2588; x_wconf 77' lang='lat' dir='ltr'><strong>Buthrotum,</strong></span> <span class='ocrx_word' id='word_1_455' title='bbox 1479 2551 1542 2582; x_wconf 90' lang='lat' dir='ltr'><strong>hoc</strong></span> <span class='ocrx_word' id='word_1_456' title='bbox 1564 2551 1680 2582; x_wconf 84' lang='lat' dir='ltr'><strong>modo:</strong></span> <span class='ocrx_word' id='word_1_457' title='bbox 1715 2549 1806 2582; x_wconf 51' lang='lat' dir='ltr'><strong>„Sed</strong></span> <span class='ocrx_word' id='word_1_458' title='bbox 1829 2560 1896 2581; x_wconf 88' lang='lat' dir='ltr'><strong>non</strong></span> 
     </span>
     <span class='ocr_line' id='line_1_45' title="bbox 131 2569 1896 2647; baseline -0.002 -10"><span class='ocrx_word' id='word_1_459' title='bbox 131 2606 279 2647; x_wconf 86' lang='lat' dir='ltr'><strong>linquere</strong></span> <span class='ocrx_word' id='word_1_460' title='bbox 303 2606 500 2643; x_wconf 84' lang='lat' dir='ltr'><strong>Antonium,</strong></span> <span class='ocrx_word' id='word_1_461' title='bbox 535 2607 576 2638; x_wconf 91' lang='lat' dir='ltr'><strong>de</strong></span> <span class='ocrx_word' id='word_1_462' title='bbox 596 2606 778 2638; x_wconf 70' lang='lat' dir='ltr'><strong>Carsulano</strong></span> <span class='ocrx_word' id='word_1_463' title='bbox 801 2613 912 2639; x_wconf 80' lang='lat' dir='ltr'><strong>tamen</strong></span> <span class='ocrx_word' id='word_1_464' title='bbox 935 2609 991 2639; x_wconf 90' lang='lat' dir='ltr'><strong>du·</strong></span> <span class='ocrx_word' id='word_1_465' title='bbox 1013 2569 1131 2647; x_wconf 70' lang='lat' dir='ltr'><strong>lcupio</strong></span> <span class='ocrx_word' id='word_1_466' title='bbox 1155 2605 1291 2642; x_wconf 82' lang='lat' dir='ltr'><strong>bellum,</strong></span> <span class='ocrx_word' id='word_1_467' title='bbox 1313 2610 1447 2645; x_wconf 86' lang='lat' dir='ltr'><strong>propter</strong></span> <span class='ocrx_word' id='word_1_468' title='bbox 1468 2614 1570 2636; x_wconf 86' lang='lat' dir='ltr'><strong>unam</strong></span> <span class='ocrx_word' id='word_1_469' title='bbox 1604 2604 1690 2635; x_wconf 86' lang='lat' dir='ltr'><strong>hanc</strong></span> <span class='ocrx_word' id='word_1_470' title='bbox 1724 2604 1896 2640; x_wconf 87' lang='lat' dir='ltr'><strong>rationem,</strong></span> 
     </span>
     <span class='ocr_line' id='line_1_46' title="bbox 133 2650 1897 2704; baseline -0.001 -14"><span class='ocrx_word' id='word_1_471' title='bbox 133 2659 237 2697; x_wconf 72' lang='lat' dir='ltr'><strong>bituri,</strong></span> <span class='ocrx_word' id='word_1_472' title='bbox 259 2659 338 2700; x_wconf 87' lang='lat' dir='ltr'><strong>quid</strong></span> <span class='ocrx_word' id='word_1_473' title='bbox 368 2659 491 2697; x_wconf 85' lang='lat' dir='ltr'><strong>fecerit,</strong></span> <span class='ocrx_word' id='word_1_474' title='bbox 529 2659 742 2691; x_wconf 82' lang='lat' dir='ltr'><strong>manifestum</strong></span> <span class='ocrx_word' id='word_1_475' title='bbox 772 2665 829 2692; x_wconf 87' lang='lat' dir='ltr'><strong>est.</strong></span> <span class='ocrx_word' id='word_1_476' title='bbox 873 2661 942 2699; x_wconf 84' lang='lat' dir='ltr'><strong>Qui</strong></span> <span class='ocrx_word' id='word_1_477' title='bbox 964 2662 991 2692; x_wconf 89' lang='lat' dir='ltr'><strong>si</strong></span> <span class='ocrx_word' id='word_1_478' title='bbox 1014 2650 1018 2694; x_wconf 82' lang='grc' dir='ltr'>Ι</span> <span class='ocrx_word' id='word_1_479' title='bbox 1037 2663 1125 2704; x_wconf 93' lang='lat' dir='ltr'><strong>quod</strong></span> <span class='ocrx_word' id='word_1_480' title='bbox 1147 2671 1226 2702; x_wconf 83' lang='lat' dir='ltr'><strong>pace</strong></span> <span class='ocrx_word' id='word_1_481' title='bbox 1249 2667 1377 2693; x_wconf 83' lang='lat' dir='ltr'><strong>servata</strong></span> <span class='ocrx_word' id='word_1_482' title='bbox 1400 2667 1432 2692; x_wconf 85' lang='lat' dir='ltr'><strong>et</strong></span> <span class='ocrx_word' id='word_1_483' title='bbox 1456 2660 1606 2693; x_wconf 84' lang='lat' dir='ltr'><strong>Caesaris</strong></span> <span class='ocrx_word' id='word_1_484' title='bbox 1630 2660 1709 2691; x_wconf 85' lang='lat' dir='ltr'><strong>actis</strong></span> <span class='ocrx_word' id='word_1_485' title='bbox 1732 2659 1809 2690; x_wconf 84' lang='lat' dir='ltr'><strong>ratis</strong></span> <span class='ocrx_word' id='word_1_486' title='bbox 1833 2669 1897 2689; x_wconf 88' lang='lat' dir='ltr'><strong>ma-</strong></span> 
     </span>
     <span class='ocr_line' id='line_1_47' title="bbox 131 2714 1898 2758; baseline -0.001 -12"><span class='ocrx_word' id='word_1_487' title='bbox 131 2715 271 2753; x_wconf 88' lang='lat' dir='ltr'><strong>transiit,</strong></span> <span class='ocrx_word' id='word_1_488' title='bbox 295 2715 408 2746; x_wconf 82' lang='lat' dir='ltr'><strong>omnia</strong></span> <span class='ocrx_word' id='word_1_489' title='bbox 430 2716 497 2747; x_wconf 84' lang='lat' dir='ltr'><strong>iam</strong></span> <span class='ocrx_word' id='word_1_490' title='bbox 523 2715 595 2747; x_wconf 87' lang='lat' dir='ltr'><strong>fieri</strong></span> <span class='ocrx_word' id='word_1_491' title='bbox 617 2725 712 2756; x_wconf 84' lang='lat' dir='ltr'><strong>posse</strong></span> <span class='ocrx_word' id='word_1_492' title='bbox 735 2716 879 2747; x_wconf 81' lang='lat' dir='ltr'><strong>declarat</strong></span> <span class='ocrx_word' id='word_1_493' title='bbox 895 2717 993 2758; x_wconf 87' lang='lat' dir='ltr'><strong>scrip·</strong></span> <span class='ocrx_word' id='word_1_494' title='bbox 1037 2716 1195 2749; x_wconf 86' lang='lat' dir='ltr'><strong>uentibus</strong></span> <span class='ocrx_word' id='word_1_495' title='bbox 1218 2723 1354 2748; x_wconf 80' lang='lat' dir='ltr'><strong>cavetur</strong></span> <span class='ocrx_word' id='word_1_496' title='bbox 1378 2716 1477 2748; x_wconf 89' lang='lat' dir='ltr'><strong>etiam</strong></span> <span class='ocrx_word' id='word_1_497' title='bbox 1503 2716 1570 2747; x_wconf 85' lang='lat' dir='ltr'><strong>illis</strong></span> <span class='ocrx_word' id='word_1_498' title='bbox 1603 2716 1666 2747; x_wconf 85' lang='lat' dir='ltr'><strong>tuis</strong></span> <span class='ocrx_word' id='word_1_499' title='bbox 1703 2714 1898 2746; x_wconf 70' lang='lat' dir='ltr'><strong>Buthrotiis.</strong></span> 
     </span>
     <span class='ocr_line' id='line_1_48' title="bbox 131 2762 1897 2815; baseline -0.002 -15"><span class='ocrx_word' id='word_1_500' title='bbox 131 2774 190 2806; x_wconf 91' lang='lat' dir='ltr'><strong>tor,</strong></span> <span class='ocrx_word' id='word_1_501' title='bbox 205 2769 309 2800; x_wconf 85' lang='lat' dir='ltr'><strong>citans</strong></span> <span class='ocrx_word' id='word_1_502' title='bbox 325 2769 545 2809; x_wconf 87' lang='lat' dir='ltr'><strong>proverbium:</strong></span> <span class='ocrx_word' id='word_1_503' title='bbox 571 2762 641 2800; x_wconf 76' lang='grc' dir='ltr'><strong>ἅνω</strong></span> <span class='ocrx_word' id='word_1_504' title='bbox 655 2771 819 2814; x_wconf 75' lang='grc' dir='ltr'>ποταμῶν</span> <span class='ocrx_word' id='word_1_505' title='bbox 841 2770 994 2815; x_wconf 81' lang='grc' dir='ltr'><strong>χωροῦσι</strong></span> <span class='ocrx_word' id='word_1_506' title='bbox 1038 2769 1164 2802; x_wconf 85' lang='lat' dir='ltr'><strong>Rides?</strong></span> <span class='ocrx_word' id='word_1_507' title='bbox 1188 2769 1326 2802; x_wconf 86' lang='lat' dir='ltr'><strong>Scilicet</strong></span> <span class='ocrx_word' id='word_1_508' title='bbox 1349 2770 1425 2811; x_wconf 85' lang='lat' dir='ltr'><strong>quia</strong></span> <span class='ocrx_word' id='word_1_509' title='bbox 1449 2770 1571 2812; x_wconf 89' lang='lat' dir='ltr'><strong>optime</strong></span> <span class='ocrx_word' id='word_1_510' title='bbox 1595 2769 1755 2809; x_wconf 87' lang='lat' dir='ltr'><strong>intelligis</strong></span> <span class='ocrx_word' id='word_1_511' title='bbox 1779 2768 1858 2799; x_wconf 84' lang='lat' dir='ltr'><strong>haec</strong></span> <span class='ocrx_word' id='word_1_512' title='bbox 1882 2778 1897 2797; x_wconf 79' lang='lat' dir='ltr'><strong>a</strong></span> 
     </span>
     <span class='ocr_line' id='line_1_49' title="bbox 132 2814 1899 2870; baseline -0.003 -14"><span class='ocrx_word' id='word_1_513' title='bbox 132 2823 258 2869; x_wconf 69' lang='grc' dir='ltr'><strong>πηγαί.</strong></span> <span class='ocrx_word' id='word_1_514' title='bbox 1039 2832 1092 2854; x_wconf 90' lang='lat' dir='ltr'><strong>me</strong></span> <span class='ocrx_word' id='word_1_515' title='bbox 1114 2814 1190 2854; x_wconf 73' lang='grc' dir='ltr'>κατ’</span> <span class='ocrx_word' id='word_1_516' title='bbox 1216 2820 1388 2870; x_wconf 73' lang='grc' dir='ltr'><strong>εἰρωνείαν</strong></span> <span class='ocrx_word' id='word_1_517' title='bbox 1407 2823 1472 2854; x_wconf 88' lang='lat' dir='ltr'><strong>dici</strong></span> <span class='ocrx_word' id='word_1_518' title='bbox 1486 2831 1678 2862; x_wconf 90' lang='lat' dir='ltr'><strong>merumque</strong></span> <span class='ocrx_word' id='word_1_519' title='bbox 1693 2830 1762 2852; x_wconf 87' lang='lat' dir='ltr'><strong>esse</strong></span> <span class='ocrx_word' id='word_1_520' title='bbox 1779 2822 1899 2856; x_wconf 80' lang='lat' dir='ltr'><strong>iocum,</strong></span> 
     </span>
     <span class='ocr_line' id='line_1_50' title="bbox 175 2878 1899 2924; baseline -0.003 -12"><span class='ocrx_word' id='word_1_521' title='bbox 175 2881 306 2913; x_wconf 82' lang='lat' dir='ltr'><strong>Antonii</strong></span> <span class='ocrx_word' id='word_1_522' title='bbox 327 2881 473 2912; x_wconf 73' lang='lat' dir='ltr'><strong>consilia.</strong></span> <span class='ocrx_word' id='word_1_523' title='bbox 497 2882 531 2912; x_wconf 88' lang='lat' dir='ltr'><strong>Is</strong></span> <span class='ocrx_word' id='word_1_524' title='bbox 552 2882 615 2913; x_wconf 81' lang='lat' dir='ltr'><strong>hoc</strong></span> <span class='ocrx_word' id='word_1_525' title='bbox 639 2889 788 2923; x_wconf 80' lang='lat' dir='ltr'><strong>tempore</strong></span> <span class='ocrx_word' id='word_1_526' title='bbox 811 2884 844 2915; x_wconf 87' lang='lat' dir='ltr'><strong>id</strong></span> <span class='ocrx_word' id='word_1_527' title='bbox 866 2884 995 2924; x_wconf 73' lang='lat' dir='ltr'><strong>agebat,</strong></span> <span class='ocrx_word' id='word_1_528' title='bbox 1043 2879 1122 2920; x_wconf 84' lang='lat' dir='ltr'><strong>quia</strong></span> <span class='ocrx_word' id='word_1_529' title='bbox 1143 2889 1185 2911; x_wconf 84' lang='lat' dir='ltr'><strong>ex</strong></span> <span class='ocrx_word' id='word_1_530' title='bbox 1211 2880 1314 2911; x_wconf 87' lang='lat' dir='ltr'><strong>animi</strong></span> <span class='ocrx_word' id='word_1_531' title='bbox 1331 2880 1395 2912; x_wconf 89' lang='lat' dir='ltr'><strong>mei</strong></span> <span class='ocrx_word' id='word_1_532' title='bbox 1412 2879 1575 2911; x_wconf 83' lang='lat' dir='ltr'><strong>sententia</strong></span> <span class='ocrx_word' id='word_1_533' title='bbox 1588 2878 1635 2909; x_wconf 87' lang='lat' dir='ltr'><strong>rei</strong></span> <span class='ocrx_word' id='word_1_534' title='bbox 1652 2878 1801 2919; x_wconf 85' lang='lat' dir='ltr'><strong>publicae</strong></span> <span class='ocrx_word' id='word_1_535' title='bbox 1814 2886 1899 2907; x_wconf 78' lang='lat' dir='ltr'><strong>suni-</strong></span> 
     </span>
     <span class='ocr_line' id='line_1_51' title="bbox 133 2931 1901 2975; baseline -0.003 -9"><span class='ocrx_word' id='word_1_536' title='bbox 133 2940 170 2966; x_wconf 86' lang='lat' dir='ltr'><strong>ut</strong></span> <span class='ocrx_word' id='word_1_537' title='bbox 190 2933 309 2972; x_wconf 81' lang='lat' dir='ltr'><strong>Gallia,</strong></span> <span class='ocrx_word' id='word_1_538' title='bbox 334 2944 434 2975; x_wconf 81' lang='lat' dir='ltr'><strong>quam</strong></span> <span class='ocrx_word' id='word_1_539' title='bbox 458 2935 663 2975; x_wconf 83' lang='lat' dir='ltr'><strong>provinciam</strong></span> <span class='ocrx_word' id='word_1_540' title='bbox 688 2941 819 2967; x_wconf 82' lang='lat' dir='ltr'><strong>senatus</strong></span> <span class='ocrx_word' id='word_1_541' title='bbox 836 2936 878 2967; x_wconf 91' lang='lat' dir='ltr'><strong>D.</strong></span> <span class='ocrx_word' id='word_1_542' title='bbox 896 2937 996 2968; x_wconf 90' lang='lat' dir='ltr'><strong>Iunio</strong></span> <span class='ocrx_word' id='word_1_543' title='bbox 1045 2942 1117 2964; x_wconf 82' lang='lat' dir='ltr'><strong>mae</strong></span> <span class='ocrx_word' id='word_1_544' title='bbox 1140 2933 1350 2974; x_wconf 80' lang='lat' dir='ltr'><strong>libertatique</strong></span> <span class='ocrx_word' id='word_1_545' title='bbox 1381 2933 1623 2974; x_wconf 85' lang='lat' dir='ltr'><strong>recuperandae</strong></span> <span class='ocrx_word' id='word_1_546' title='bbox 1652 2931 1757 2971; x_wconf 85' lang='lat' dir='ltr'><strong>magis</strong></span> <span class='ocrx_word' id='word_1_547' title='bbox 1786 2939 1901 2961; x_wconf 82' lang='lat' dir='ltr'><strong>consu-</strong></span> 
     </span>
     <span class='ocr_line' id='line_1_52' title="bbox 135 2985 1748 3030; baseline -0.002 -11"><span class='ocrx_word' id='word_1_548' title='bbox 135 2988 239 3019; x_wconf 88' lang='lat' dir='ltr'><strong>Bruto</strong></span> <span class='ocrx_word' id='word_1_549' title='bbox 261 2989 460 3025; x_wconf 82' lang='lat' dir='ltr'><strong>decreverat,</strong></span> <span class='ocrx_word' id='word_1_550' title='bbox 483 2988 546 3019; x_wconf 90' lang='lat' dir='ltr'><strong>sibi</strong></span> <span class='ocrx_word' id='word_1_551' title='bbox 571 2989 702 3019; x_wconf 80' lang='lat' dir='ltr'><strong>daretur</strong></span> <span class='ocrx_word' id='word_1_552' title='bbox 726 2995 757 3020; x_wconf 88' lang='lat' dir='ltr'><strong>et</strong></span> <span class='ocrx_word' id='word_1_553' title='bbox 777 2998 834 3030; x_wconf 87' lang='lat' dir='ltr'><strong>per</strong></span> <span class='ocrx_word' id='word_1_554' title='bbox 846 2989 996 3020; x_wconf 74' lang='lat' dir='ltr'><strong>tribunos</strong></span> <span class='ocrx_word' id='word_1_555' title='bbox 1046 2986 1167 3018; x_wconf 83' lang='lat' dir='ltr'><strong>leretur</strong></span> <span class='ocrx_word' id='word_1_556' title='bbox 1190 2987 1286 3024; x_wconf 88' lang='lat' dir='ltr'><strong>bello,</strong></span> <span class='ocrx_word' id='word_1_557' title='bbox 1309 2997 1409 3028; x_wconf 87' lang='lat' dir='ltr'><strong>quam</strong></span> <span class='ocrx_word' id='word_1_558' title='bbox 1430 2987 1492 3017; x_wconf 85' lang='lat' dir='ltr'><strong>hac</strong></span> <span class='ocrx_word' id='word_1_559' title='bbox 1515 2995 1593 3027; x_wconf 87' lang='lat' dir='ltr'><strong>paee</strong></span> <span class='ocrx_word' id='word_1_560' title='bbox 1616 2985 1748 3016; x_wconf 79' lang='lat' dir='ltr'><strong>infida.”</strong></span> 
     </span>
     <span class='ocr_line' id='line_1_53' title="bbox 135 3035 1901 3084; baseline -0.004 -12"><span class='ocrx_word' id='word_1_561' title='bbox 135 3041 178 3081; x_wconf 89' lang='lat' dir='ltr'><strong>pl.</strong></span> <span class='ocrx_word' id='word_1_562' title='bbox 203 3051 221 3071; x_wconf 84' lang='lat' dir='ltr'><strong>a</strong></span> <span class='ocrx_word' id='word_1_563' title='bbox 243 3041 366 3082; x_wconf 90' lang='lat' dir='ltr'><strong>populo</strong></span> <span class='ocrx_word' id='word_1_564' title='bbox 388 3041 423 3072; x_wconf 90' lang='lat' dir='ltr'><strong>id</strong></span> <span class='ocrx_word' id='word_1_565' title='bbox 444 3041 599 3072; x_wconf 87' lang='lat' dir='ltr'><strong>obtinuit.</strong></span> <span class='ocrx_word' id='word_1_566' title='bbox 629 3040 678 3072; x_wconf 85' lang='lat' dir='ltr'><strong>Cf.</strong></span> <span class='ocrx_word' id='word_1_567' title='bbox 704 3042 879 3084; x_wconf 88' lang='lat' dir='ltr'><strong>Appianus</strong></span> <span class='ocrx_word' id='word_1_568' title='bbox 903 3043 942 3074; x_wconf 91' lang='lat' dir='ltr'><strong>B.</strong></span> <span class='ocrx_word' id='word_1_569' title='bbox 960 3041 996 3074; x_wconf 90' lang='lat' dir='ltr'><strong>C.</strong></span> <span class='ocrx_word' id='word_1_570' title='bbox 1089 3039 1130 3069; x_wconf 78' lang='lat' dir='ltr'><strong>At</strong></span> <span class='ocrx_word' id='word_1_571' title='bbox 1155 3050 1210 3080; x_wconf 69' lang='lat' dir='ltr'><strong>eqo</strong></span> <span class='ocrx_word' id='word_1_572' title='bbox 1231 3039 1322 3071; x_wconf 80' lang='lat' dir='ltr'><strong>doleo</strong></span> <span class='ocrx_word' id='word_1_573' title='bbox 1344 3044 1404 3070; x_wconf 88' lang='lat' dir='ltr'><strong>cet.</strong></span> <span class='ocrx_word' id='word_1_574' title='bbox 1427 3039 1564 3070; x_wconf 90' lang='lat' dir='ltr'><strong>Nollem</strong></span> <span class='ocrx_word' id='word_1_575' title='bbox 1588 3038 1674 3069; x_wconf 88' lang='lat' dir='ltr'><strong>bello</strong></span> <span class='ocrx_word' id='word_1_576' title='bbox 1696 3035 1823 3067; x_wconf 82' lang='lat' dir='ltr'><strong>consuli</strong></span> <span class='ocrx_word' id='word_1_577' title='bbox 1838 3036 1901 3066; x_wconf 92' lang='lat' dir='ltr'><strong>Bu-</strong></span> 
     </span>
    </p>
   </div>
   <div class='ocr_carea' id='block_1_9' title="bbox 138 3091 1901 3189">
    <p class='ocr_par' dir='ltr' id='par_1_10' title="bbox 138 3091 1901 3189">
     <span class='ocr_line' id='line_1_54' title="bbox 138 3091 1901 3134; baseline -0.002 -9"><span class='ocrx_word' id='word_1_578' title='bbox 138 3094 204 3125; x_wconf 86' lang='lat'><strong>111.</strong></span> <span class='ocrx_word' id='word_1_579' title='bbox 226 3094 265 3127; x_wconf 86' lang='lat'><strong>27</strong></span> <span class='ocrx_word' id='word_1_580' title='bbox 288 3100 320 3126; x_wconf 85' lang='lat' dir='ltr'><strong>et</strong></span> <span class='ocrx_word' id='word_1_581' title='bbox 342 3094 393 3126; x_wconf 85' lang='lat'><strong>30.</strong></span> <span class='ocrx_word' id='word_1_582' title='bbox 1046 3093 1184 3130; x_wconf 87' lang='lat' dir='ltr'><strong>throtiis,</strong></span> <span class='ocrx_word' id='word_1_583' title='bbox 1220 3103 1360 3134; x_wconf 84' lang='lat' dir='ltr'><strong>quorum</strong></span> <span class='ocrx_word' id='word_1_584' title='bbox 1384 3102 1514 3124; x_wconf 80' lang='lat' dir='ltr'><strong>causam</strong></span> <span class='ocrx_word' id='word_1_585' title='bbox 1549 3091 1682 3122; x_wconf 83' lang='lat' dir='ltr'><strong>mallem</strong></span> <span class='ocrx_word' id='word_1_586' title='bbox 1722 3091 1752 3120; x_wconf 83' lang='lat' dir='ltr'><strong>in</strong></span> <span class='ocrx_word' id='word_1_587' title='bbox 1788 3095 1901 3121; x_wconf 79' lang='lat' dir='ltr'><strong>senatu</strong></span> 
     </span>
     <span class='ocr_line' id='line_1_55' title="bbox 181 3146 1152 3189; baseline 0.001 -13"><span class='ocrx_word' id='word_1_588' title='bbox 181 3146 236 3177; x_wconf 72' lang='lat' dir='ltr'><strong>Cui</strong></span> <span class='ocrx_word' id='word_1_589' title='bbox 258 3146 381 3188; x_wconf 81' lang='lat' dir='ltr'><strong>quidem</strong></span> <span class='ocrx_word' id='word_1_590' title='bbox 403 3147 451 3178; x_wconf 79' lang='lat' dir='ltr'><strong>ita</strong></span> <span class='ocrx_word' id='word_1_591' title='bbox 473 3146 576 3178; x_wconf 81' lang='lat' dir='ltr'><strong>credo.</strong></span> <span class='ocrx_word' id='word_1_592' title='bbox 601 3147 739 3178; x_wconf 77' lang='lat' dir='ltr'><strong>Dativus</strong></span> <span class='ocrx_word' id='word_1_593' title='bbox 763 3148 813 3178; x_wconf 80' lang='lat' dir='ltr'><strong>eui</strong></span> <span class='ocrx_word' id='word_1_594' title='bbox 843 3157 860 3179; x_wconf 91' lang='lat' dir='ltr'><strong>e</strong></span> <span class='ocrx_word' id='word_1_595' title='bbox 894 3158 998 3189; x_wconf 80' lang='lat' dir='ltr'><strong>marg.</strong></span> <span class='ocrx_word' id='word_1_596' title='bbox 1044 3155 1152 3186; x_wconf 85' lang='lat' dir='ltr'><strong>agere.</strong></span> 
     </span>
    </p>
   </div>
   <div class='ocr_carea' id='block_1_10' title="bbox 139 3199 1636 3240">
    <p class='ocr_par' dir='ltr' id='par_1_11' title="bbox 139 3199 1636 3240">
     <span class='ocr_line' id='line_1_56' title="bbox 139 3199 1636 3240; baseline -0.003 -9"><span class='ocrx_word' id='word_1_597' title='bbox 139 3202 228 3232; x_wconf 57' lang='lat' dir='ltr'><strong>[rm.</strong></span> <span class='ocrx_word' id='word_1_598' title='bbox 251 3205 284 3232; x_wconf 88' lang='lat' dir='ltr'><strong>et</strong></span> <span class='ocrx_word' id='word_1_599' title='bbox 307 3200 395 3232; x_wconf 73' lang='lat' dir='ltr'><strong>Med.</strong></span> <span class='ocrx_word' id='word_1_600' title='bbox 428 3211 491 3232; x_wconf 87' lang='lat' dir='ltr'><strong>non</strong></span> <span class='ocrx_word' id='word_1_601' title='bbox 527 3206 673 3233; x_wconf 79' lang='lat' dir='ltr'><strong>correcto</strong></span> <span class='ocrx_word' id='word_1_602' title='bbox 711 3200 736 3232; x_wconf 86' lang='lat' dir='ltr'><strong>si</strong></span> <span class='ocrx_word' id='word_1_603' title='bbox 768 3200 937 3239; x_wconf 81' lang='lat' dir='ltr'><strong>retinetur,</strong></span> <span class='ocrx_word' id='word_1_604' title='bbox 957 3201 996 3233; x_wconf 82' lang='lat' dir='ltr'><strong>ad</strong></span> <span class='ocrx_word' id='word_1_605' title='bbox 1090 3199 1107 3239; x_wconf 67' lang='grc' dir='ltr'>ξ</span> <span class='ocrx_word' id='word_1_606' title='bbox 1130 3200 1159 3230; x_wconf 74' lang='grc'><strong>2.</strong></span> <span class='ocrx_word' id='word_1_607' title='bbox 1187 3199 1309 3229; x_wconf 57' lang='lat' dir='ltr'><strong>Nostris</strong></span> <span class='ocrx_word' id='word_1_608' title='bbox 1349 3199 1387 3230; x_wconf 65' lang='lat'><strong>[⁷2</strong></span> <span class='ocrx_word' id='word_1_609' title='bbox 1416 3209 1482 3240; x_wconf 65' lang='lat' dir='ltr'><strong>&gt;up</strong></span> <span class='ocrx_word' id='word_1_610' title='bbox 1510 3199 1522 3229; x_wconf 93' lang='lat' dir='ltr'><strong>l</strong></span> <span class='ocrx_word' id='word_1_611' title='bbox 1547 3210 1584 3234; x_wconf 52' lang='lat' dir='ltr'><strong>a„</strong></span> <span class='ocrx_word' id='word_1_612' title='bbox 1610 3200 1636 3228; x_wconf 67' lang='grc' dir='ltr'><strong>ό.</strong></span> 
     </span>
    </p>
   </div>
  </div>
 </body>
</html>
