2062 3565
145 132 229 171 306

548 130 631 171 EP.
667 128 742 168 AI)
775 129 822 168 T.
856 125 1207 167 POMPONIUM
1244 124 1507 166 AT'I'ICUM.

143 267 279 323 probe.
331 265 510 316 Quintus
555 270 659 304 certe
704 278 749 303 ea
799 262 973 312 dictitat,
1019 277 1120 316 quae
1165 260 1319 302 scribis.
1371 260 1595 301 Consilium
1638 275 1769 301 meum
1817 276 1838 302 a
1872 265 1911 301 te

142 340 315 396 probari,
363 338 469 393 quod
518 353 563 378 ea
606 351 687 377 non
734 335 919 385 scribam,
966 350 1064 389 quae
1115 343 1159 375 tu
1195 351 1217 374 a
1252 350 1312 375 me
1349 333 1575 389 postularis,
1611 333 1727 374 facile
1765 334 1907 388 patior,

140 412 347 465 multoque
397 411 523 466 magis
571 411 614 452 id
665 408 866 464 probabis,
918 410 950 450 si
1000 410 1219 450 orationem
1265 424 1366 458 eam,
1415 408 1463 448 de
1508 422 1586 462 qua
1638 407 1757 448 hodie
1791 407 1841 448 ad
1875 412 1913 448 te

142 485 295 539 scripsi,
346 483 501 538 legeris.
553 484 666 535 Quae
701 482 748 523 de
783 481 1012 536 legionibus
1047 480 1203 530 scribis,
1239 497 1283 521 ea
1320 496 1410 521 vera
1445 486 1552 521 sunt.
1589 480 1666 521 Sed
1700 495 1781 520 non
1817 480 1914 521 satis

112 557 215 599 5hoc
267 556 367 597 1111111
417 555 564 596 videris
596 553 672 596 tibi
706 554 964 609 persuasisse,
1000 554 1069 608 qui
1103 554 1151 594 de
1186 553 1411 594 Buthrotiis
1448 553 1594 593 nostris
1629 568 1697 607 per
1731 562 1913 594 senatum

142 645 273 686 speres
323 630 464 671 confici
515 644 642 685 posse.
691 629 716 670 1·
742 627 861 679 Quod
914 634 1023 682 puto.
1074 627 1249 667 'santum
1295 627 1401 667 enim
1438 625 1577 666 video:
1614 640 1696 666 11011
1732 626 1914 667 videmur

141 718 224 743 esse
260 703 418 744 victuri.
455 703 546 753 Sed,
586 708 628 742 ut
655 702 734 742 iam
768 716 841 742 nos
877 701 951 741 1100
984 700 1110 750 fallat,
1147 700 1195 740 de
1236 700 1429 740 Buthroto
1463 707 1502 739 te
1534 714 1612 739 non
1639 699 1763 740 fallet.
1789 702 1830 740 ὃ.
1856 700 1914 740 De

142 776 300 817 Octavii
347 777 533 817 contione
578 775 682 816 idem
730 775 874 824 sentio,
924 773 1029 828 quod
1081 783 1140 823 tu,
1195 773 1459 827 ludorumque
1509 773 1594 813 eius
1629 777 1842 828 apparatus
1877 779 1916 814 et

142 850 295 891 Matius
345 866 389 891 ac
432 850 665 891 Postumius
716 847 815 888 1111111
864 854 1138 902 procuratores
1188 862 1267 887 non
1320 846 1502 901 placent3
1551 848 1719 886 Saserna
1764 846 1915 901 collega

90 943 127 969 10
142 924 303 979 dignus.
353 924 429 966 Sed
470 924 538 965 isti
580 938 731 972 omnes,
778 921 1115 976 quemadmodum
1151 922 1289 970 sentis,
1326 936 1405 961 11011
1442 921 1573 960 minus
1608 920 1734 960 otium
1769 921 1916 961 timent

144 1013 261 1052 quam
304 1014 375 1039 1105
419 1012 541 1039 arma.
591 995 761 1038 Balbum
798 996 918 1036 levari
956 994 1108 1035 invidia
1143 1011 1211 1049 per
1246 1010 1317 1035 1105
1354 994 1487 1044 velim,
1524 993 1592 1034 sed
1627 1008 1676 1033 ne
1711 993 1795 1048 ipse
1829 993 1915 1048 qui-

144 1071 232 1112 dem
282 1071 322 1112 id
372 1071 456 1112 fieri
506 1086 619 1126 posse
664 1069 844 1111 contidit.
897 1070 1040 1124 Itaque
1075 1069 1153 1109 alia
1186 1069 1351 1123 cogitat.
1391 1071 1430 1108 1.
1465 1067 1584 1119 Quod
1619 1066 1746 1121 prima
1780 1066 1915 1122 dispu-

143 1147 242 1187 tatio
276 1145 503 1187 Tusculana
535 1151 574 1186 te
622 1147 850 1195 confirmat,
883 1159 976 1184 sane
1009 1144 1188 1198 gaudem
1224 1159 1353 1197 neque
1388 1143 1495 1183 enim
1530 1142 1656 1182 ullum
1692 1145 1752 1181 cst
1785 1139 1916 1194 perfu-

141 1220 253 1274 gium
288 1225 359 1261 aut
393 1220 534 1261 melius
568 1227 639 1260 aut
673 1218 864 1274 paratius.
920 1217 1095 1258 Flamma
1132 1217 1238 1272 quod
1274 1217 1375 1257 bene
1409 1217 1602 1271 loquitur,
1637 1230 1716 1256 non
1752 1214 1915 1255 moleste

92 1293 238 1334 15fe1'o.
287 1292 649 1348 Tyndaritanorum
702 1306 834 1341 causa,
890 1290 938 1331 (10
989 1305 1067 1344 qua
1108 1291 1132 1330 †
1167 1305 1286 1331 causa
1329 1288 1496 1339 laborat,
1540 1304 1642 1343 quae
1676 1289 1729 1329 sit
1760 1288 1915 1341 ignom.

143 1366 229 1407 Hos
261 1371 411 1407 tamen.
449 1362 793 1410 Vllsvtf'kocnov
830 1378 984 1404 movere
1018 1363 1096 1403 ista
1130 1363 1333 1412 videntur,
1370 1362 1412 1403 111
1438 1362 1575 1417 primis
1599 1361 1776 1415 erogatio
1797 1375 1916 1416 pecu-

141 1441 246 1482 nia-e.
281 1440 341 1481 De
375 1440 570 1481 Alexione
606 1439 734 1488 doleo,
771 1438 854 1487 sed,
889 1437 1077 1492 quoniam
1112 1437 1311 1478 inciderat
1346 1437 1386 1477 in
1421 1440 1501 1477 tam
1527 1450 1687 1491 gravem
1713 1433 1913 1484 morbum,

187 1622 203 1652 5
220 1619 429 1662 persuasisse,
465 1617 578 1660 ‘sqaid
598 1635 639 1640 —-
673 1618 691 1647 6
717 1627 829 1657 posse.-
856 1620 870 1651 †
905 1616 986 1657 quod
1008 1617 1098 1656 pulo.
1123 1631 1161 1636 —
1186 1614 1197 1644 ’ἶ
1243 1612 1317 1649 Sed,
1351 1611 1445 1642 etiam
1479 1620 1536 1641 nos
1560 1627 1599 1632 —-
1626 1610 1661 1639 16
1700 1609 1764 1640 Hos
1799 1611 1916 1655 tamen²

142 1679 377 1722 πεντέλοιπον,
407 1690 526 1712 movere
552 1698 592 1702 -—
616 1680 653 1713 17
676 1679 709 1708 m
733 1679 779 1708 ita
803 1688 925 1720 qravem
950 1678 1105 1716 (Secutus
1129 1685 1202 1706 suin
1224 1685 1307 1705 corr.
1332 1674 1420 1705 Med.
1429 1688 1437 1711 l

149 1856 285 1897 epistola
309 1856 424 1886 cicero
445 1858 654 1894 cognoverat.
675 1851 722 1882 cf.
736 1850 824 1882 Phil.
837 1850 940 1881 XIII.
954 1850 1006 1881 33.

150 1911 189 1940 Id
213 1909 334 1939 factum
359 1909 486 1949 probat.
518 1906 637 1937 Paullo
660 1911 731 1945 post
755 1912 920 1934 rumorem
952 1903 1007 1933 fal-

150 1974 223 1994 511111
247 1964 346 1994 fuisse
371 1962 504 1992 audivit.
531 1960 607 1990 Vid.
632 1968 681 1999 ep.
704 1961 733 1995 4,
758 1959 777 1987 4
800 1958 831 1988 h.
854 1958 874 1987 l.

193 2017 363 2048 (familiam
387 2027 482 2046 meum.
505 2021 565 2045 cet.
590 2013 742 2044 Fortasse
762 2012 937 2042 consilinm
962 2011 1009 2041 hi-

294 2084 358 2104 nm
384 2072 588 2104 scribendae.
615 2070 690 2100 Vid.
716 2069 813 2100 XIV.
840 2069 886 2100 14.
912 2070 941 2098 4.

199 2130 287 2164 Quae
309 2127 347 2158 de
370 2126 540 2168 leyz'onibus
564 2124 673 2155 scribis
699 2134 735 2153 ea
752 2133 821 2152 ret-a
835 2124 917 2152 sunl.
943 2121 1010 2152 Sci-

151 2182 228 2212 licet
250 2181 296 2211 M.
319 2179 488 2211 Antonius
509 2185 650 2219 quatuor
672 2176 820 2215 legiones
856 2184 872 2205 e
904 2175 1010 2204 Mace-

151 2234 250 2264 donia
271 2233 442 2269 acciverat,
465 2241 586 2271 eaeque
615 2237 692 2260 tnnc
717 2229 750 2258 in
776 2228 908 2258 Italiam
926 2235 1011 2256 tran-

152 2289 273 2319 siturae
285 2288 487 2318 dicebantur.
499 2285 565 2318 Sed
580 2291 742 2316 venerunt
753 2284 887 2314 demum
900 2290 1011 2312 mense

153 2341 299 2372 Octobri.
324 2340 401 2371 Vid.
426 2339 519 2370 Fam.
544 2338 624 2369 XII.
647 2336 696 2374 23,
721 2338 749 2366 2.
804 2342 808 2348 '

150 2076 268 2106 storiat-

199 2396 258 2437 (ἐπὶ
281 2396 319 2426 de
342 2394 522 2425 Buthrotiis
545 2400 607 2424 cet.
649 2392 705 2423 Sic
728 2391 842 2431 scripsi
877 2401 942 2420 non
973 2390 1013 2419 de
1051 2410 1053 2413 f

155 2450 315 2481 Gronovii
351 2449 549 2484 coniectura,
591 2447 647 2477 sed
685 2456 759 2476 cum
803 2444 894 2474 libris
937 2449 1012 2473 vett.

155 2504 322 2536 Lambini.
345 2504 426 2534 Post
449 2501 559 2543 confici
575 2499 674 2542 posse>
693 2500 790 2540 plene
812 2498 961 2529 distinxi.

197 2562 213 2597 †
238 2558 328 2599 Quod
340 2561 429 2598 pulo.
452 2556 672 2588 Seribendum
688 2563 823 2584 censeo:
854 2552 943 2591 Quod
957 2552 1013 2581 (lu-

156 2613 236 2648 bit0‚-
275 2612 341 2643 nisi
362 2610 575 2651 negationem
599 2608 759 2639 excidisse
795 2606 889 2636 malis
936 2604 1014 2635 Gro-

156 2666 247 2696 novii
269 2664 356 2695 haud
370 2666 448 2705 puto
482 2662 635 2693 audacius
671 2666 728 2691 est.
779 2658 899 2688 Victum·
934 2658 1016 2688 mihi

156 2719 289 2759 quidem
313 2716 522 2758 participium
542 2719 591 2746 est
613 2724 629 2743 a
654 2713 754 2743 verbo
768 2712 931 2748 vincendi,
948 2721 1013 2741 11011

156 2778 191 2802 ut
215 2772 288 2802 aliis
311 2771 419 2811 placet
441 2780 459 2799 a
482 2768 634 2799 vivendo.
659 2767 699 2796 In
719 2766 758 2796 iis
776 2775 859 2805 quae
876 2774 1015 2805 sequun-

158 2832 209 2856 tur
232 2826 304 2856 leve
327 2824 486 2855 mendum
509 2820 754 2861 relinquebatur
800 2819 875 2849 Hoc
891 2817 957 2848 fere
971 2817 1016 2848 di-

156 2879 299 2909 cendum
321 2883 409 2908 erat:
435 2876 501 2907 Sed
523 2875 549 2905 si
572 2875 633 2904 hoe
662 2883 721 2903 nos
744 2873 846 2908 fallet,
864 2871 891 2902 si
902 2880 1015 2902 revera

157 2934 297 2963 victores
320 2931 451 2967 erimus,
482 2930 522 2960 de
556 2927 720 2960 Buthroto
752 2933 783 2958 te
813 2935 881 2956 non
914 2924 1015 2954 fallet.

158 2986 312 3017 Correxit
334 2985 447 3015 Klotz.
471 2983 618 3014 scribens
642 2983 676 3011 ut
698 2981 758 3010 iauz
782 2990 840 3020 pro
863 2978 967 3008 etiam.

200 3041 268 3079 ξῧ.
293 3038 340 3068 De
378 3037 501 3067 Octavii
536 3035 678 3066 contione
711 3044 745 3063 o:
779 3034 819 3063 de
858 3031 1039 3076 oratione,¹

158 3104 256 3134 quam
281 3093 314 3123 in
337 3091 493 3122 contione
515 3089 632 3120 habuit
655 3087 811 3120 Octavius
839 3085 1016 3125 productus
1038 3078 1039 3110 j

159 3156 177 3175 a
199 3147 235 3177 L.
262 3145 424 3176 Antonio.
450 3144 524 3172 vid.
549 3142 648 3172 XIV.
667 3141 715 3178 2⁴),
740 3143 768 3170 ἴ).
794 3139 842 3176 21,
862 3141 890 3167 4.

1101 1849 1312 1889 Ludorumque
1334 1852 1396 1878 cet.
1418 1845 1523 1877 Erant
1545 1849 1609 1874 tres
1631 1845 1856 1883 procuratores
1869 1840 1916 1871 lu-

1057 1904 1184 1939 dorum,
1210 1911 1292 1942 quos
1322 1900 1480 1932 Octavius
1513 1908 1556 1929 ex
1589 1901 1666 1927 voto
1697 1894 1844 1926 Caesaris
1872 1894 1915 1924 ob

1057 1956 1228 1988 victoriam
1254 1954 1478 1985 Pharsalicam
1502 1950 1626 1981 Veneri
1651 1948 1821 1980 Genetrici
1850 1947 1904 1978 edi

1057 2012 1116 2048 dit,
1141 2010 1177 2041 (¹.
1202 2009 1334 2045 Matius,
1369 2006 1569 2042 Postumius,
1600 2010 1738 2044 uterque
1768 2002 1917 2033 Caesaris

1058 2063 1229 2094 familiaris
1260 2062 1368 2099 (Fam.
1404 2060 1463 2089 VI.
1501 2059 1548 2095 12,
1580 2058 1610 2096 2)
1641 2061 1672 2087 et
1706 2056 1739 2086 in
1772 2054 1918 2095 epistolis

1059 2117 1225 2148 Tullianis
1248 2125 1343 2155 saepe
1367 2113 1468 2144 citati.
1502 2111 1636 2142 Tertius
1660 2109 1780 2150 colleqa
1811 2108 1924 2149 diqnus

1060 2180 1092 2200 o:
1118 2170 1184 2200 illis
1208 2179 1275 2199 non
1299 2167 1418 2198 melior
1441 2172 1507 2196 erat
1533 2164 1685 2196 Saserna.
1710 2162 1794 2193 alter
1816 2170 1858 2192 ex
1872 2162 1923 2197 iis,

1060 2235 1142 2264 quos
1165 2224 1303 2262 scriptor
1326 2222 1365 2251 de
1389 2220 1486 2251 Bello
1511 2218 1669 2249 Africano
1694 2226 1721 2246 a.
1744 2215 1802 2248 707
1817 2214 1924 2246 aCae-

1061 2288 1131 2309 sare
1163 2279 1196 2308 in
1229 2276 1389 2317 praesidio
1420 2275 1551 2305 relictos
1583 2272 1708 2303 scribit.
1742 2271 1770 2300 V
1775 2271 1816 2301 id.
1848 2282 1874 2300 c.
1907 2272 1925 2300 9

1061 2340 1093 2363 et
1119 2333 1166 2362 io.

1104 2386 1234 2416 Balbum
1259 2384 1360 2414 (cruri
1383 2382 1515 2413 iuvidia-
1540 2381 1590 2412 Cf.
1615 2380 1712 2411 XIV.
1736 2380 1786 2415 21,
1809 2379 1838 2409 2.

1105 2441 1121 2479 ξ
1146 2442 1175 2470 -1,
1203 2439 1291 2479 (guod
1316 2438 1418 2478 prima
1456 2436 1535 2476 disp.
1570 2435 1657 2465 Tusa.
1688 2437 1718 2463 le
1754 2433 1925 2468 confirmas,

1064 2504 1146 2535 quae
1170 2493 1240 2533 agit
1262 2493 1301 2523 de
1324 2490 1566 2522 contemnenda
1590 2494 1704 2519 morte.

1106 2549 1245 2579 Flamma
1268 2546 1350 2587 qaod
1372 2546 1446 2575 bene
1470 2544 1617 2585 loquitur,
1639 2554 1699 2572 mm
1714 2540 1926 2580 moleste—fero

1066 2615 1098 2634 o:
1125 2602 1350 2643 gratissimum
1374 2599 1455 2630 mihi
1479 2605 1529 2629 est
1558 2598 1744 2628 Flammam
1779 2594 1924 2636 polliceri

1064 2666 1098 2687 se
1122 2656 1323 2686 soluturum.
1347 2652 1397 2683 cf.
1422 2652 1461 2682 ad
1484 2650 1583 2681 XIV.
1610 2649 1657 2686 16,
1681 2650 1710 2679 4.

1107 2708 1154 2738 De
1192 2718 1250 2748 qua
1274 2708 1290 2741 ’1-
1313 2716 1409 2736 cansa
1433 2703 1567 2734 laborat.
1611 2701 1648 2732 Si
1682 2701 1780 2732 lectio
1802 2701 1843 2730 ab
1866 2700 1927 2730 Ur-

1064 2763 1137 2793 sino
1161 2761 1287 2801 prolata
1310 2759 1348 2788 de
1370 2769 1429 2798 qva
1456 2755 1561 2785 Pansa
1585 2746 1710 2785 laborat
1745 2763 1821 2784 vera
1853 2753 1926 2783 uiti-

1065 2825 1117 2847 tur
1130 2816 1193 2846 Ms.
1206 2813 1409 2848 auctoritate,
1426 2811 1459 2841 in
1483 2820 1520 2841 ea
1538 2808 1744 2849 acquiescam
1754 2822 1760 2844 ;
1785 2807 1821 2844 si,
1838 2806 1927 2846 quod

1065 2869 1170 2908 magis
1193 2867 1299 2903 credo,
1322 2865 1412 2896 illius
1434 2862 1572 2903 ingenio
1602 2861 1750 2897 debetur,
1783 2859 1926 2900 pressius

1065 2923 1217 2953 codicum
1242 2919 1381 2959 vestigia
1404 2918 1610 2947 observasset
1642 2913 1852 2954 corrigendo:
1887 2913 1927 2943 de

1066 2986 1126 3016 qua
1153 2974 1250 3004 Casca
1273 2972 1406 3002 laborat.

1107 3026 1176 3057 Hos
1198 3028 1311 3055 tamen.
1337 3019 1557 3054 Πεντέλοιπον
1587 3029 1705 3050 movere
1735 3025 1797 3049 eet.
1831 3017 1926 3048 Redii

1065 3083 1107 3114 ad
1128 3080 1374 3112 distinctionem
1399 3089 1417 3109 a
1433 3077 1534 3109 Bosio
1551 3075 1763 3117 propositam.
1786 3073 1842 3104 Ad
1859 3071 1926 3102 Hos

1065 3139 1167 3165 tamen
1192 3144 1257 3163 non
1282 3133 1367 3163 male
1388 3131 1444 3161 ille
1458 3129 1638 3170 supplevit:
1665 3126 1843 3166 (lesendam.
1866 3124 1926 3155 Re-
