2062 3565
714 149 823 191 LIB.
859 149 979 191 VIII.
1016 149 1100 191 ΕΡ.
1138 151 1208 191 11.
1795 149 1845 189 :27

80 285 196 327 nobis
229 286 296 327 sed
331 286 451 328 etiam
486 287 540 328 rei
575 286 759 342 publicae
793 292 966 337 noceret,
1011 301 1134 342 quum
1178 287 1408 342 pracsertim
1443 300 1523 327 11011
1557 284 1849 334 dubitaremus,

79 360 191 414 quin,
227 360 260 402 si
294 360 414 401 etiam
448 364 582 402 tutum
616 359 733 402 nobis
766 359 842 401 iter
876 359 1030 411 fuisset,
1065 365 1104 402 te
1138 365 1271 402 tamen
1306 359 1385 402 iam
1420 358 1612 414 consequi
1646 373 1726 400 non
1765 374 1850 413 pos-

79 448 225 475 semus.
263 436 302 474 4.
337 433 504 475 Interim
540 433 766 489 accepimus
798 438 889 475 tuas
923 433 1058 475 literas
1091 433 1267 476 Canusio
1302 448 1337 474 a.
1372 432 1412 473 d.
1450 446 1492 474 x.
1528 430 1702 473 Kalend.
1727 431 1851 472 Mart.

79 506 206 559 datas,
241 506 389 562 quibus
422 521 495 548 nos
528 505 714 558 hortaris,
756 511 803 548 ut
836 507 1004 549 celerius
1037 506 1299 548 Brundisium
1334 506 1564 557 veniamus,
1600 519 1700 560 quas
1728 518 1853 561 quum

79 580 369 636 accepissemus
413 595 449 622 a.
494 579 534 620 d.
582 593 650 621 111.
698 579 871 620 Kalend.
914 579 1052 630 Mart„
1099 594 1179 621 non
1225 578 1528 630 dubitabamus,
1562 578 1661 633 quin
1695 582 1741 618 tu
1776 577 1854 618 iam
1893 598 1906 622 ς,

79 637 343 695 Brundisium
388 653 648 709 pervenisses,
691 651 889 708 nobisque
933 653 1009 694 iter
1053 652 1154 694 illud
1197 652 1361 693 omnino
1394 651 1659 693 interclusum
1693 649 1854 692 videba-

78 740 182 778 mus,
227 741 357 782 neque
403 726 537 767 minus
581 741 654 768 nos
694 741 779 767 esse
822 731 974 782 captos,
1021 741 1142 781 quam
1177 726 1246 780 (1111
1279 724 1447 766 Corfinii
1480 724 1664 766 fuissent.
1710 724 1854 779 Neque

79 800 186 842 0111111
235 815 302 842 eos
346 799 450 842 solos
495 799 791 842 arbitrabamur
824 800 928 855 capi,
963 799 1034 855 qui
1068 800 1111 840 in
1146 803 1389 840 armatorum
1423 813 1566 839 manus
1599 797 1853 849 incidissent,

78 874 146 915 sed
188 889 255 916 eos
297 873 426 916 nihilo
469 873 616 924 minus,
663 873 733 928 (1111
766 872 999 928 regionibus
1033 872 1189 914 exclusi
1221 872 1329 913 intra
1362 870 1562 927 praesidia
1595 876 1715 927 atque
1748 872 1855 913 intra

78 961 187 988 arma
235 946 365 989 aliena.
408 946 625 988 venissent.
674 948 714 987 5.
759 945 880 998 Quod
921 961 1046 1001 quum
1090 946 1148 987 ita
1189 946 1255 996 sit,
1297 945 1470 987 maxime
1505 944 1647 986 vellem
1680 945 1853 1001 primum
1874 962 1905 988 10

78 1036 232 1077 semper
264 1025 397 1062 tecum
432 1020 609 1071 fuissem,
645 1019 752 1075 quod
787 1019 949 1075 quidem
982 1019 1058 1061 tibi
1092 1018 1359 1070 ostenderam,
1394 1033 1517 1074 quum
1541 1033 1563 1060 a
1586 1033 1649 1060 me
1673 1018 1853 1074 Capuam

78 1094 321 1146 reiiciebam,
363 1094 471 1150 quod
505 1094 582 1136 feci
616 1109 696 1136 non
730 1093 887 1136 vitandi
920 1093 1051 1135 oneris
1086 1108 1219 1144 causa,
1254 1092 1324 1134 sed
1365 1092 1473 1148 quod
1508 1090 1692 1134 videbam
1725 1092 1854 1134 teneri

77 1169 187 1211 issam
221 1168 363 1211 urbem
395 1168 481 1210 sine
515 1168 693 1210 exercitu
727 1182 809 1209 11011
842 1183 958 1224 posse
971 1186 982 1219 3
1018 1166 1198 1209 accidere
1232 1171 1368 1208 autem
1402 1165 1502 1208 mihi
1525 1164 1725 1217 nolebam,
1746 1165 1852 1220 quod

78 1242 194 1284 doleo
242 1242 338 1284 viris
379 1240 606 1283 fortissimis
652 1240 858 1282 accidisse.
905 1240 1107 1292 Quoniam
1153 1245 1301 1291 autem,
1346 1245 1481 1281 tecum
1514 1244 1561 1281 ut
1593 1253 1735 1291 essem,
1770 1255 1851 1281 non

79 1316 264 1373 contigit,
298 1317 454 1358 utinam
488 1316 550 1357 tui
584 1315 742 1357 consilii
775 1315 919 1357 certior
951 1315 1081 1357 factus
1115 1315 1266 1356 essem!
1302 1315 1410 1356 Nam
1441 1313 1670 1368 suspicione
1695 1313 1854 1368 assequi
1873 1330 1904 1355 15

80 1403 160 1430 non
193 1389 320 1444 potui,
355 1389 463 1445 quod
497 1389 631 1431 omnia
663 1389 775 1444 prius
809 1387 1026 1430 arbitratus
1068 1402 1156 1428 sum
1190 1386 1286 1438 fore,
1323 1402 1444 1442 quam
1478 1391 1523 1428 ut
1554 1385 1654 1427 haec
1687 1387 1746 1427 rei
1780 1402 1855 1442 pu-

79 1461 207 1504 blicae
248 1477 368 1505 causa
409 1463 453 1504 in
497 1463 616 1505 Italia
659 1477 737 1504 non
781 1466 915 1518 posset
948 1461 1049 1503 duce
1084 1465 1124 1502 te
1159 1460 1389 1502 consistere.
1441 1460 1585 1516 Neque
1618 1474 1711 1500 vero
1744 1475 1853 1502 nunc

81 1535 294 1577 consilium
326 1540 442 1577 tuum
474 1535 736 1591 reprehendo,
771 1535 841 1576 sed
874 1535 1076 1576 fortunam
1109 1534 1167 1576 rei
1199 1532 1385 1589 publicae
1417 1533 1550 1588 lugeo,
1584 1549 1672 1584 1100,
1708 1534 1741 1575 si
1765 1549 1852 1589 ego,

82 1608 180 1664 quid
223 1607 282 1650 tu'-
310 1609 364 1650 sis
408 1613 584 1659 secutus,
625 1624 706 1650 non
751 1608 963 1664 perspicio,
997 1607 1148 1649 idcirco
1183 1606 1315 1648 minus
1348 1606 1534 1648 existimo
1566 1611 1606 1648 te
1639 1607 1742 1648 nihil
1775 1607 1853 1648 nisi

82 1696 238 1724 summa
280 1683 434 1725 ratione
470 1681 624 1724 fecisse.
661 1684 703 1723 6.
738 1682 833 1724 Mea
868 1697 969 1737 quae
1003 1696 1157 1737 semper
1191 1679 1313 1722 fuerit
1346 1679 1560 1729 sententia,
1594 1680 1769 1737 primum
1804 1680 1853 1722 de
1871 1695 1905 1721 20

81 1770 176 1811 pace
218 1755 279 1798 vel
322 1755 463 1810 iniqua
506 1755 737 1798 conditione
776 1755 1002 1807 retinenda,
1037 1755 1182 1797 deinde
1216 1754 1265 1796 de
1299 1753 1397 1795 urbe
1433 1778 1490 1784 —
1525 1769 1618 1796 nam
1652 1754 1700 1796 de
1734 1755 1854 1797 Italia

81 1829 243 1884 quidem
287 1829 391 1871 nihil
433 1829 535 1871 mihi
574 1845 754 1885 unquam
795 1829 1025 1872 ostenderas
1071 1855 1143 1880 —,
1188 1828 1417 1870 meminisse
1463 1832 1503 1869 te
1537 1827 1723 1870 arbitror.
1775 1829 1853 1870 Sed

81 1902 181 1944 mihi
213 1918 295 1945 non
328 1918 456 1955 sumo,
490 1908 538 1944 ut
579 1918 713 1944 meum
747 1903 960 1945 consilium
994 1902 1124 1944 valere
1158 1901 1364 1943 debuerit:
1401 1905 1563 1943 secutus
1598 1917 1687 1943 sum
1719 1906 1851 1952 tuum,

81 1991 209 2031 neque
241 1976 283 2017 id
317 1976 375 2018 rei
417 1975 602 2032 publicae
646 1991 778 2027 causa,
801 1976 862 2034 ‘de
897 1991 976 2030 qua
1008 1975 1229 2031 desperavi,
1264 1990 1365 2030 quae
1399 1979 1439 2016 et
1471 1990 1580 2016 nunc
1614 1975 1760 2017 afflicta
1793 1980 1854 2016 est

81 2064 154 2090 nec
204 2049 370 2091 excitari
411 2049 496 2090 sine
539 2048 647 2090 civili
694 2049 1030 2104 perniciosissimo
1072 2047 1177 2089 bello
1228 2052 1372 2104 potest,
1419 2047 1488 2089 sed
1521 2053 1561 2089 te
1596 2047 1851 2103 quaerebam,
1872 2067 1903 2091 25

80 2128 213 2164 tecum
248 2137 333 2164 esse
365 2121 591 2178 cupiebam,
626 2137 756 2178 neque
789 2123 875 2164 eius
908 2123 965 2164 rei
998 2122 1246 2173 facultatem,
1282 2122 1315 2163 si
1349 2136 1449 2175 quae
1484 2122 1572 2173 erit,
1605 2121 1852 2177 praetermit-

81 2202 178 2237 tam.
217 2196 256 2236 7.
290 2196 377 2250 Ego
411 2210 473 2239 me
505 2195 550 2236 in
582 2194 658 2236 hac
691 2195 800 2236 omni
835 2211 955 2238 causa
988 2195 1103 2237 facile
1137 2194 1414 2250 intelligebam
1448 2194 1660 2250 pugnandi
1693 2194 1852 2250 cupidis

82 2268 315 2310 hominibus
357 2284 440 2310 non
484 2268 725 2311 satisfacere.
776 2269 957 2312 Primum
1002 2269 1109 2311 enim
1160 2284 1252 2324 prae
1300 2284 1361 2309 me
1394 2268 1471 2310 tuli
1505 2283 1566 2310 me
1602 2267 1704 2310 nihil
1737 2267 1852 2308 mall(¹

83 2357 202 2398 quam
243 2357 396 2398 pacem,
438 2357 519 2384 non
562 2342 659 2398 quin
694 2342 832 2384 eadem
865 2343 1061 2393 timerem,
1097 2357 1198 2398 quae
1228 2341 1302 2393 illi,
1337 2341 1406 2383 sed
1440 2357 1486 2383 ea
1521 2342 1625 2383 bello
1659 2341 1768 2383 civili
1802 2340 1853 2381 10-

127 2517 161 2548 11
188 2519 289 2549 tecum
304 2517 414 2559 fuisse
435 2535 475 2539 -

84 2687 150 2709 non
176 2678 308 2719 ponitur
338 2688 367 2719 p.
391 2678 524 2715 etiamsi,
555 2677 705 2718 quamvis
734 2682 868 2718 propter
898 2686 946 2709 se·
1036 2678 1054 2716 ξ
1078 2678 1107 2707 5.
1132 2675 1270 2706 Maxime
1302 2675 1410 2705 vellem
1433 2693 1473 2697 —
1494 2674 1646 2715 sicis-cem.
1692 2674 1856 2706 Revocavi

85 2741 188 2772 quens
215 2733 319 2762 tamen
344 2731 390 2763 ita
410 2731 570 2763 videatur.
604 2729 709 2761 Etiam
732 2730 786 2761 hic
813 2739 947 2771 quoque
970 2745 971 2749 =
994 2731 1180 2769 lectionem,
1211 2739 1294 2771 quae
1317 2736 1367 2761 est
1388 2730 1422 2761 in
1452 2729 1542 2761 Med.
1572 2739 1591 2760 a
1620 2729 1725 2770 prima
1755 2738 1854 2759 manu

85 2786 126 2816 ad
149 2794 290 2826 sequens
312 2795 383 2816 voc.
405 2785 557 2826 pertinet,
572 2789 610 2816 ut
623 2785 658 2816 in
675 2784 846 2825 exemplis,
863 2793 947 2825 quae
969 2766 971 2832 1
997 2789 1029 2816 et
1051 2795 1151 2826 quam
1174 2794 1192 2816 e
1213 2784 1327 2816 codice
1350 2783 1477 2814 notavit
1497 2783 1694 2820 Lambinus,
1718 2783 1760 2812 011
1782 2792 1856 2812 con-

85 2838 239 2869 Handius
261 2838 376 2869 citavit
398 2838 432 2868 in
456 2838 552 2869 Turs.
575 2837 624 2869 ΙΙ.
646 2847 678 2878 p.
701 2836 761 2868 596
777 2837 882 2868 eMil.
895 2837 946 2875 21,
996 2843 1138 2869 stantem
1161 2838 1266 2869 Tullii
1290 2847 1401 2875 usum,
1429 2837 1590 2877 probante
1617 2835 1856 2875 Wesenbergio

85 2892 183 2923 Tusc.
205 2892 252 2923 H.
283 2891 354 2922 106.
387 2890 455 2922 Sal.
484 2890 554 2923 Cat.
594 2891 642 2929 14,
676 2892 706 2921 4.
751 2889 870 2929 (Etiam
899 2893 946 2921 tu-
970 2916 971 2936 3
1001 2892 1034 2923 in
1058 2891 1136 2923 Obs.
1160 2891 1232 2922 crit.
1253 2892 1294 2922 ad
1317 2889 1514 2928 Sestianam‚
1538 2901 1567 2931 p.
1591 2890 1623 2927 2,
1645 2890 1721 2920 adn.
1747 2890 1776 2920 2.

84 2947 158 2982 tum,
181 2949 220 2976 ut
240 2954 302 2976 nos
323 2944 463 2976 dicimus
478 2954 538 2986 noy
551 2944 672 2986 veiliq).
695 2943 745 2976 De
762 2943 845 2974 Har.
861 2953 944 2985 resp.
969 2939 971 2971 1
1043 2945 1182 2986 Capuam
1204 2944 1390 2975 reiiciebam.
1414 2943 1464 2975 Cf.
1488 2944 1590 2975 VIII.
1614 2943 1643 2980 3,
1664 2944 1683 2973 4
1706 2954 1750 2983 sq.

86 2999 104 3029 3
127 2997 273 3030 Orellius
295 3007 313 3029 c
334 2998 450 3028 multis
471 2999 564 3029 codd.
587 3003 673 3029 recte
696 2998 815 3029 edidit:
848 2995 946 3028 Cuius
969 3000 972 3040 1
1037 2998 1056 3038 ξ
1079 2998 1108 3029 6.
1131 2996 1194 3028 Sed
1214 2997 1290 3028 mihi
1318 3006 1378 3027 non
1408 3005 1493 3027 sumo
1516 3006 1551 3027 οι
1586 2996 1648 3026 110(-
1677 2995 1757 3025 mihi
1790 3006 1854 3025 non

84 3053 112 3082 εἰ
133 3053 196 3082 iam
218 3052 278 3083 vim
302 3071 344 3075 —
365 3053 489 3094 assequi
511 3055 779 3093 posse111,tamen
808 3062 871 3083 non
892 3051 946 3082 du·
970 3059 1120 3090 airogO.
1143 3049 1310 3090 Exempla
1329 3049 1429 3080 huius
1452 3048 1628 3079 locutionis
1659 3058 1675 3078 0
1699 3048 1857 3078 cuer-one

87 3105 160 3143 bito,
182 3115 285 3146 quum
307 3105 342 3137 in
366 3106 442 3137 edit.
466 3105 504 3137 F.
528 3106 570 3137 A.
594 3106 709 3137 Wolfii
730 3111 971 3159 propagatum
969 3107 971 3112 ’
993 3102 1130 3142 collegit
1150 3101 1179 3134 F
1181 3101 1358 3133 leundius
1350 3112 1383 3132 in
1404 3110 1484 3132 voce
1500 3109 1585 3131 sumo
1601 3099 1646 3131 ΙΙ.
1664 3099 1714 3136 Β.,
1737 3099 1856 3140 quibus

87 3164 169 3191 esset
191 3158 220 3188 .ςὲ
243 3159 347 3190 eliam.
969 3143 1078 3192 adde
1100 3157 1193 3188 Fam.
1219 3157 1278 3188 VI.
1302 3158 1330 3194 4,
1355 3157 1383 3187 2.
1408 3159 1437 3193 5,
1462 3157 1489 3187 l.
