2062 3565
674 146 780 189 LlB.
814 147 938 190 XIII.
974 148 1057 190 ΕΡ.
1093 150 1289 190 30—32.
1777 150 1860 189 245

101 282 148 325 C.
182 280 380 325 Albanius
413 283 618 338 proximus
651 289 713 325 cst
744 283 926 334 vicinus;
961 284 995 324 is
1027 296 1112 326 010.
1147 284 1330 338 iugerum
1364 283 1413 325 de
1449 284 1508 326 M.
1545 283 1648 325 Pilio
1682 284 1792 334 emit,
1823 290 1866 324 ut

101 372 189 400 mea
229 356 419 398 memoria
466 360 538 407 cst,
585 357 668 399 HS.
713 372 797 399 cxv.
848 357 995 399 Omnia
1040 357 1194 399 scilicet
1234 373 1341 400 nunc
1385 358 1564 400 minoris.
1598 357 1677 399 Sed
1711 358 1866 400 accedit

102 429 314 486 cupiditas,
360 429 402 471 in
446 445 525 485 qua
558 435 712 486 praeter
745 431 947 473 Othonem
980 447 1062 473 non
1096 437 1192 487 puto
1226 447 1298 473 nos
1334 432 1459 474 ullum
1493 431 1763 474 adversarium
1796 431 1865 473 ha-

100 502 268 546 bituros.
317 502 395 545 Sed
439 518 528 546 eum
572 504 705 560 ipsum
749 509 795 546 tu
842 506 990 561 poteris
1034 521 1214 556 movere;
1261 505 1417 548 facilius
1461 506 1594 557 ctiam,
1641 506 1673 547 si
1708 505 1864 547 Canum

100 575 278 619 haberes.
313 576 349 619 O
382 577 517 632 gulam
547 578 762 621 insulsam!
801 580 934 622 Pudet
966 595 1027 621 me
1061 581 1199 636 patris.
1238 580 1459 632 Rescribes,
1495 580 1528 622 si
1562 579 1659 635 quid
1696 579 1816 622 voles.

141 736 162 768 4
185 734 310 768 Kanum
334 754 375 760 -—

100 873 241 913 Aelium)
264 875 350 916 apud
373 873 535 907 Senecam
545 876 586 907 de
600 876 689 908 brev.
703 878 798 915 vitae,
812 878 846 908 5:
876 877 960 919 Quid

97 936 190 969 aqam
203 926 255 958 hic
271 927 407 970 quaeris.
423 927 530 960 Moror
547 928 582 959 in
599 928 775 961 Tusculano
791 930 958 961 semiliber.

140 981 159 1021 ς
179 982 209 1012 4.
233 980 268 1010 Is
292 980 357 1013 cz.)
381 982 521 1024 iuqerum
544 1001 585 1007 -
613 983 686 1014 emit
715 999 758 1006 -
780 984 842 1016 HS
859 977 956 1015 UXV.

99 1034 263 1067 Numerus
285 1035 375 1077 prior
396 1036 468 1068 sine
480 1037 581 1068 dubio
594 1038 772 1069 mendosus
786 1043 843 1070 est.
866 1039 955 1070 Nam

97 1087 172 1128 quis
208 1088 319 1120 credat
354 1088 465 1120 hortos
504 1090 711 1121 suburbanos
744 1097 811 1122 tam
844 1097 956 1123 vastos

98 1143 208 1182 fuisse,
239 1149 296 1176 aut
324 1145 417 1177 mille
451 1145 566 1187 iugera
603 1146 736 1178 tantillo
765 1147 870 1188 pretio
906 1157 958 1179 ve-

98 1199 208 1237 niisse,
234 1204 270 1231 ut
292 1200 426 1243 singula
453 1202 605 1232 nondum
633 1202 795 1234 duodenis
824 1202 958 1234 florenis

97 1259 300 1286 constarent.
337 1255 513 1287 Ernestum
546 1260 666 1294 autem,
697 1256 752 1298 qui
775 1255 835 1288 HS
860 1255 958 1287 CXV

98 1308 286 1350 explicabat
308 1309 428 1341 centies
450 1309 639 1352 quindecim,
662 1311 743 1342 dum
756 1321 862 1342 unum
878 1311 958 1342 vita-

97 1366 148 1394 ret
168 1371 322 1399 errorem,
354 1362 388 1394 iu
422 1362 563 1395 alterum
592 1363 747 1396 incidisse
778 1373 846 1395 non
879 1373 958 1395 sane

96 1417 267 1455 leviorem,
302 1417 386 1449 bene
421 1417 552 1450 monuit
587 1417 784 1451 Wielandus
820 1418 956 1460 interpr.

1046 880 1079 910 5¹2·
1107 880 1225 912 Canum,
1251 881 1381 912 haberes
1398 892 1430 912 ³:
1455 883 1481 912 si
1502 886 1610 913 tecum
1630 883 1715 910 esset
1727 878 1769 918 Q.
1788 878 1862 910 Gel-

1005 933 1070 964 lius
1093 934 1214 965 Canus.
1249 935 1342 966 Idem
1365 935 1451 966 iuter
1474 933 1580 966 Attici
1603 933 1725 964 amicos
1748 942 1865 964 nume-

1004 991 1094 1017 ratur
1117 987 1150 1017 in
1175 987 1257 1028 Nep.
1287 987 1359 1018 Att.
1389 997 1415 1018 c.
1444 987 1492 1018 10.
1528 986 1622 1018 Infra
1657 985 1737 1017 XV.
1761 985 1810 1023 21,
1845 986 1865 1016 2

1004 1050 1055 1071 res
1080 1039 1157 1071 Cam*
1180 1047 1391 1079 memoratur,
1415 1042 1503 1072 unde
1526 1041 1595 1072 h.l.
1618 1039 1732 1081 scripsi
1746 1039 1864 1070 Canum

1004 1103 1063 1134 pro
1084 1092 1186 1124 Kano.

1049 1145 1076 1176 Ο
1092 1147 1198 1188 qulam
1221 1147 1393 1178 insulsam!
1413 1147 1512 1187 pudet
1535 1157 1581 1178 me
1597 1146 1717 1187 patris.
1749 1145 1862 1185 Quum

1004 1200 1091 1232 male
1112 1200 1193 1232 haec
1216 1200 1296 1232 olim
1319 1201 1359 1231 ad
1383 1199 1550 1232 Othonem
1571 1200 1624 1232 vel
1658 1199 1788 1232 Canum
1816 1209 1863 1230 re-

1004 1254 1139 1290 ferrent,
1162 1255 1356 1285 Tunstallus
1380 1264 1429 1295 ep.
1452 1254 1540 1285 laud.
1564 1265 1595 1296 p.
1621 1254 1681 1285 162
1698 1253 1782 1285 vidit
1796 1263 1865 1295 per-

1005 1307 1110 1339 tinere
1132 1308 1172 1338 ad
1197 1307 1237 1346 Q.
1261 1307 1378 1344 filium,
1403 1308 1443 1339 de
1467 1307 1559 1338 cuius
1582 1307 1717 1338 luxuria
1733 1307 1864 1338 Atticus

1005 1362 1130 1403 aliquid
1153 1362 1335 1404 scripserat.

99 1479 176 1502 suae
198 1470 277 1502 Vol.
301 1470 345 1502 V.
366 1481 398 1513 p.
420 1470 482 1502 556
503 1481 550 1514 sq.

627 1596 632 1601 -
666 1578 848 1620 XXXII.
914 1579 980 1632 (A.
1023 1577 1068 1618 U.
1107 1577 1149 1616 o,
1189 1574 1308 1629 709.)

167 1695 206 1736 l.
253 1694 432 1736 Alteram
478 1710 501 1736 a
533 1698 573 1736 te
607 1693 817 1750 epistolam
851 1708 975 1749 quum
1009 1691 1127 1734 hodie
1161 1691 1416 1746 accepissem,
1450 1690 1563 1732 nolui
1596 1695 1634 1731 te
1669 1706 1749 1732 una
1781 1706 1869 1733 mea

101 1771 349 1809 contentum.
398 1768 460 1809 Tu
504 1783 595 1809 vero
642 1782 728 1822 age,
771 1767 880 1822 quod
923 1765 1079 1816 scribis,
1127 1764 1176 1806 de
1217 1763 1400 1806 Faberio.
1435 1764 1486 1806 In
1520 1780 1566 1806 eo
1600 1765 1707 1806 enim
1738 1769 1869 1807 totum

101 1844 162 1881 est
205 1840 382 1896 positum
425 1839 482 1892 id,
529 1839 636 1896 quod
681 1839 926 1894 cogitamus3
973 1854 1073 1894 quae
1107 1837 1298 1893 cogitatio
1332 1837 1365 1879 si
1398 1852 1479 1879 non
1512 1837 1734 1888 incidisset,
1769 1839 1869 1880 mihi

103 1912 233 1964 crede,
264 1913 371 1955 istuc
404 1918 451 1954 ut
482 1918 614 1955 cetera
646 1928 727 1954 non
760 1911 995 1954 laborarem.
1030 1909 1314 1963 Quamobrem,
1350 1915 1397 1952 ut
1430 1910 1527 1952 facis
1562 1911 1745 1953 —istuc
1762 1912 1871 1954 enim

103 1984 198 2027 addi
243 1985 346 2027 nihil
390 1991 523 2043 potest
568 2012 640 2038 —-‚
686 2001 798 2042 urge,
822 1987 962 2042 vinsta,
1008 1985 1165 2041 perfice.
1218 1987 1258 2025 2.
1294 1984 1530 2026 Dicaearchi
1563 1982 1668 2045 περὶ
1702 1989 1872 2043 Ψυχῆς

102 2063 293 2114 utrosque
326 2060 446 2103 velim
478 2061 616 2102 mittas
650 2065 690 2102 et
723 2056 1075 2116 καταβάσεως.
1132 2054 1488 2118 Τριπολιτικὸν
1520 2074 1602 2100 non
1635 2059 1797 2101 invenio
1831 2064 1873 2101 et

102 2131 310 2188 epistolam
344 2133 446 2185 eius,
480 2149 600 2190 quam
634 2133 685 2175 ad
718 2135 1005 2176 Aristoxenum
1039 2133 1164 2174 misit.
1197 2132 1293 2173 Tres
1326 2147 1392 2173 eos
1425 2131 1549 2173 libros
1569 2133 1740 2175 maxime
1761 2148 1872 2175 nunc

103 2205 264 2258 vellem;
309 2207 394 2264 apti
438 2213 572 2250 essent
616 2208 665 2251 ad
710 2208 768 2259 id,
811 2207 919 2264 quod
964 2207 1110 2262 cogito.
1147 2208 1188 2247 3.
1222 2206 1449 2261 Torquatus
1483 2206 1631 2249 Romae
1665 2212 1738 2249 est.
1773 2207 1873 2249 Misi

144 2371 165 2401 4
184 2368 350 2402 incidisset
370 2389 413 2395 —
434 2372 509 2403 mihi
533 2373 625 2405 crede
645 2373 737 2412 istuc,
760 2376 795 2404 ut
814 2375 922 2406 cetera
945 2390 988 2396 —
1009 2381 1072 2403 non
1094 2371 1284 2403 laborarem.
1307 2388 1349 2394 —-

150 2528 169 2568 ξ
197 2528 225 2559 1.
261 2527 348 2570 Quae
377 2530 526 2571 coqz'tatio
554 2531 583 2562 si
614 2541 676 2563 non
696 2531 868 2569 incidisset,
891 2531 969 2562 mihi

108 2581 208 2620 crede,
230 2582 313 2614 istuc
334 2585 369 2614 ut
391 2586 497 2616 celera
520 2595 581 2616 non
603 2585 789 2616 laborarem.
813 2585 869 2617 Sic
881 2591 966 2618 recte
1016 2586 1229 2627 cogitandum
1252 2596 1321 2618 esse
1343 2588 1384 2619 de
1398 2597 1496 2628 opere
1515 2588 1627 2628 aliquo
1639 2588 1766 2619 duobus
1781 2588 1874 2619 libris

108 2636 261 2668 distinxit
284 2637 451 2669 Victorius
474 2638 507 2669 in
532 2639 607 2670 edit.
623 2639 737 2680 prima.
764 2639 854 2670 Male
866 2640 967 2679 vulgo
1016 2639 1177 2675 absoluto.
1209 2650 1308 2681 quem
1343 2646 1517 2682 utrumque
1540 2641 1602 2672 sibi
1625 2642 1709 2673 mitti
1732 2643 1873 2679 volebat,

106 2692 190 2723 istuc
221 2692 256 2721 ul
289 2692 392 2722 celera
426 2692 535 2723 verbis
568 2692 644 2723 mihi
675 2693 766 2723 crede
797 2693 967 2725 adiiciunt.
990 2695 993 2740 ξ
1015 2695 1071 2725 sed
1093 2695 1134 2725 de
1155 2695 1283 2726 duobus
1306 2695 1456 2735 dialogis,
1480 2695 1639 2727 Lesbiaco
1663 2701 1694 2727 et
1711 2695 1874 2727 Corinthi-

1057 2530 1075 2569 ξ
1098 2530 1128 2561 2.
1151 2529 1343 2562 Dicaearchi
1369 2526 1444 2575 περὶ
1471 2527 1587 2576 ψυχῆς
1609 2533 1764 2573 utrosque.
1795 2532 1872 2563 Non

110 2742 197 2774 Nam
230 2743 315 2775 solet
347 2743 464 2776 Cicero
496 2753 534 2776 ea
569 2745 711 2776 orationi
749 2746 966 2786 interponere.

109 2795 234 2828 Rursus
263 2796 371 2828 laboro
400 2798 481 2838 quin
515 2805 603 2830 recte
625 2799 782 2830 adsciscat
804 2799 966 2831 eiusmodi

108 2850 318 2888 accusativos,
331 2851 397 2889 hoc,
409 2851 503 2889 illud,
519 2852 601 2883 nihil
614 2853 757 2884 dubitari
770 2864 837 2884 non
851 2859 964 2894 potest.

111 2904 245 2935 Inutilis
272 2904 381 2945 itaque
410 2906 552 2947 suspicio
579 2906 712 2944 Moseri,
747 2906 861 2948 Symb.
885 2907 965 2939 Crit.

1014 2759 1084 2786 aco,
1106 2750 1139 2780 in
1165 2750 1279 2782 eodem
1302 2755 1498 2791 argumento
1520 2751 1696 2792 occupem,
1714 2761 1755 2782 ex
1772 2751 1873 2792 ipsius

1014 2804 1184 2835 Ciceronis
1213 2805 1412 2837 testimoniis
1441 2806 1538 2837 Τιιεο.
1572 2806 1598 2837 Ι.
1631 2807 1668 2837 21
1701 2810 1732 2837 et
1761 2805 1799 2838 77
1821 2806 1873 2837 de-

1012 2858 1208 2889 monstravit
1237 2857 1400 2896 Osannus,
1434 2859 1589 2899 Beitr'age
1623 2869 1681 2889 zur
1713 2858 1768 2889 Gr.
1805 2859 1874 2889 und

1014 2909 1108 2941 Rom.
1130 2910 1408 2950 Literaturgesch.
1435 2911 1501 2942 Vol
1538 2912 1583 2942 ΙΙ.
1607 2922 1637 2952 p.
1663 2911 1702 2942 38
1725 2920 1813 2952 seqq.
1832 2911 1873 2941 In

110 2956 171 2988 VI.
201 2967 232 2998 p.
255 2958 292 2989 11
324 2958 416 2999 (mihi
435 2959 528 2991 crede
550 2959 647 3000 istuc)
672 2963 777 2992 cetera
799 2972 861 2992 non
883 2962 965 2994 labo·
988 2950 992 3010 l
1013 2963 1116 2994 tribus
1149 2963 1242 2995 libris
1270 2964 1506 2996 Lesbiacorum
1529 2964 1746 2996 Dicaearchus
1769 2964 1875 2994 voluit

110 3018 222 3040 rarem.
254 3010 304 3042 At
336 3011 423 3042 idem
455 3017 541 3044 recte
571 3017 670 3053 negat
696 3013 846 3051 incidere,
877 3015 966 3055 quod

111 3061 229 3093 dicitur
258 3063 299 3094 de
321 3064 521 3104 cogitatione
549 3065 736 3106 improvisa,
759 3073 873 3108 aptum
896 3077 966 3099 esse

112 3119 146 3145 et
166 3114 201 3146 in
223 3124 258 3146 re
280 3117 410 3157 penitus
426 3116 594 3149 Ciceronis
620 3119 730 3152 animo
743 3121 847 3152 infixa
858 3121 966 3152 dicen-

113 3167 191 3198 dum
212 3176 296 3200 esse:
322 3179 400 3209 quae
423 3169 572 3211 coyitatio
594 3172 622 3202 si
644 3183 703 3204 non
715 3173 893 3212 insedisset,
905 3180 967 3207 cet.

1012 3017 1138 3049 efficere
1160 3017 1281 3048 animos
1304 3028 1370 3049 esse
1391 3019 1557 3055 mortales;
1577 3024 1640 3049 tres
1654 3018 1729 3049 libri
1756 3017 1873 3049 Corin-

1013 3069 1197 3101 thiacorum
1227 3070 1267 3100 de
1297 3071 1430 3101 interitu
1460 3071 1612 3102 hominum
1636 3070 1741 3110 egisse
1764 3070 1874 3101 viden-

1014 3127 1078 3154 tur.
1103 3122 1154 3154 Cf.
1178 3122 1242 3155 Off.
1265 3123 1313 3154 ΙΙ.
1341 3124 1393 3155 16.

1056 3176 1074 3216 ξ
1109 3176 1137 3206 3.
1176 3175 1350 3217 Torquatus
1379 3195 1420 3202 -
1458 3176 1601 3208 Catulum
1636 3177 1666 3205 el
1700 3174 1874 3207 Lucullum.
