2062 3565
230 159 282 198 :26
630 158 713 199 ΕΡ.
748 158 824 198 AD
857 156 902 197 Τ.
937 153 1287 197 POMPONIUM
1320 153 1586 196 ATTICUM.

1083 326 1132 362 Ι).

548 402 601 438 M.
633 399 819 438 CICERO
853 400 955 437 [MP.
987 400 1023 437 S.
1055 400 1101 437 D.
1131 398 1213 437 CN.
1243 398 1431 436 MAGNO
1461 399 1666 438 PROCOS.

291 491 329 529 1.
378 488 514 539 Quum
558 485 608 527 ad
654 490 692 526 te
736 485 870 525 literas
915 484 1124 534 misissem,
1171 498 1273 538 quae
1321 482 1398 525 tibi
1443 483 1610 526 Canusii
1652 484 1831 527 redditae
1882 493 1990 536 sunt,

225 559 492 615 suspicionem
538 557 691 599 nullam
735 555 947 606 habebam,
996 560 1035 597 te
1080 555 1137 597 rei
1180 555 1365 612 publicae
1409 571 1529 597 causa
1571 572 1677 599 mare
1709 557 1990 608 transiturum,

191 644 206 669 5
224 647 409 686 eramque
449 631 493 672 in
534 646 601 686 spe
645 644 789 685 magna
830 628 912 670 fore
962 635 1009 670 ut
1041 630 1085 670 in
1118 629 1237 671 Italia
1269 644 1475 684 possemus
1508 635 1579 671 aut
1612 630 1866 672 concordiam
1900 646 1992 672 con-

224 705 404 755 stituere,
438 719 516 758 qua
549 703 650 744 mihi
682 702 785 744 nihil
816 702 959 744 utilius
993 702 1219 753 videbatur,
1254 706 1324 745 aut
1361 718 1444 744 rem
1477 702 1680 759 publicam
1713 719 1869 746 summa
1901 719 1992 746 cum

223 777 419 833 dignitate
460 776 686 819 defendere.
735 777 918 833 Interim,
962 776 1144 818 nondum
1188 777 1287 818 meis
1330 777 1457 818 literis
1495 776 1545 818 ad
1578 782 1618 818 te
1651 777 1828 833 perlatis,
1863 793 1910 819 ex
1943 779 1993 820 iis

222 850 436 901 mandatis,
471 865 572 905 quae
605 849 658 890 D.
691 849 828 891 Laelio
862 849 911 891 ad
947 849 1130 890 consules
1163 848 1343 900 dederas,
1385 849 1529 890 certior
1561 849 1623 890 tui
1657 849 1814 892 consilii
1847 850 1990 902 factus,

223 940 303 966 non
351 926 590 980 exspectavi,
638 923 735 965 dum
780 923 880 965 1111111
924 938 945 964 a
987 928 1026 964 te
1070 923 1206 965 literae
1252 923 1528 975 redderentur,
1571 923 1860 977 confestimque
1901 938 1992 964 cum

171 1009 205 1034 10
223 997 376 1049 Quinto
417 996 536 1039 fratre
580 1002 620 1039 et
663 1012 754 1039 cum
787 996 922 1038 liberis
958 996 1103 1038 nostris
1135 997 1211 1037 iter
1245 995 1295 1037 ad
1326 1002 1365 1037 te
1398 997 1442 1037 in
1476 996 1668 1051 Apuliam
1701 995 1828 1037 facere
1863 994 1991 1051 coepi.

225 1073 264 1111 2.
299 1069 437 1122 Quum
469 1070 648 1112 Teanum
693 1069 918 1112 Sidicinum
959 1069 1169 1120 venissem,
1204 1069 1250 1110 C.
1285 1069 1475 1119 Messius,
1509 1067 1716 1110 familiaris
1748 1073 1858 1119 tuus,
1892 1067 1993 1110 mihi

222 1143 325 1184 dixit
367 1143 514 1198 aliique
561 1144 798 1200 complures,
841 1143 1051 1185 Caesarem
1095 1144 1171 1184 iter
1214 1142 1360 1184 habere
1405 1142 1584 1198 Capuam
1634 1146 1674 1183 et
1716 1156 1762 1182 eo
1806 1141 1893 1197 ipso
1926 1141 1990 1183 die

222 1231 456 1258 mansurum
501 1232 585 1258 esse
630 1217 858 1258 Aeserniae.
905 1217 1007 1258 Sane
1052 1232 1139 1258 sum
1174 1221 1410 1267 commotus,
1447 1215 1566 1271 quod,
1601 1216 1635 1256 si
1668 1216 1724 1257 ita
1757 1223 1874 1266 esset,
1908 1230 1990 1257 non

199 1289 340 1345 *modo
386 1290 462 1332 iter
501 1305 635 1332 meum
678 1290 940 1332 interclusum
991 1290 1060 1330 sed
1103 1304 1166 1331 me
1210 1289 1343 1344 ipsum
1388 1289 1505 1344 plane
1539 1293 1750 1343 exceptum
1783 1287 1988 1343 putabam.

170 1371 202 1397 1⁵
221 1363 365 1418 Itaque
411 1367 499 1404 tum
541 1362 656 1404 Cales
700 1363 886 1419 processi,
932 1367 977 1403 ut
1020 1361 1078 1403 ibi
1112 1361 1365 1417 potissimum
1399 1361 1670 1412 consisterem,
1705 1360 1803 1402 dum.
1836 1365 1989 1402 certum

221 1435 338 1478 nobis
381 1435 431 1477 ab
475 1435 667 1477 Aesernia
711 1434 759 1476 de
804 1450 864 1486 eo,
900 1434 1007 1489 quod
1040 1433 1258 1484 audieram,
1293 1433 1517 1475 referretur.
1553 1436 1594 1474 3.
1628 1435 1684 1473 At
1716 1433 1829 1484 mihi,
1865 1447 1989 1487 quum

221 1507 386 1550 Calibus
429 1523 568 1559 essem,
615 1508 776 1549 affertur
819 1507 1025 1549 literarum
1066 1512 1227 1547 tuarum
1271 1506 1511 1561 exemplum,
1547 1521 1644 1561 quas
1678 1511 1723 1547 tu
1755 1505 1805 1547 ad
1838 1506 1988 1547 Lentu-

220 1582 303 1624 lum
337 1581 542 1623 consulem
574 1581 762 1622 misisses.
800 1581 887 1622 Hae
922 1581 1091 1636 scriptae
1126 1580 1181 1621 sic
1216 1584 1351 1620 erant:
1388 1579 1544 1620 Literas
1577 1578 1653 1620 tibi
1687 1594 1709 1620 a
1743 1579 1790 1620 L.
1810 1579 1988 1620 Domitio

220 1670 256 1696 a.
291 1654 331 1695 d.
363 1667 465 1696 xur.
499 1654 592 1696 Kal.
627 1654 750 1695 Mart.
784 1653 922 1695 allatas
957 1668 1054 1704 esse,
1089 1667 1303 1706 earumque
1337 1652 1562 1708 exemplum
1598 1652 1889 1708 subscripseras
1914 1678 1986 1702 —,

168 1744 202 1771 20
219 1728 434 1784 magnique
474 1729 665 1770 interesse
708 1728 765 1768 rei
813 1726 996 1782 publicae
1047 1726 1272 1782 scripseraS,
1314 1741 1450 1767 omnes
1497 1727 1631 1781 copias
1665 1726 1793 1782 primo
1827 1740 1986 1781 quoque

218 1806 396 1856 tempore
438 1800 481 1842 in
526 1816 649 1841 unum
694 1800 826 1841 locum
870 1799 1095 1849 convenire,
1146 1803 1186 1839 et
1235 1804 1293 1849 ut,
1345 1798 1531 1854 praesidii
1576 1798 1684 1854 quod
1727 1799 1827 1841 satis
1868 1804 1986 1849 esset,

219 1874 379 1930 Capuae
419 1872 673 1928 relinqueret.
720 1873 800 1914 His
839 1888 912 1928 ego
956 1873 1082 1914 literis
1126 1872 1255 1923 lectis,
1299 1873 1341 1914 in
1386 1871 1526 1914 eadem
1568 1873 1755 1928 opinione
1800 1873 1873 1923 fui,
1908 1888 1987 1928 qua

219 1947 363 2002 reliqui
405 1961 554 1996 omnes,
598 1952 637 1987 te
677 1961 766 1987 cum
802 1946 988 1987 omnibus
1023 1947 1148 2002 copiis
1181 1946 1231 1987 ad
1265 1946 1484 1988 Corfinium
1519 1962 1604 1988 esse
1638 1951 1852 1987 venturum
1862 1964 1872 1997 3
1907 1961 1986 2000 quo

219 2021 332 2072 mihi,
378 2035 503 2075 quum
547 2019 692 2060 Caesar
740 2019 788 2060 ad
823 2018 1015 2074 oppidum
1050 2022 1179 2060 castra
1211 2017 1389 2070 haberet,
1424 2023 1558 2060 tutum
1590 2019 1665 2059 iter
1699 2034 1783 2059 esse
1816 2033 1898 2059 non
1928 2033 1987 2059 ar-

165 2109 198 2135 25
219 2093 410 2136 bitrabar.
445 2094 581 2146 Quum
614 2108 675 2133 res
723 2093 764 2133 in
799 2107 953 2133 summa
986 2091 1283 2147 exspectatione
1317 2096 1435 2141 esset,
1470 2096 1685 2145 utrumque
1720 2090 1839 2132 simul
1872 2090 1986 2132 audi-

218 2168 362 2218 vimus,
396 2171 436 2208 et
468 2181 568 2222 quae
602 2166 766 2207 Corfinii
800 2170 885 2206 acta
921 2170 1066 2215 essent,
1101 2169 1140 2205 et
1173 2172 1211 2205 te
1245 2165 1320 2205 iter
1354 2164 1617 2206 Brundisium
1641 2165 1768 2205 facere
1793 2163 1985 2219 coepisse,

217 2254 421 2295 quumque
463 2253 537 2279 nec
578 2238 675 2279 mihi
722 2252 795 2279 nec
839 2237 1072 2282 fratri.1neo
1107 2236 1276 2278 dubium
1310 2242 1427 2287 esset,
1464 2237 1561 2291 quin
1595 2236 1860 2278 Brundisium
1894 2251 1986 2277 con-

217 2313 485 2362 tenderemus,
520 2326 542 2352 a
576 2311 725 2362 multis,
761 2311 829 2365 qui
864 2326 884 2351 e
919 2311 1081 2352 Samnio
1104 2310 1331 2365 Apuliaque
1355 2309 1586 2361 veniebant,
1611 2309 1808 2351 admoniti
1832 2324 1984 2359 sumus,

216 2391 264 2427 ut
306 2399 547 2434 caveremus,
591 2398 641 2424 ne
682 2383 953 2438 exciperemur
997 2398 1019 2424 a
1064 2382 1245 2432 Caesare,
1292 2382 1399 2436 quod
1432 2382 1466 2423 is
1499 2383 1542 2424 in
1575 2375 1713 2424 eadem
1747 2383 1848 2432 loca,
1884 2397 1985 2437 quae

164 2473 197 2499 30
216 2475 289 2502 nos
331 2457 579 2515 petebamus,
622 2456 835 2512 profectus,
889 2456 1056 2498 celerius
1099 2456 1234 2506 etiam,
1282 2471 1401 2510 quam
1443 2471 1515 2498 nos
1557 2471 1778 2512 possemus,
1813 2471 1859 2498 eo
1907 2471 1986 2510 qno

215 2530 443 2574 intenderet
490 2534 680 2571 venturus
713 2534 829 2570 esset.
864 2528 983 2580 Quod
1017 2543 1141 2583 quum
1174 2528 1231 2570 ita
1265 2534 1383 2580 esset,
1417 2544 1490 2570 nec
1524 2528 1624 2570 mihi
1658 2543 1732 2570 nec
1765 2529 1879 2571 fratri
1897 2544 1985 2570 meo

215 2619 290 2646 nec
323 2603 513 2657 cuiquam
545 2603 763 2644 amicorum
796 2603 948 2657 placuit
981 2602 1243 2653 committere,
1281 2607 1325 2644 ut
1357 2603 1562 2644 temeritas
1595 2606 1733 2644 nostra
1755 2617 1837 2644 non
1855 2603 1983 2644 solum

261 2796 280 2835 ξ
302 2794 332 2825 2.
358 2791 451 2834 Quod
460 2810 502 2815 -
506 2790 666 2832 putabam.
688 2790 781 2821 Haec
803 2800 821 2820 a
844 2791 955 2821 Nonio
970 2800 991 2831 p
1015 2790 1075 2821 293
1121 2791 1214 2822 sione
1236 2790 1487 2831 praepositionis
1516 2796 1592 2821 ante
1625 2790 1761 2821 relativa
1791 2790 1905 2821 monui
1938 2784 1986 2821 ‘ad

218 2849 362 2880 citantur
382 2855 425 2878 ex
448 2844 542 2886 epist.
565 2844 606 2874 ad
628 2843 823 2883 Pompeium
847 2843 931 2873 libro
955 2843 1018 2874 IV.
1098 2847 1099 2890 ]
1122 2845 1188 2875 III.
1213 2844 1260 2881 19,
1285 2844 1315 2875 2.

219 2895 230 2908 ”
260 2902 309 2932 De
330 2911 375 2938 eo,
398 2898 480 2941 quod
493 2897 654 2929 audieram
673 2907 705 2927 o:
730 2897 770 2928 de
783 2897 900 2928 itinere
916 2896 1076 2928 Caesaris.
1098 2909 1099 2914 ¹
1172 2898 1240 2934 Quo
1262 2897 1451 2929 intenderet.
1484 2899 1524 2929 In
1548 2899 1663 2930 eadem
1686 2908 1719 2929 re
1750 2899 1849 2929 modo
1878 2899 1985 2939 posuit

261 2956 279 2994 ξ
303 2956 332 2986 3.
362 2953 437 2984 Hae
465 2950 604 2992 scriptae
631 2949 677 2980 sic
708 2952 810 2980 erant.
844 2949 991 2981 Inseruit
1024 2959 1078 2981 eas
1098 2947 1099 2986 ξ
1123 2951 1322 2988 contendere,
1363 2952 1451 2992 quod
1483 2951 1620 2982 verbum
1652 2950 1784 2982 Caesari
1813 2960 1891 2991 prae
1926 2951 1985 2982 illo

220 3008 313 3049 epist.
336 3007 355 3037 6
379 3006 413 3037 h.
436 3005 459 3035 1.
1097 2992 1100 3041 ἑ
1123 3005 1257 3046 placuit.
1280 3004 1358 3035 Vid.
1382 3004 1602 3036 Schneidems
1625 3005 1666 3035 ad
1688 3005 1728 3035 B.
1750 3003 1789 3035 G.
1807 3004 1871 3035 1v.
1888 3004 1938 3042 18,
1955 3004 1983 3040 2,

262 3059 431 3101 ,lfa-quique
451 3057 604 3088 interesse
625 3055 703 3095 reip.
721 3055 902 3095 scripseras.
928 3056 1076 3087 Verbum
1098 3048 1101 3091 1
1124 3059 1182 3099 (1111
1203 3059 1316 3089 laudat
1339 3067 1356 3089 e
1379 3058 1513 3089 Terent.
1536 3058 1642 3089 Andr.
1666 3058 1712 3088 II.
1735 3058 1764 3094 2,
1788 3057 1807 3088 6
1829 3067 1887 3098 quo
1903 3055 1985 3088 mane

221 3115 392 3155 scripseras
414 3123 431 3143 a
455 3112 636 3153 glossatore
658 3109 805 3140 additum
829 3114 917 3149 puto.
1098 3096 1101 3144 1
1120 3111 1253 3151 primam
1276 3109 1466 3140 intendam?

232 3180 236 3181 ⁷
264 3167 301 3198 In
325 3166 430 3198 eadem
453 3165 596 3206 opinione
610 3163 676 3203 fui,
699 3173 755 3203 qua
774 3163 897 3205 reliqui.
921 3163 969 3194 De
982 3166 1077 3194 omis-
1099 3159 1101 3194 i
1166 3164 1197 3193 Si
1220 3165 1313 3194 etiam
1344 3166 1441 3193 tutum
1466 3164 1551 3193 nobis
1574 3164 1634 3193 iter
1658 3163 1790 3203 suisset.
1825 3162 1862 3194 Si
1891 3162 1984 3193 etiam
