2062 3565
748 166 853 209 ΜΒ.
890 168 990 209 Ml.
1028 168 1109 209 ΕΡ.
1150 170 1281 209 luti.
1814 170 1892 208 1³55,

124 306 232 342 sunt.
269 304 310 342 2.
343 300 452 342 Ludi
485 302 638 343 interea
673 302 886 344 Praeneste
923 326 979 333 —-
1012 301 1072 344 ibi
1108 303 1268 346 Hirtius
1302 310 1343 345 et
1376 304 1443 346 isti
1477 319 1614 345 omnes
1648 327 1705 332 —-
1739 310 1780 342 ct
1808 304 1894 356 qui-

123 371 213 414 dem
256 372 343 414 ludi
384 373 470 415 dies
514 379 618 416 octo.
669 374 784 427 Quae
828 377 998 417 coenae!
1045 391 1145 431 quae
1191 376 1381 419 deliciae!
1430 377 1508 418 Res
1541 377 1693 418 interea
1727 378 1892 418 fortasse

122 450 325 488 transacta
366 451 441 488 est.
493 446 530 488 O
574 446 696 488 miros
737 449 942 490 homines!
994 451 1050 490 At
1099 449 1249 491 Balbus
1294 450 1498 501 aedificat3
1547 451 1602 492 τί
1626 447 1722 510 γάρ
1754 448 1890 507 αὐτῷ

120 516 258 577 μέλει
273 535 295 573 ,·
340 519 489 562 Verum
535 520 567 561 si
618 521 789 575 quaeris,
840 521 995 564 homini
1037 538 1119 564 non
1162 528 1269 564 recta
1314 524 1382 565 sed
1425 524 1648 579 voluptaria
1681 525 1888 579 quaerenti

120 607 254 635 nonne
285 589 542 650 βεβίωται
552 609 575 646 ;
607 594 669 635 Tu
701 594 855 636 interea
887 595 1050 637 dormis.
1083 597 1168 638 Iam
1203 597 1484 652 explicandum
1520 603 1581 638 est
1597 594 1886 656 πρόβλημα,

121 663 155 707 si
198 666 296 722 quid
341 670 504 708 acturus
548 681 604 708 es.
655 667 697 708 Si
742 668 900 722 quaeris
946 669 1045 724 quid
1089 674 1241 725 putem,
1287 685 1360 725 ego
1394 671 1420 712 †
1443 670 1618 711 fructum
1652 676 1764 726 puto.
1810 672 1885 713 Sed

121 738 218 794 quid
263 739 420 781 multa?
464 739 549 782 Iam
593 745 633 781 te
674 739 833 791 videbo,
880 746 920 783 et
953 742 1130 797 quidem,
1166 748 1212 783 ut
1245 759 1372 798 spero,
1408 744 1456 784 de
1491 744 1550 785 via
1587 749 1693 786 recta
1727 745 1774 786 ad
1812 761 1887 786 me.

121 812 249 854 Simul
282 812 390 855 enim
424 817 466 854 et
497 812 603 854 diem
636 814 883 868 Tyrannioni
917 816 1208 858 constituemus
1242 822 1282 857 et
1315 817 1347 857 si
1382 817 1477 872 quid
1513 817 1637 859 aliud.

160 979 180 1008 4
213 975 336 1015 Verum,
358 977 387 1008 si
408 976 536 1019 quaeris
560 993 601 1000 —
624 976 643 1007 6
667 986 722 1018 eqo
736 976 882 1018 fructum
907 996 945 1002 -

161 1124 181 1164 §
203 1123 234 1155 2.
259 1122 286 1154 0
306 1123 400 1155 miros
428 1123 587 1155 homines!
620 1124 679 1165 qui
699 1124 734 1155 in
758 1129 851 1156 tanto
872 1133 982 1156 rerum

119 1178 320 1216 discrimine,
343 1188 448 1220 quum
471 1178 591 1211 Caesar
614 1178 762 1209 nondum
786 1179 983 1220 oppresserit

121 1231 273 1273 Pompeii
294 1231 391 1268 filios,
413 1231 510 1263 ludos
532 1236 681 1272 spectent
703 1236 735 1262 et
764 1232 870 1272 epulis
902 1232 982 1264 deli-

124 1284 205 1316 catis
226 1290 354 1317 vacent.

171 1335 281 1368 Verum
302 1337 331 1368 si
361 1337 498 1379 quaeris,
521 1343 583 1368 cet.
617 1337 659 1368 In
688 1337 887 1378 explicando
918 1338 983 1369 hoc

121 1389 196 1429 loco
217 1389 411 1431 interpretes
431 1390 582 1431 plerique
617 1390 720 1421 secuti
753 1395 831 1420 sunt
863 1390 982 1421 Manu·

120 1442 204 1478 tium
226 1451 259 1478 et
279 1446 383 1479 Hadr.
405 1447 610 1485 Turnebum,
627 1447 685 1487 qui
697 1447 840 1478 Advers.
854 1445 938 1478 XII.
952 1447 981 1484 2,

122 1495 290 1544 βεβίωται
313 1499 355 1530 ad
376 1508 432 1530 eos
453 1499 563 1536 refert,
593 1499 650 1540 qui
673 1499 773 1539 genio
795 1499 981 1540 indulgent,

120 1562 279 1599 putatque
301 1557 498 1589 Ciceronem
521 1557 627 1589 amico
650 1563 820 1589 auctorem
842 1566 922 1595 esse,
945 1562 983 1588 ut

120 1610 207 1643 vitae
234 1610 426 1643 felicitatem
458 1611 492 1642 in
520 1610 662 1643 fruendo
694 1620 719 1642 s.
748 1611 782 1641 in
812 1611 982 1652 voluptate

121 1669 232 1705 ponat.
275 1663 341 1696 Sed
370 1664 448 1696 huic
476 1664 694 1706 explicationi
730 1665 838 1696 obstat
876 1665 980 1696 forma

119 1717 212 1749 verbi
231 1712 417 1762 βεβίωται,
442 1726 527 1758 quae
549 1717 634 1748 nihil
657 1716 747 1748 aliud
763 1716 912 1748 indicare
925 1727 981 1758 po-

122 1778 196 1811 test,
219 1774 284 1805 nisi
306 1774 373 1805 vita
389 1777 523 1815 peracta
546 1778 601 1812 est,
629 1780 666 1805 ut
688 1773 788 1805 XIV.
811 1773 861 1810 21,
885 1774 903 1804 3
927 1773 984 1804 ubi

119 1829 249 1870 scripsit
270 1827 404 1859 Cicero:
451 1826 517 1858 Sed
537 1826 613 1857 mihi
643 1826 765 1868 quidem
795 1822 982 1871 βεβίωται,

1034 1125 1076 1156 Et
1096 1126 1171 1167 quis
1194 1127 1326 1167 ignorat
1339 1127 1448 1167 fuisse
1471 1134 1502 1158 et
1524 1127 1641 1158 oia-isse
1663 1129 1742 1159 mali
1770 1129 1890 1159 ominis

1031 1179 1160 1211 vitandi
1182 1190 1280 1211 causa
1302 1180 1427 1211 dixisse
1450 1186 1576 1211 veteres
1598 1190 1657 1221 pro
1680 1186 1819 1212 monem
1836 1182 1890 1212 ob-

1031 1234 1117 1270 iisse,
1141 1235 1229 1275 quod
1251 1234 1484 1275 exemplorum
1504 1234 1599 1275 copia
1621 1235 1799 1266 illustravit
1828 1235 1891 1266 Ga-

1032 1288 1177 1326 takerus,
1200 1289 1241 1320 de
1263 1288 1351 1329 stylo
1374 1288 1454 1319 novi
1476 1287 1570 1319 foede
1619 1312 1626 1324 ‚
1649 1298 1719 1329 cap.
1746 1289 1794 1320 19.
1817 1289 1891 1320 Hoc

1031 1352 1164 1384 quoque
1186 1343 1346 1384 dispicere
1368 1342 1451 1373 mihi
1473 1342 1587 1372 videor
1609 1342 1717 1373 verbis
1746 1342 1775 1372 si
1796 1354 1893 1384 quae-

1032 1396 1078 1426 ris
1099 1395 1176 1438 quid
1188 1399 1296 1437 putem
1325 1395 1502 1427 instaurari
1532 1400 1628 1436 atque
1661 1396 1765 1436 repeti
1798 1396 1891 1427 illam

1036 1449 1281 1489 quaestionem:
1310 1447 1339 1477 si
1360 1447 1487 1489 quaeris
1509 1464 1549 1471 -
1571 1457 1673 1479 nonne
1695 1445 1889 1493 βεβίωται;

1032 1507 1085 1538 cui
1108 1516 1197 1538 nunc
1219 1507 1352 1538 demum
1381 1507 1614 1546 respondetur:
1648 1516 1702 1546 eqo
1727 1510 1891 1546 peractum

1026 1563 1115 1600 puto,
1139 1566 1176 1590 ut
1198 1560 1350 1590 Moserus
1373 1558 1488 1599 Symb.
1512 1558 1593 1590 Crit.
1608 1559 1652 1589 V.
1675 1569 1705 1600 p.
1727 1560 1765 1590 19
1784 1569 1893 1592 emen-

1031 1614 1132 1651 davit,
1156 1614 1210 1645 vel
1233 1623 1288 1654 eqo
1311 1612 1583 1654 confectumputo,
1599 1618 1636 1644 ut
1652 1613 1781 1654 scripsit
1799 1614 1892 1645 Fam.

1030 1665 1096 1698 IX.
1125 1666 1153 1703 2,
1176 1667 1206 1696 4.
1241 1666 1306 1696 Illa
1336 1671 1464 1697 tamen:
1503 1667 1538 1695 tu
1559 1665 1684 1696 interea
1706 1666 1822 1698 dormis
1843 1666 1890 1706 (02

1030 1719 1116 1750 nihil
1145 1719 1244 1760 agis.)
1275 1718 1344 1749 Iam
1367 1718 1586 1758 explicandum
1610 1722 1658 1750 est
1685 1717 1890 1766 πρόβλημα,

1029 1774 1058 1804 εἰ
1078 1774 1155 1816 quid
1176 1776 1305 1806 acturus
1327 1784 1361 1805 es
1383 1775 1467 1806 mire
1489 1775 1540 1806 his
1564 1776 1828 1816 interponuntur.

1071 1828 1161 1860 Diem
1186 1828 1381 1870 Tyrannioni
1412 1829 1645 1867 constituemus,
1678 1840 1744 1871 quo
1767 1831 1890 1862 libi-uui

119 1890 152 1916 et
174 1885 208 1916 in
231 1884 340 1916 verbis
362 1882 509 1915 Senecae
528 1883 631 1924 Epist.
656 1883 684 1914 Ι.
707 1883 756 1920 12,
780 1883 870 1914 unde
892 1883 980 1914 male
1029 1892 1125 1914 suum
1149 1882 1246 1914 nobis
1268 1882 1366 1923 legat.
1388 1882 1430 1913 cf.
1454 1892 1505 1924 ep.
1528 1883 1556 1920 6,
1582 1884 1597 1914 1
1621 1884 1654 1915 h.
1679 1884 1703 1914 1.

118 1939 294 1970 Turnebus
326 1946 405 1969 suae
440 1937 607 1978 opinionis
639 1937 842 1978 praesidium
869 1937 974 1977 petiit.
1003 1895 1008 1976 Ι

729 2078 818 2119 [Π.
885 2079 950 2131 (A.
993 2078 1037 2119 [J.
1077 2080 1118 2119 C.
1158 2080 1275 2132 705.)

182 2208 221 2247 1.
258 2206 392 2247 Unum
426 2211 465 2247 te
499 2210 598 2261 puto
630 2206 765 2246 minus
798 2204 991 2247 blandum
1026 2220 1111 2246 esse
1138 2219 1258 2259 quam
1285 2219 1348 2246 me
1378 2212 1432 2255 et,
1458 2206 1492 2246 si
1516 2210 1683 2261 uterque
1706 2213 1888 2249 nostrum

115 2284 177 2322 est
220 2279 436 2334 aliquando
480 2279 669 2320 adversus
713 2278 902 2334 aliquem,
949 2278 1054 2320 inter
1086 2294 1158 2320 nos
1192 2284 1298 2320 certe
1331 2295 1539 2335 nunquam
1573 2296 1727 2323 sumus.
1778 2282 1887 2322 Audi

115 2353 242 2409 igitur
283 2367 347 2393 me
392 2351 468 2393 hoc
517 2348 823 2410 α’γοητεύτως
867 2350 1092 2392 dicentem:
1139 2367 1189 2393 ne
1240 2353 1384 2403 vivam,
1435 2354 1491 2395 mi
1535 2355 1685 2405 Attice,
1719 2356 1753 2396 si
1786 2356 1887 2396 mihi

115 2442 198 2468 non
230 2425 349 2467 modo
380 2424 670 2474 Tusculanum,
706 2423 777 2466 ubi
811 2425 1016 2479 ceteroqui
1050 2440 1139 2466 sum
1172 2425 1358 2476 libenter,
1379 2426 1449 2468 sed
1470 2426 1719 2486 μακάρων
1744 2433 1883 2482 νῆσοι

115 2499 220 2540 tanti
252 2502 362 2548 sunt,
396 2505 443 2539 ut
475 2498 561 2539 sine
594 2502 633 2538 te
667 2498 742 2538 sim
775 2502 837 2539 tot
869 2497 968 2539 dies.
1003 2498 1137 2550 Quare
1170 2498 1391 2541 obduretur
1426 2500 1501 2542 hoc
1535 2500 1730 2551 triduum,
1765 2506 1811 2542 ut
1844 2508 1883 2543 te

158 2685 176 2725 ξ
199 2685 228 2715 1.
251 2684 409 2716 Adversus
431 2685 564 2727 aliquem
584 2694 618 2716 a:
639 2693 717 2726 erga
733 2685 878 2726 aliquem
888 2686 978 2716 blan·
1020 2695 1116 2727 saepe
1145 2687 1357 2719 obliteratum
1390 2688 1534 2729 putabat,
1567 2697 1655 2721 certa
1688 2691 1880 2722 auctoritate

116 2737 188 2768 dus.
210 2737 344 2775 Moneo,
372 2747 415 2769 ne
447 2737 522 2779 quis
551 2736 635 2768 forte
668 2747 745 2768 cum
774 2737 910 2768 Handio
942 2737 977 2768 111
998 2731 1000 2737 ’
1019 2741 1136 2772 nititur
1159 2741 1191 2772 11.
1216 2742 1236 2772 l.
1260 2747 1293 2773 et
1314 2741 1397 2773 Fam
1433 2743 1495 2774 VI.
1530 2744 1578 2780 19,
1612 2743 1638 2781 ],
1666 2749 1762 2784 atque
1793 2752 1879 2776 recte

116 2790 213 2822 'hirs-
234 2791 263 2822 Ι.
285 2801 316 2832 p.
339 2791 399 2821 185
423 2795 456 2823 et
477 2790 648 2822 Freundio
683 2791 717 2822 in
746 2791 875 2822 Lexico
896 2791 923 2822 Ι.
946 2801 977 2832 p.
1019 2793 1128 2824 editur
1162 2794 1231 2824 Att.
1265 2793 1365 2825 XVI.
1398 2796 1428 2832 4,
1463 2795 1490 2826 l.
1520 2796 1562 2826 N.
1594 2796 1633 2827 D.
1662 2798 1688 2828 I.
1714 2798 1764 2828 60.
1790 2797 1879 2830 Orat.

116 2842 177 2874 109
210 2845 322 2874 eontra
342 2842 476 2885 aliquem
499 2843 651 2884 explicet.
693 2843 750 2874 Ad
771 2853 841 2874 rem
864 2843 906 2874 cf.
928 2852 977 2884 ep.
997 2821 1000 2885 1
1020 2845 1069 2883 83,
1092 2847 1150 2877 ubi
1173 2849 1344 2888 ceteroque,
1373 2849 1517 2890 certoque
1540 2850 1706 2881 manifesti
1732 2850 1878 2882 librario-

116 2896 146 2932 5,
168 2896 203 2926 4:
227 2893 294 2926 Seis
315 2905 364 2926 me
384 2895 507 2926 minime
528 2904 595 2926 esse
617 2895 774 2932 blandum,
797 2905 864 2936 quo
888 2905 977 2927 nunc
996 2897 999 2916 1
1019 2908 1093 2929 rum
1115 2908 1241 2931 errores
1258 2906 1346 2931 sunt.
1375 2900 1456 2933 Sine
1484 2911 1582 2933 causa
1618 2902 1753 2934 Handio
1782 2903 1877 2933 Turs.

117 2949 300 2990 respicitur.
996 2943 998 2983 ,¹
1019 2951 1065 2982 Π.
1088 2961 1118 2991 p.
1141 2953 1183 2982 44
1215 2956 1402 2993 suspectum
1440 2952 1512 2991 fuit,
1551 2960 1589 2985 ut
1619 2955 1726 2986 visum
1748 2965 1877 2996 quoque

155 2992 401 3046 Ἀγονητεύτως,
439 3001 511 3032 sine
542 3000 737 3041 praestigiis,
783 3001 854 3032 sine
889 3000 977 3038 fuco,
995 2987 998 3048 1
1018 3003 1191 3044 Seyfferto,
1215 3004 1286 3036 Pal.
1311 3004 1416 3036 Cicer.
1440 3017 1472 3047 p.
1495 3007 1544 3038 15.

116 3056 252 3088 sincere.
996 3056 997 3060 ’
1063 3057 1119 3089 Tot
1141 3058 1209 3089 dies
1230 3068 1263 3090 a:
1288 3058 1444 3091 triduum.
1469 3060 1584 3101 Vulgo
1607 3063 1689 3092 totos
1710 3061 1789 3091 dies.
1813 3061 1877 3092 Ἠτ-

162 3107 335 3150 Ceteroqui.
365 3108 439 3139 Hoc
473 3108 677 3145 adverbium,
711 3110 800 3150 quod
829 3107 975 3141 Orellius
995 3105 997 3119 ¹
1017 3110 1082 3143 sini
1105 3113 1330 3144 coniecturam
1352 3114 1526 3146 confirmat
1547 3115 1619 3146 cod.
1641 3114 1738 3155 Hisp.

118 3161 158 3191 ad
182 3160 249 3193 Cic.
273 3161 362 3194 Orat.
394 3162 410 3202 ξ
434 3163 474 3193 83
504 3162 580 3194 edit.
613 3162 750 3194 minoris
784 3173 801 3194 a
831 3162 975 3194 librariis
996 3159 997 3163 ¹
1062 3163 1248 3196 Obduretar.
1273 3165 1545 3206 impersonaliter
1568 3166 1704 3207 scripsit,
1740 3175 1805 3197 non
1829 3166 1876 3197 oh·
