2062 3565
209 166 264 201 65
612 163 694 203 ΕΡ.
730 162 805 202 ΑΒ
839 162 883 202 Τ.
919 159 1271 201 POMPONIUM
1305 158 1570 200 ATTICUM.

211 297 301 338 dam
329 296 649 356 γενικώτερον
682 296 907 351 scripsisses
940 303 979 336 01
1011 310 1085 349 ego
1118 295 1217 336 mihi
1251 309 1273 335 a
1306 302 1344 337 te
1371 294 1566 349 quaedam
1591 294 1807 349 significari
1838 302 1974 350 putas-

211 386 307 420 sem,
342 377 387 411 ut
420 370 539 411 Italia
572 369 765 420 cederem,
801 369 1010 410 detestaris
1044 368 1119 410 hoc
1144 368 1358 424 diligenter
1383 382 1445 411 x1.
1469 367 1644 409 Kalend.
1667 368 1816 409 Mart:
1852 394 1874 419 ,Ι
1888 368 1976 423 Ego

212 458 302 483 vero
349 441 458 483 nulla
501 443 669 497 epistola
702 441 939 496 significavi,
975 441 1008 482 si
1043 441 1202 482 Cnaeus
1235 441 1354 483 Italia
1387 441 1558 492 cederet,
1592 446 1640 482 ut
1671 446 1717 481 tu
1749 456 1830 482 una
1863 440 1977 482 cede-

211 530 285 565 105,
330 519 413 565 aut,
459 516 493 556 si
526 515 762 569 significavi,
797 529 879 555 non
912 513 1003 555 dico
1037 513 1096 556 fui
1128 515 1361 557 inconstans
1395 515 1465 557 sed
1497 515 1707 556 demens.''
1753 515 1804 556 In
1837 513 1976 556 eadem

178 605 190 629 5
211 586 377 642 epistola
411 586 488 628 alio
520 586 628 626 loco:
671 613 690 636 u
707 585 824 626 Nihil
857 585 1098 639 relinquitur
1130 586 1208 627 nisi
1242 586 1351 641 fuga,
1386 586 1451 628 cui
1484 592 1522 628 te
1557 586 1710 627 socium
1740 587 1975 641 neutiquam
2035 639 2041 642 .

211 664 307 713 puto
351 674 434 700 esse
478 664 657 714 oportere
691 672 763 699 nec
798 672 975 713 unquam
1009 659 1194 714 putari?
1233 661 1271 700 7.
1304 660 1446 701 Totam
1480 665 1614 701 autem
1646 659 1750 701 hanc
1783 658 1977 701 delibera-

208 733 358 773 tionem
404 731 552 773 evolvis
596 731 821 772 accuratius
865 731 908 772 111
952 731 1079 772 literis
1120 745 1202 773 nx.
1251 732 1424 774 Kalend.
1460 733 1583 774 Mart.
1617 732 1807 784 datisz‘ss
1825 733 1866 774 Si
1900 732 1976 774 M'.

209 806 385 861 Lepidus
418 811 458 847 et
490 805 538 846 L.
576 805 785 846 Volcatius
817 812 1038 856 remanent,
1086 807 1328 848 manendum
1361 814 1473 863 puto,
1507 808 1564 849 ita
1595 812 1655 858 ut,
1691 807 1725 848 si
1758 806 1890 848 salvus
1923 807 1977 848 sit

211 878 425 934 Pompeius
471 885 510 920 et
551 878 777 919 constiterit
816 878 979 929 alicubi,
1016 879 1118 920 hanc
1156 881 1362 924 tsezvc'ctv
1393 882 1596 936 relinquas
1629 887 1669 921 et
1702 886 1742 921 te
1775 880 1819 921 in
1853 885 1976 921 certa-

155 962 188 987 10
210 952 315 992 1111110
349 952 456 992 vinci
502 966 594 993 cum
626 951 695 992 illo
740 951 897 992 facilius
931 952 1095 1007 patiaris
1129 968 1249 1007 quam
1283 969 1373 994 011111
1410 954 1482 995 1100
1516 955 1559 995 111
1593 969 1652 1004 ea,
1687 969 1788 1009 quae
1827 954 1979 1008 perspi-

208 1025 312 1065 citur
344 1024 493 1074 futura,
529 1024 698 1065 colluvie
732 1024 946 1078 regnare.''
981 1024 1113 1066 Multa
1147 1025 1331 1081 disputas
1365 1026 1460 1067 huic
1494 1026 1716 1068 sententiae
1737 1025 1976 1067 convenien-
2035 1039 2038 1042 ’

1067 1097 1078 1115 2

208 1097 278 1138 tia.
311 1096 412 1138 Inde
446 1096 496 1137 ad
530 1102 774 1137 extremum:
816 1095 963 1147 ''Quid
997 1097 1061 1148 si,’
1112 1099 1261 1153 inquis,
1303 1127 1323 1150 ῃ
1338 1098 1517 1155 Lepidus
1551 1105 1590 1140 et
1614 1099 1824 1140 Volcatius
1848 1098 1956 1139 disce

207 1171 338 1211 dunt?
372 1170 495 1212 Plane
529 1166 711 1228 ἀπορῶ.
750 1169 871 1216 Quod
905 1171 1082 1212 evenerit
1115 1172 1238 1226 igitur
1270 1179 1310 1214 et
1343 1172 1450 1228 quod
1483 1173 1624 1228 egeris,
1653 1172 1694 1214 id
1716 1171 1975 1231 στερκτέον

208 1242 404 1297 putabo.''
455 1242 497 1284 Si
545 1250 633 1284 tum
681 1241 902 1294 (lubitaras,
954 1258 1061 1284 1111110
1106 1250 1210 1286 certe
1253 1261 1333 1287 non
1367 1244 1545 1296 dubitas,
1579 1246 1669 1286 istis
1702 1243 1975 1286 manentibus.
2034 1294 2042 1300 ι

153 1333 184 1358 15
209 1320 249 1356 ὅ.
285 1315 441 1357 Deinde
474 1317 517 1358 in
550 1316 636 1372 ipsa
668 1316 764 1371 fuga
798 1330 839 1357 v.
874 1317 966 1357 Kal.
1003 1316 1146 1358 Mart:
1187 1346 1207 1369 ,s
1224 1318 1383 1360 Interea
1408 1334 1489 1360 non
1513 1317 1670 1369 dubito,
1696 1318 1794 1372 quin
1816 1318 1861 1358 in
1881 1317 1975 1358 For-

208 1388 340 1430 miano
373 1403 585 1430 mansurus
609 1389 677 1429 sis.
702 1388 1033 1431 Commodissime
1057 1391 1163 1431 enim
1190 1389 1246 1434 τὸ
1267 1388 1452 1448 μέλλον
1474 1390 1533 1432 ibi
1556 1384 1974 1450 καραδοκήσεις.”

207 1461 271 1502 Ad
306 1462 399 1503 Kal.
434 1462 572 1514 Mart„
607 1477 732 1517 quum
765 1462 831 1503 ille
867 1463 1052 1517 quintum
1087 1464 1167 1505 iam
1201 1464 1306 1505 diem
1342 1464 1550 1506 Brundisii
1573 1471 1703 1506 esset:
1745 1464 1884 1517 „Tum
1906 1480 1974 1520 po-

207 1535 373 1576 terimus
406 1535 639 1586 deliberare,
675 1551 755 1576 non
790 1536 942 1578 scilicet
976 1538 1131 1592 integra
1165 1553 1220 1588 re,
1256 1538 1324 1579 sed
1358 1544 1463 1579 certe
1490 1539 1622 1579 minus
1644 1537 1829 1588 infracta,
1854 1551 1973 1592 quam

205 1610 238 1649 si
283 1625 362 1650 una
410 1609 622 1665 proieceris
667 1609 752 1650 te.'’
802 1610 958 1651 Deinde
1004 1625 1063 1651 lv.
1111 1612 1251 1652 Nonas
1286 1612 1408 1653 Mart.
1442 1608 1537 1655 ὑπὸ
1571 1610 1658 1665 τὴν
1694 1608 1848 1667 λῆψιν
1881 1625 1972 1652 011111

151 1693 186 1719 20
206 1682 377 1723 breviter
425 1682 631 1732 scriberes,
672 1690 807 1724 tamen
852 1684 967 1738 ponis
1001 1684 1099 1725 hoc:
1142 1713 1161 1735 u
1177 1684 1273 1726 Cras
1307 1684 1477 1726 scribam
1510 1685 1625 1741 plura
1659 1691 1699 1726 et
1732 1684 1781 1726 ad
1816 1684 1951 1726 omnia
1960 1702 1971 1735 3

206 1757 280 1797 hoc
314 1769 449 1798 tamen
482 1755 627 1807 dicam,
662 1771 742 1797 non
775 1757 978 1812 poenitere
1013 1772 1073 1798 me
1105 1758 1262 1799 consilii
1297 1757 1345 1799 de
1379 1768 1449 1799 tua
1490 1758 1711 1809 mansione,
1746 1764 1800 1809 et,
1834 1772 1972 1813 quam—

205 1845 324 1885 quam
372 1845 518 1884 magna
567 1829 854 1880 sollicitudine,
903 1839 1052 1882 tamen,
1104 1832 1196 1886 quia
1231 1832 1363 1873 minus
1399 1831 1491 1873 mali
1526 1839 1624 1887 puto
1657 1847 1741 1872 esse
1775 1846 1896 1886 quam
1930 1831 1972 1872 111

205 1903 273 1944 illa
317 1903 576 1958 profectione,
625 1918 765 1944 maneo
809 1904 852 1945 111
907 1905 1105 1946 sententia
1130 1904 1189 1946 ‘et
1221 1905 1376 1960 gaudeo
1409 1911 1447 1946 te
1483 1904 1722 1946 mansisse.”
1762 1907 1802 1946 9.
1836 1904 1973 1957 Quum

208 1992 296 2017 vero
348 1977 423 2017 {nm
472 1992 636 2032 angerer
684 1985 724 2018 et
766 1977 960 2028 timerem,
995 1994 1044 2019 ne
1079 1978 1176 2033 quid
1211 1993 1232 2019 a
1265 1994 1328 2019 me
1361 1977 1567 2019 dedecoris
1600 1983 1704 2019 esset
1736 1968 1986 2030 admissum,

151 2066 184 2091 25
205 2063 274 2091 111.
309 2050 449 2091 Nonas
483 2051 630 2092 Mart:
673 2051 854 2102 ss'l'amen
887 2059 926 2092 te
961 2066 1041 2093 11011
1074 2067 1159 2092 0550
1194 2067 1273 2093 una
1307 2067 1398 2092 cum
1433 2045 1624 2106 Pompeio
1658 2065 1739 2092 non
1772 2050 1855 2093 fero
1888 2067 1970 2092 mo-

204 2124 316 2164 leste.
351 2124 495 2165 Postea
529 2125 562 2164 si
595 2140 694 2180 opus
722 2124 856 2175 fuerit,
892 2140 973 2166 non
1006 2125 1082 2166 erit
1115 2124 1275 2165 difficile
1309 2131 1348 2165 et
1380 2124 1454 2175 illi,
1489 2138 1649 2178 quoquo
1681 2129 1859 2179 tempore
1891 2125 1973 2175 fiet,

205 2198 280 2238 erit
325 2194 650 2255 ἅσμένιστον.
703 2197 780 2240 Sed
825 2198 900 2239 1100
944 2199 1000 2240 ita
1041 2198 1145 2249 dico,
1189 2199 1221 2239 si
1255 2198 1335 2248 hic,
1370 2212 1448 2252 qua
1481 2197 1634 2239 ratione
1667 2197 1831 2239 initium
1863 2196 1972 2248 fecit,

205 2269 343 2311 eadem
390 2276 521 2312 cetera
563 2281 667 2325 aget,
712 2272 877 2322 sincere,
922 2277 1154 2327 temperate,
1189 2271 1420 2327 prudenter,
1457 2270 1568 2312 valde
1604 2270 1738 2311 videro
1772 2275 1812 2312 et
1844 2271 1972 2312 consi—

207 2341 384 2384 deratius
425 2343 592 2385 utilitati
633 2351 790 2385 nostrae
836 2345 1120 2386 consuluero.”
1157 2346 1228 2386 10.
1264 2359 1343 2386 vr1.
1377 2344 1477 2386 Idus
1509 2344 1632 2385 Mart.
1667 2343 1808 2385 scribis
1843 2344 1974 2385 Pedu-

154 2432 188 2458 30
207 2430 300 2457 caeo
334 2431 492 2470 quoque
526 2425 666 2458 nostro
701 2416 872 2472 probari,
909 2417 1015 2472 quod
1049 2418 1234 2473 quierim,
1270 2417 1385 2458 cuius
1419 2417 1636 2458 auctoritas
1668 2417 1840 2459 multum
1863 2416 1969 2474 apud

207 2504 270 2530 me
304 2488 422 2530 valet.
458 2488 536 2530 His
568 2504 641 2544 ego
664 2489 756 2530 'tuis
790 2489 949 2545 scriptis
981 2504 1044 2530 me
1078 2489 1272 2540 consolor,
1299 2496 1343 2530 ut
1364 2489 1467 2530 nihil
1491 2504 1513 2530 a
1539 2504 1601 2530 me
1625 2488 1758 2530 adhuc
1780 2490 1971 2532 delictum

208 2568 360 2618 putem.
410 2563 471 2603 Tu
514 2562 631 2604 modo
675 2563 953 2604 auctoritatem
997 2570 1108 2604 tuam
1155 2563 1382 2605 defendito:
1419 2562 1607 2604 adversus
1639 2577 1702 2604 me
1735 2562 1839 2604 nihil
1871 2579 1971 2618 opus

251 2715 267 2744 1
293 2725 311 2745 a
335 2720 366 2746 te
388 2716 404 2751 †
425 2713 575 2756 quaedam
602 2732 640 2736 -

209 2856 307 2888 agere
329 2853 362 2878 et
383 2845 586 2877 adversarios
605 2846 815 2886 proscribere.
839 2846 1065 2879 Desiderativa
1090 2880 1093 2904 ι
1115 2848 1253 2879 cederem
1276 2848 1516 2889 perspicuitatis
1538 2858 1634 2879 causa
1663 2848 1716 2879 hic
1747 2847 1871 2879 adiecta
1901 2857 1972 2880 esse

210 2901 325 2932 Cicero
347 2901 455 2931 finxit.
477 2899 517 2931 cf.
541 2899 648 2938 Quint
672 2900 770 2931 VIII.
794 2901 822 2938 3,
846 2902 885 2931 32
910 2909 941 2933 et
965 2902 993 2940 6,
1016 2903 1065 2933 32.
1091 2930 1093 2948 Ι
1113 2902 1298 2942 cogitasset.

251 2952 471 2998 Γενικώτερον
494 2962 528 2983 a:
559 2953 664 2993 magis
687 2953 720 2983 in
743 2953 944 2985 universum.
974 2954 1015 2985 cf.
1038 2955 1065 2985 I.
1158 2955 1177 2993 ξ
1200 2953 1227 2986 7.
1251 2954 1333 2984 laune
1361 2953 1509 2986 νεκυίαν.
1554 2954 1725 2985 lnvidioso
1753 2953 1890 2986 nomine
1918 2954 1970 2985 de-

214 3013 260 3049 14,
285 3013 314 3043 2.
1116 3011 1226 3051 signat
1257 3009 1406 3042 Caesaris
1428 3010 1629 3041 comitatum.
1657 3009 1697 3041 cf.
1720 3010 1752 3041 h.
1781 3010 1802 3041 1.
1826 3010 1876 3053 H.»
1897 3010 1918 3041 2
1940 3017 1972 3042 et

256 3065 414 3106 Quaedam
437 3063 613 3106 siqmficari
626 3066 800 3105 putassem,
823 3068 858 3096 ut
890 3065 992 3096 Italia
1020 3077 1067 3098 ce·
1120 3064 1167 3102 18,
1190 3064 1218 3095 2.
1241 3063 1430 3104 Respicitur
1440 3064 1481 3095 ad
1501 3061 1636 3097 νεκυίαν
1659 3063 1693 3094 in
1717 3063 1836 3104 Odyss.
1858 3061 1923 3093 XI.

212 3119 325 3150 clerem.
347 3118 485 3150 Frustra
507 3117 651 3151 Orellius
674 3118 766 3149 litem
789 3126 897 3151 movet
908 3121 1069 3152 vocabulo
1159 3118 1363 3159 Perspicieur.
1388 3133 1402 3145 u
1413 3118 1528 3150 Potius
1543 3118 1767 3160 prospicitur.'⁷
1788 3116 1890 3149 Gron.

177 3171 180 3173 Α
211 3172 374 3213 φάθᾶαηι,
399 3173 486 3212 quod
509 3182 574 3202 11011
599 3171 734 3209 fecisset,
771 3173 796 3203 si
828 3174 925 3205 verba
960 3176 992 3203 nl
1030 3174 1066 3204 Is.
1094 3197 1097 3206 ,
1161 3174 1178 3213 ἓ
1204 3173 1251 3203 10.
1277 3172 1412 3204 (burcii-v
1447 3184 1519 3215 eyeo
1555 3173 1641 3204 aliis.
1670 3171 1800 3212 Optime
1828 3171 1969 3204 Rosius:
