2062 3565
112 949 145 976 10

164 135 251 175 274
563 134 646 174 ΕΡ.
682 132 757 173 ΑΙ)
789 131 836 172 Τ.
870 129 1219 172 POMPONIUM
1254 127 1517 169 ATTICUM.

162 267 359 329 φυρμὸς
405 265 567 320 πολύς.
624 269 730 310 Nam
762 267 840 309 ista
873 265 1035 322 quidem
1069 264 1251 306 Caesaris
1283 263 1518 306 libertorum
1551 262 1774 305 coniuratio
1808 261 1922 303 facile

161 344 463 401 opprimeretur,
510 343 544 384 si
587 346 695 384 recta
739 345 894 397 saperet
927 339 1145 381 Antonius
1182 341 1222 379 2.
1258 338 1394 380 Meam
1427 337 1591 378 stultam
1625 336 1921 386 verecundiam,

163 418 232 473 qui
274 417 398 472 legari
440 416 635 458 noluerim
685 420 778 456 ante
818 429 879 455 res
923 412 1110 468 prolatas,
1154 427 1205 453 ne
1249 411 1427 452 deserere
1461 411 1616 452 viderer
1648 410 1757 452 hunc
1790 425 1922 452 rerum

162 496 372 541 tumorem,
420 490 486 532 cui
527 494 632 530 certe
672 488 706 530 si
749 501 906 543 possem
947 485 1112 536 mederi,
1158 484 1293 526 deesse
1333 499 1415 525 non
1449 482 1648 525 deberem.
1699 483 1778 525 Sed
1811 482 1924 524 vides

162 565 433 620 magistratus,
483 562 516 603 si
550 560 711 617 quidem
744 559 803 601 illi
837 558 1110 613 magistratus,
1154 557 1265 598 vides
1297 562 1432 598 tamen
1464 557 1625 612 tyranni
1659 557 1849 598 satellites
1882 557 1925 598 in

162 638 353 694 imperiis,
399 636 510 678 vides
553 634 732 677 eiusdem
775 633 988 683 exercitus,
1036 631 1146 673 vides
1189 631 1232 673 in
1274 630 1396 672 latere
1439 635 1660 682 veteranos,
1696 646 1795 685 quae
1830 634 1926 672 sunt

163 708 420 770 εἰῖρίπιστα
455 710 609 752 omnia:
644 724 710 750 eos
744 712 892 759 autem,
926 707 996 762 qui
1029 705 1136 747 orbis
1170 711 1297 747 terrae
1332 705 1527 747 custodiis
1544 721 1626 748 non
1643 705 1762 748 modo
1782 705 1923 762 saepti,

165 800 302 826 verum
345 784 464 825 etiam
510 784 535 826 †
558 782 712 837 vagisse
756 779 971 831 debebant,
1018 778 1298 821 tantummodo
1341 778 1496 820 laudari
1530 784 1648 834 atque
1683 780 1821 830 amari,
1856 778 1925 820 sed

166 856 384 913 parietibus
417 856 628 898 contineri.
664 858 797 910 Atque
830 854 890 895 illi
925 867 1083 908 quoquo
1119 851 1235 893 modo
1269 850 1391 903 beati,
1429 852 1569 893 civitas
1603 852 1760 894 misera.
1782 854 1823 893 3.
1848 852 1926 894 Sed

165 930 283 972 velim
332 930 430 971 scire
474 929 571 985 quid
617 929 813 970 adventus
858 927 1031 977 Octavii,
1077 941 1171 967 num
1219 926 1288 980 qui
1331 939 1548 967 concursus
1592 925 1642 966 ad
1686 941 1792 975 eum,
1828 941 1924 966 nun]

165 1019 266 1059 quae
315 1005 640 1062 ’νεωτερισμοῦ
684 1002 873 1058 suspicio.
925 1001 1020 1042 Non
1060 1005 1158 1055 puto
1202 998 1402 1053 equidem,
1448 997 1517 1039 sed
1562 1004 1696 1039 tamen
1730 997 1926 1053 quidquid

166 1082 227 1117 cst
259 1076 357 1118 scire
391 1076 523 1132 cupio.
561 1077 670 1118 Haec
705 1075 843 1130 scripsi
880 1073 927 1114 ad
962 1080 1001 1114 te
1036 1073 1288 1129 proficiscens
1323 1073 1472 1112 Astura
1506 1084 1575 1112 ΙΙΙ.
1610 1070 1722 1112 Idus.

209 1280 227 1310 8
250 1278 343 1310 eliam
366 1281 383 1313 ἢ
405 1278 510 1320 maynz'
532 1288 600 1309 esse
622 1297 658 1301 —
687 1278 705 1307 9
731 1279 824 1318 Alqm
848 1295 887 1299 —

168 1475 281 1507 venire
303 1475 337 1506 in
360 1474 548 1506 Antonium
571 1479 704 1514 apparet
727 1481 743 1503 e
773 1471 860 1502 Phil.
896 1471 941 1501 11.
966 1470 1022 1506 526;
1045 1474 1048 1510 Ι
1068 1471 1134 1496 tem
1158 1465 1249 1496 venit
1272 1461 1381 1508 ἅγιοι,
1407 1463 1487 1494 mihi
1520 1462 1732 1493 vehementer
1767 1460 1929 1502 displicet.

169 1531 364 1572 scripturam
386 1539 403 1561 e
426 1539 530 1569 marg.
554 1527 643 1559 Crat.
670 1532 834 1567 receptam
857 1536 875 1555 a
897 1524 1023 1555 balnea·
1045 1512 1048 1543 ¹
1069 1522 1262 1553 Ciceronem
1285 1521 1452 1562 scripsisse
1475 1521 1588 1551 credo:
1613 1529 1717 1550 verum
1735 1518 1831 1550 etiam
1845 1520 1927 1549 metu

169 1586 237 1615 lore
258 1584 378 1616 Bosius
400 1583 521 1614 frustra
543 1581 700 1614 defendit.
1069 1575 1160 1607 vacui
1182 1584 1249 1606 esse
1270 1574 1431 1606 debebant.
1476 1573 1560 1605 Voc.
1584 1575 1665 1604 metu
1700 1571 1795 1604 facile
1818 1571 1927 1603 omitti

213 1638 283 1669 Ista
305 1655 346 1660 —
371 1636 559 1668 coniuratio.
590 1635 639 1667 Cf.
663 1634 751 1666 Phil.
775 1635 802 1665 1.
827 1635 844 1664 5
870 1633 958 1664 unde
980 1631 1026 1662 di·
1068 1630 1175 1671 potuit
1197 1635 1271 1671 post
1285 1641 1312 1660 m
1335 1628 1429 1661 etiam
1444 1635 1477 1660 et
1487 1626 1578 1658 vacui
1591 1636 1658 1658 esse
1669 1626 1750 1658 latet
1770 1626 1804 1657 in
1817 1625 1928 1667 inepto

170 1693 292 1725 scimus
317 1692 498 1723 tumultum
520 1701 539 1721 a
559 1689 744 1726 Dolabella,
770 1689 905 1720 absente
919 1688 1024 1719 Anto-
1070 1694 1141 1715 voc.
1166 1683 1299 1726 vayisse.

171 1746 236 1784 nio,
262 1755 453 1787 oppressum
475 1753 555 1776 esse.
1116 1737 1247 1768 Tantum
1270 1735 1356 1767 modo
1379 1734 1511 1766 laudari
1531 1736 1623 1775 atque
1656 1732 1768 1765 amari.
1799 1732 1927 1766 Cicero—

212 1799 369 1831 Antonius
394 1800 428 1830 in
458 1803 607 1830 extrema
634 1797 799 1830 sententia
835 1798 973 1828 Ernesto
1008 1805 1027 1825 a
1072 1801 1149 1823 nem
1172 1801 1239 1822 non
1262 1790 1438 1832 scripsisse,
1461 1788 1550 1828 quod
1572 1797 1606 1819 se
1627 1787 1662 1818 in
1685 1786 1798 1818 codice
1809 1787 1930 1818 vidisse

173 1854 352 1894 glossatore
377 1854 508 1884 additus
530 1853 714 1884 videbatur.
759 1851 835 1882 Non
870 1855 940 1881 erat
972 1859 1029 1879 cur

173 1908 298 1945 Cicero,
323 1908 380 1949 qui
403 1907 501 1938 modo
523 1912 655 1937 vocarat
667 1906 848 1941 aleatorem,
864 1913 954 1934 nunc
969 1912 1029 1934 suo

173 1972 248 1994 euin
270 1962 404 1993 nomine
427 1961 623 2001 designaret.

216 2019 233 2058 ξ
257 2017 286 2047 2.
317 2016 407 2047 Vides
430 2018 531 2046 tamen
555 2013 685 2056 tyranni
707 2019 768 2045 cet.
791 2012 959 2044 Particula-
980 2013 1030 2041 ta·

174 2080 241 2101 men
265 2070 342 2101 resin
352 2076 404 2101 tur
432 2070 473 2100 ad
502 2068 701 2100 sententiani
729 2066 930 2107 cogitatione
959 2075 1031 2106 sup-

174 2124 349 2165 plendam:
373 2122 510 2165 quamvis
532 2121 633 2153 occiso
655 2123 801 2162 tyranno.

217 2178 258 2208 In
280 2178 382 2208 latere
404 2187 447 2208 sc.
470 2176 571 2207 urbis.
595 2175 816 2216 Cogitandum
837 2174 878 2205 de
896 2173 1033 2213 Campa·
1054 2182 1057 2201 ι

176 2232 240 2270 nia,
263 2232 321 2263 ubi
343 2230 463 2263 Caesar
483 2230 648 2262 veteranis
671 2229 738 2259 suis
761 2237 857 2269 agros
890 2227 1034 2258 dederat.

176 2288 282 2328 Regio
304 2287 367 2318 sita
388 2287 430 2317 ad
451 2287 602 2317 dextram
624 2284 677 2315 vel
704 2283 870 2314 sinistram
893 2282 1034 2312 alicuius

178 2341 242 2372 loci
263 2344 389 2382 poterat
410 2339 475 2370 dici
496 2339 530 2368 in
553 2338 656 2368 latere
677 2346 757 2368 esse.

219 2393 428 2442 Εὐρίπιστα,
452 2391 588 2424 mobilia
606 2396 638 2423 et
651 2391 785 2422 incerta.
807 2388 939 2418 Nomen
952 2386 1034 2416 Tur-

179 2453 283 2485 nebus
296 2452 423 2484 derivat
437 2451 479 2481 ab
497 2443 532 2482 εὖ
556 2454 588 2481 et
608 2445 749 2493 ῥιπίζω,
773 2446 915 2476 Advers.
933 2443 1035 2474 XHI.

181 2514 208 2543 5.
232 2511 417 2552 Aliquanto
439 2508 559 2539 melius
581 2512 670 2548 puto,
695 2505 782 2546 quod
805 2503 892 2534 mihi
915 2501 1035 2532 obtulit

180 2560 440 2602 Peerlkampius,
451 2559 627 2600 quaresunt
640 2553 911 2597 εὐαναρρὶπιστα
932 2551 1035 2582 onmia
1059 2575 1061 2595 ,ἵ

181 2631 213 2652 0:
237 2629 337 2662 quare
358 2618 455 2649 facile
476 2615 587 2647 omnia
612 2614 703 2646 velut
725 2612 812 2653 ignis
822 2611 955 2652 sopitus,
968 2619 1036 2640 non
1060 2601 1061 2645 J

182 2674 373 2710 exstinctus,
395 2680 507 2702 rursus
530 2667 679 2699 suscitari
692 2671 839 2708 possunt,
853 2664 1036 2703 incedoque

182 2738 239 2768 per
261 2728 355 2768 ignes
378 2724 560 2766 suppositos
582 2721 684 2753 cineri
708 2720 832 2751 doloso.

229 2781 340 2812 Verum
361 2780 454 2811 etiam
477 2780 493 2816 †
515 2777 636 2817 vaqisse
657 2773 817 2806 debebant.
839 2772 941 2804 Bosio
962 2781 1038 2812 pro·
1060 2786 1062 2788 ·

184 2835 275 2866 bauti
305 2832 449 2866 Manutii
477 2830 713 2862 correctionem
752 2827 824 2868 vayz'
855 2835 923 2856 esse
951 2829 1038 2856 recte
1060 2840 1063 2867 ,¹

184 2887 320 2929 opponit
341 2884 499 2917 Graevius
520 2893 630 2923 vayum
653 2882 687 2912 in
710 2881 833 2912 malam
851 2883 976 2920 partem
990 2887 1039 2907 ac·
1060 2873 1063 2919 j

184 2942 249 2983 cipi
270 2946 302 2973 et
324 2941 437 2981 inepte
455 2937 577 2979 opponi
606 2935 763 2968 custodiis
792 2938 913 2974 saepto.
961 2931 1038 2962 Non

185 2996 294 3027 minus
308 2999 396 3026 recte
409 2990 618 3034 impugnavit
634 2989 779 3021 Orellius
793 2987 929 3018 alteram
940 2976 1039 3025 scrip-¹

184 3054 300 3086 turam,
337 3047 371 3078 in
401 3045 494 3077 codd.
523 3048 558 3074 ut
591 3043 686 3073 aiunt
718 3041 897 3076 inventam,
935 3036 1041 3078 maqm'

186 3113 262 3134 esse.
291 3102 379 3133 Nam
401 3109 486 3141 quae
509 3103 558 3130 est
580 3098 638 3129 illa
669 3095 829 3138 oppositio
859 3104 920 3125 non
951 3092 1040 3124 modo

186 3154 297 3196 saepli,
321 3164 422 3184 verum
447 3152 540 3182 eliam
554 3150 657 3190 maym'
667 3150 686 3178 ,Ρ
711 3149 809 3187 Quod
825 3146 885 3187 ipsi
900 3146 932 3176 in
946 3155 1038 3175 inen-

1073 1847 1173 1878 finxit
1194 1846 1315 1878 Bosius
1338 1846 1460 1875 tantum
1484 1853 1555 1880 non,
1578 1851 1686 1883 neque
1709 1841 1820 1872 addita
1833 1851 1930 1882 nega-

1074 1902 1164 1932 tione
1186 1911 1247 1931 non
1270 1901 1389 1930 tantum
1413 1908 1474 1928 non
1489 1895 1629 1934 laudari,
1645 1896 1724 1927 satis
1736 1896 1831 1927 docet
1841 1896 1931 1937 quod

1076 1955 1110 1986 in
1133 1963 1181 1995 ep.
1205 1962 1272 1993 seq.
1293 1951 1434 1992 legimus
1469 1945 1754 1995 τυραννοκτόνους
1787 1948 1821 1978 z'n
1843 1948 1931 1980 caelo

1076 2019 1144 2040 esse
1165 2019 1198 2039 οι
1225 2007 1362 2039 summis
1385 2006 1674 2039 laudibusornari.
1704 2005 1763 2036 Illi
1777 2015 1853 2036 vero
1864 2005 1931 2036 lau-

1077 2064 1240 2094 dabantur
1261 2067 1293 2093 et
1315 2061 1358 2092 ob
1380 2061 1507 2092 facinus
1526 2060 1629 2100 vulgo
1652 2059 1857 2096 amabantur,
1875 2059 1933 2090 sed

1079 2117 1269 2148 metuebant
1298 2121 1408 2146 tamen
1437 2114 1582 2151 insidias,
1606 2113 1745 2153 ideoque
1774 2112 1808 2143 in
1833 2112 1938 2152 publi-

1083 2184 1159 2205 cum
1185 2173 1316 2214 prodire
1339 2181 1405 2202 non
1429 2171 1606 2202 audebant.

1127 2228 1229 2268 quue
1253 2226 1304 2255 z'llz'
1326 2243 1367 2248 -
1389 2225 1474 2255 beati
1487 2235 1519 2255 o:
1544 2230 1577 2255 et
1600 2224 1650 2255 illi
1673 2233 1762 2262 sane,
1780 2223 1940 2264 quidquid

1082 2282 1123 2312 iis
1145 2280 1308 2317 acciderit,
1345 2280 1430 2310 beati
1460 2279 1591 2309 dicendi
1621 2283 1699 2310 sunt
1727 2278 1770 2308 ob
1800 2277 1941 2319 gloriam

1082 2333 1170 2364 facti.
1195 2333 1296 2374 Atque
1318 2342 1336 2363 e
1358 2332 1446 2363 Med.
1471 2331 1601 2372 reposui
1630 2341 1690 2372 pro
1722 2331 1821 2372 atqui,
1854 2331 1941 2371 quod

1082 2387 1182 2418 Bosio
1207 2387 1354 2417 debetur.
1391 2385 1440 2417 Cf.
1466 2384 1596 2425 Zumpt.
1626 2385 1666 2414 ad
1697 2383 1793 2415 Verr.
1815 2393 1846 2424 p.
1870 2382 1941 2414 221.

1081 2441 1181 2472 Hand
1217 2441 1314 2471 Tui-s.
1337 2441 1364 2471 Ι,
1391 2450 1420 2480 p.
1444 2439 1517 2469 496.

1124 2496 1142 2535 ξ
1166 2497 1194 2526 3.
1222 2494 1307 2535 Quid
1325 2494 1480 2525 adventus
1499 2492 1637 2524 Octavii.
1663 2493 1797 2524 Malim:
1821 2493 1874 2535 qui
1886 2493 1941 2524 ad-

1084 2552 1192 2580 ventus
1219 2548 1519 2585 Oci.—Octavius,
1545 2547 1603 2589 qui
1618 2552 1813 2579 testamento
1831 2547 1942 2578 aCae·

1083 2613 1156 2634 sare
1181 2604 1352 2643 adoptat-us
1387 2602 1422 2634 C.
1446 2602 1554 2633 Iulius
1587 2600 1708 2632 Caesar
1741 2600 1941 2633 Octavianus

1059 2653 1061 2689 ¹,
1083 2658 1192 2689 dictus
1215 2662 1263 2688 est
1287 2657 1365 2695 (Dio
1389 2656 1518 2687 XLVI.
1541 2655 1607 2694 47),
1639 2655 1757 2686 nuntio
1779 2655 1820 2686 de
1843 2655 1941 2686 caede

1085 2713 1217 2744 maioris
1234 2712 1393 2743 avunculi
1413 2714 1423 2736 Ι
1429 2711 1521 2743 Suet.
1538 2709 1609 2742 Oct.
1627 2709 1660 2749 7)
1678 2715 1821 2751 accepto,
1839 2710 1941 2750 Apol-

1084 2765 1184 2802 lonia,
1208 2765 1264 2795 ubi
1280 2765 1395 2796 studiis
1409 2764 1554 2799 vacabat,
1569 2763 1685 2793 urbem
1697 2763 1836 2804 repetiit.
1849 2761 1940 2793 Suet.

1062 2822 1063 2825 ’
1084 2818 1156 2851 Oct.
1180 2819 1207 2849 8.
