2062 3565
101 601 115 625 ὃ

82 970 115 995 10

82 1333 114 1359 15

139 135 222 199 2576
542 155 619 196 ei).
656 155 730 196 An
763 154 809 194 T.
844 150 1194 194 POMPONIUM
1228 148 1492 192 ArrrctM.

136 293 297 351 publica
340 291 533 347 quaedam
577 305 670 332 sane
703 289 887 345 pessima.
922 290 959 329 A
991 292 1031 328 te
1065 287 1218 328 scilicet
1251 286 1374 338 nihil;
1407 301 1525 328 nemo
1558 287 1663 328 enim
1699 299 1892 327 meorum.

136 367 213 409 Sed
246 367 416 408 Brutum
450 370 631 406 nostrum
665 361 784 404 audio
818 361 948 403 visum
981 360 1055 402 sub
1088 360 1286 401 Lanuvio.
1320 359 1403 401 Ubi
1435 360 1598 401 tandem
1621 365 1682 402 est
1705 358 1894 400 futurus?

136 441 241 482 Nam
276 453 399 493 quum
432 437 599 492 reliqua,
633 443 720 476 tum
753 435 802 476 de
835 434 911 475 hoc.
944 433 1044 474 scire
1068 448 1164 474 aveo
1187 433 1335 474 omnia.
1368 433 1456 488 Ego
1479 448 1500 474 e
1523 433 1736 474 Formiano
1759 431 1895 472 exiens

134 526 245 554 xvir.
278 510 387 562 Kal„
421 516 468 552 ut
499 509 593 551 inde
627 508 749 550 altero
782 507 847 548 die
879 507 923 548 in
947 506 1228 557 Puteolanum,
1253 506 1394 562 scripsi
1417 506 1530 547 haec.
1567 509 1608 547 2.
1643 510 1679 547 A
1703 504 1895 546 Cicerone

132 585 232 627 mihi
272 585 410 626 literae
451 597 544 624 sane
588 580 929 639 πεπινωμέναι
963 587 1002 621 et
1035 579 1136 621 bene
1168 580 1326 634 longae.
1360 580 1503 622 Cetera
1536 585 1670 622 autem
1704 579 1766 619 vel
1798 577 1897 632 fingi

135 666 317 715 possunt:
364 661 509 707 πῖνος
542 656 746 697 literarum
780 655 980 710 significat
1013 653 1246 695 doctiorem.
1313 654 1436 695 Nunc
1470 668 1615 709 magno
1651 667 1768 708 opere
1802 666 1824 692 a
1857 656 1897 691 te

132 738 237 789 peto,
278 732 326 773 de
367 745 445 786 quo
479 744 568 771 sum
599 744 727 784 nuper
759 734 894 770 tecum
925 728 1099 779 locutus,
1134 734 1182 769 ut
1216 727 1351 769 videas
1383 743 1434 769 ne
1468 727 1565 783 quid
1598 727 1636 769 ei
1670 726 1791 767 desit.
1847 723 1897 766 Id

131 821 253 862 quum
288 805 338 847 ad
369 803 543 845 officium
576 807 759 844 nostrum
793 802 977 857 pertinet,
1011 808 1099 843 tum
1122 800 1172 842 ad
1195 801 1534 842 existimationem
1555 806 1595 841 et
1618 799 1862 854 dignitatem
1881 815 1893 848 ;

132 879 238 934 quod
271 878 378 920 idem
410 876 591 918 intellexi
622 874 700 917 tibi
733 874 874 916 videri.
909 874 1100 925 Omnino,
1136 874 1170 915 si
1203 889 1290 929 ego,
1326 880 1372 915 ut
1405 874 1508 923 volo,
1543 888 1678 915 mense
1722 870 1899 924 Quintili

131 954 175 995 in
216 952 440 1002 Graeciam,
483 955 579 992 sunt
611 949 759 990 omnia.
777 948 971 990 faciliora.
1028 947 1106 989 Sed
1140 962 1264 1002 quum
1299 947 1380 988 sint
1413 962 1459 988 ea
1489 951 1684 1002 tempora,
1719 951 1766 987 ut
1799 944 1897 986 certi

132 1026 234 1069 nihil
282 1040 366 1068 esse
411 1024 550 1080 possit,
595 1022 692 1078 quid
736 1021 950 1063 honestum
993 1021 1095 1062 mihi
1140 1021 1206 1071 sit,
1251 1020 1349 1076 quid
1393 1020 1527 1070 liceat,
1562 1018 1660 1075 quid
1694 1017 1897 1074 expediat,

133 1115 279 1155 quaeso
320 1099 370 1140 (la
411 1112 584 1153 operam,
617 1104 663 1137 ut
695 1095 809 1137 illum
845 1109 963 1149 quam
997 1094 1277 1135 honestissime
1311 1093 1665 1149 copiosissimeque
1698 1099 1898 1134 tueamur.

132 1173 244 1215 Haec
289 1178 330 1214 et
369 1178 512 1222 cetera,
557 1186 658 1226 quae
693 1170 743 1211 ad
775 1185 848 1211 nos
882 1168 1159 1224 pertinebunt,
1196 1178 1239 1208 ut
1273 1168 1388 1219 soles,
1424 1166 1637 1222 cogitabis,
1672 1166 1722 1208 ad
1756 1181 1899 1221 meque

132 1252 203 1288 aut
245 1245 351 1302 quod
395 1244 445 1286 ad
486 1259 568 1286 rem
610 1244 821 1300 pertineat,
868 1248 952 1293 aut,
987 1242 1021 1283 si
1053 1241 1156 1283 nihil
1189 1242 1278 1292 erit,
1314 1240 1420 1296 quod
1453 1241 1496 1282 in
1530 1240 1697 1282 buccam
1732 1239 1898 1290 venerit,

134 1318 297 1361 scribes.

176 1481 191 1511 1
210 1479 339 1520 publica
360 1482 377 1514 †
401 1478 544 1521 [aliqua]
568 1478 721 1520 quaedam
748 1495 787 1499 —

134 1626 209 1648 cum
231 1622 411 1648 correctore
434 1616 511 1647 libri
539 1615 628 1647 Med.
660 1614 790 1645 Caietae
820 1613 992 1644 scribatur.
1088 1609 1227 1647 Omnino,
1250 1609 1279 1640 si
1301 1619 1366 1650 eqo,
1389 1611 1422 1639 ut
1447 1608 1524 1646 volo,
1558 1617 1660 1639 mense
1686 1606 1721 1647 Q.
1743 1606 1777 1637 in
1801 1605 1901 1637 Grae-

177 1670 226 1700 De
242 1669 415 1710 republica
438 1668 602 1711 quaedam.
628 1668 667 1698 In
692 1668 782 1699 Med.
803 1666 855 1697 his
880 1665 992 1696 inseri-
1040 1664 1129 1700 ciam,
1153 1664 1225 1693 sunt
1247 1661 1351 1692 munia
1364 1660 1537 1702 faciliora.
1581 1660 1632 1691 Ita
1655 1660 1754 1691 verba
1782 1659 1901 1690 misere

138 1729 189 1754 tur
211 1722 329 1764 aliqua,
352 1722 440 1763 quod
463 1721 569 1758 omisi,
600 1720 759 1761 quoniam
780 1717 993 1749 manifestum
1018 1722 1019 1730 ¹
1041 1717 1082 1747 ab
1106 1715 1286 1747 editoribus
1310 1720 1430 1746 vexata
1451 1719 1483 1745 et
1506 1723 1606 1754 prava
1620 1711 1830 1744 distinctione
1844 1711 1900 1742 ob-

136 1783 185 1809 est
206 1777 332 1809 librarii
362 1777 531 1813 mendum,
571 1775 628 1816 qui
661 1784 719 1816 pro
746 1774 786 1805 cle
815 1784 849 1804 re
867 1772 992 1812 publica
1041 1779 1169 1801 scurata
1181 1769 1314 1810 egregie
1330 1768 1474 1799 correxit
1489 1765 1898 1807 WesenbergiusEmend.

136 1831 264 1872 scripsit
285 1829 323 1861 de
345 1839 407 1870 rep.
430 1828 548 1870 aliqua.
583 1827 721 1858 Frustra
743 1826 892 1857 Kochius
915 1835 989 1855 con·
1041 1835 1072 1865 p.
1096 1824 1145 1862 95,
1170 1833 1237 1853 una
1260 1823 1355 1854 litera
1377 1827 1501 1853 mutata
1523 1821 1557 1851 in
1581 1820 1740 1861 scriptura
1761 1819 1833 1850 cod.
1861 1818 1897 1856 Z,

138 1884 228 1915 iecit:
252 1882 291 1914 de
312 1893 376 1924 rep.
399 1881 510 1913 attulit
531 1880 692 1922 quaedam.
1042 1879 1075 1909 in
1109 1888 1173 1919 quo
1196 1884 1265 1908 erat
1287 1877 1315 1907 sz'
1337 1887 1392 1917 eqo
1413 1877 1465 1914 ‘’st,
1493 1875 1580 1907 unde
1608 1875 1643 1905 in
1666 1874 1754 1905 Med.
1777 1873 1806 1903 si
1827 1882 1900 1914 erqo

179 1936 273 1967 Nemo
296 1935 374 1966 enim
398 1945 530 1966 meorum
554 1933 659 1966 Roma
679 1933 744 1964 huc
766 1932 869 1964 venit.
1041 1934 1100 1963 est.
1130 1931 1295 1972 Frugibus
1319 1930 1462 1962 inventis
1485 1929 1542 1971 qui
1565 1936 1674 1960 tamen
1697 1927 1793 1959 malit
1811 1926 1900 1958 vesci

179 1991 197 2030 ξ
221 1990 249 2020 2.
272 1986 508 2033 Πεπινωμέναι
539 2001 588 2008 -·
615 1987 727 2024 πῖνος.
759 1984 811 2018 Cf.
846 1985 887 2016 ad
910 1984 992 2025 XII.
1018 2003 1019 2006 =
1041 1987 1226 2027 glandibus,
1253 1986 1341 2026 legat
1364 1994 1448 2026 quae
1481 1985 1523 2015 de
1551 1984 1603 2015 his
1632 1982 1742 2015 verbis
1771 1981 1900 2022 scripsit

137 2048 167 2086 6,
190 2049 209 2077 4
232 2054 261 2078 ct
285 2046 365 2077 XV.
390 2047 428 2078 16
451 2056 471 2075 α
494 2052 526 2077 et
549 2044 598 2082 17,
623 2044 652 2074 2.
1041 2042 1201 2079 Moserus,
1225 2040 1340 2081 Symb.
1366 2039 1445 2071 Crit.
1469 2034 1586 2079 wip.
1609 2038 1628 2069 8
1650 2048 1697 2078 sq.

730 2173 853 2215 VIII.
919 2173 984 2225 (A.
1026 2172 1071 2213 U.
1108 2173 1150 2213 e.
1188 2172 1304 2225 710.)

204 2306 241 2345 l.
273 2304 336 2345 Tu
380 2318 441 2344 me
479 2303 560 2344 iam
602 2300 753 2352 rebare,
796 2315 920 2354 qumn
963 2298 1178 2349 scribebas,
1224 2299 1266 2339 in
1301 2298 1400 2339 actis
1435 2312 1518 2337 esse
1553 2295 1713 2344 nostris,
1748 2300 1788 2335 et
1820 2307 1895 2347 ego

137 2378 272 2433 accepi
306 2390 417 2419 xvn.
450 2376 543 2418 Kal.
577 2376 620 2417 in
654 2373 918 2416 deversoriolo
953 2373 1196 2415 Sinuessano
1219 2378 1309 2413 tuas
1334 2372 1483 2412 literas.
1519 2370 1578 2411 De
1604 2370 1735 2411 Mario
1759 2366 1896 2424 probe,

136 2453 211 2494 etsi
251 2451 365 2493 doleo
422 2450 470 2492 L.
519 2449 650 2491 Crassi
673 2456 884 2503 nepotem.
938 2447 1099 2502 Optime
1133 2453 1213 2487 tam
1250 2446 1370 2487 etiam
1406 2446 1532 2486 Bruto
1566 2450 1702 2485 nostro
1737 2440 1895 2498 probari

177 2610 197 2641 2
219 2608 357 2644 nostrin
380 2608 415 2638 at
436 2616 491 2648 eqo
515 2623 554 2629 —

178 2753 197 2792 ξ
221 2752 249 2782 1.
272 2749 312 2780 In
333 2749 415 2780 actis
434 2759 470 2780 o:
494 2748 528 2779 in
552 2747 662 2788 aliquo
685 2746 818 2787 praedio
843 2745 884 2776 ad
901 2755 991 2777 mare
1013 2744 1016 2788 Ι
1038 2746 1100 2777 hoe
1126 2755 1186 2776 usu
1211 2745 1321 2786 plures
1344 2750 1543 2776 monuerunt
1563 2742 1685 2772 laudati
1720 2742 1752 2772 in
1783 2741 1892 2771 adnot.

136 2807 208 2844 sito,
231 2805 417 2837 Puteolano
438 2803 492 2834 vel
523 2802 686 2834 Cumano.
723 2801 834 2831 Aetam
857 2800 991 2831 Servius
1013 2797 1015 2818 ⁵
1039 2799 1192 2830 Kuhneri
1213 2799 1254 2829 ad
1276 2798 1374 2828 Tusc.
1396 2798 1422 2827 Ι.
1450 2797 1479 2827 6.

136 2861 177 2891 ad
199 2861 286 2891 Aen.
305 2859 349 2889 V.
365 2858 425 2889 613
437 2856 669 2897 interpretatur
680 2856 801 2885 secreta
819 2856 849 2883 et
860 2863 990 2883 amoena
1079 2851 1149 2882 Etsi
1171 2851 1260 2883 doleo
1283 2851 1316 2882 L.
1347 2850 1455 2882 Crassi
1470 2851 1620 2890 nepotem.
1643 2848 1750 2878 Verus
1767 2846 1894 2878 Marius

135 2913 271 2943 litorum.
293 2911 430 2952 Saepius
453 2919 522 2940 voc.
547 2907 690 2939 Graecae
712 2906 851 2946 originis
877 2915 990 2946 posue·
1038 2912 1106 2937 erat
1136 2906 1174 2937 L.
1206 2906 1325 2942 Crassi,
1350 2905 1463 2944 magni
1493 2903 1641 2940 oratoris,
1670 2911 1782 2942 nepos.
1814 2900 1892 2931 Vid.

136 2974 212 2998 runt
233 2966 406 3007 scriptores
425 2963 547 2994 Latini.
572 2962 649 2993 Vid.
668 2962 740 2992 intt.
757 2960 798 2991 ad
815 2959 881 2991 Cic.
897 2959 989 2990 Fam.
1037 2960 1120 2991 ΧΠ.
1143 2960 1194 2990 49.
1216 2960 1347 2990 Ironice
1370 2968 1458 2989 nunc
1476 2957 1566 2998 loqui
1583 2956 1733 2987 Tullium
1749 2960 1893 2995 apparet.

135 3021 198 3053 IX.
221 3024 250 3059 6,
272 3022 302 3052 4.
1082 3013 1201 3055 Optime
1225 3016 1288 3044 tam
1311 3013 1405 3044 etiam
1431 3017 1491 3044 cet.
1517 3011 1591 3042 Tam
1613 3016 1662 3042 est
1676 3014 1894 3050 :tantopere

180 3075 223 3105 Tu
246 3093 287 3099 —
308 3073 427 3110 rebare,
450 3073 481 3102 et
503 3081 557 3112 eqo
578 3069 694 3110 accepi.
730 3068 821 3100 Male
843 3069 874 3098 et
898 3067 932 3097 in
955 3070 990 3097 at
1038 3074 1070 3098 et
1092 3077 1168 3098 cum
1189 3076 1221 3097 v.
1236 3065 1369 3106 probari
1392 3071 1440 3097 est
1461 3064 1677 3104 iungendum.
1721 3062 1798 3093 Non
1822 3061 1894 3092 sine

135 3133 288 3159 mutatur.
327 3126 432 3166 Saepe
453 3123 573 3164 copula
593 3123 842 3162 coniunguntur
863 3126 989 3150 contra-
1037 3121 1179 3160 quadani
1201 3119 1235 3150 vi
1258 3118 1352 3149 initio
1377 3117 1559 3149 sententiae
1576 3116 1721 3157 positum
1750 3115 1892 3145 videtur.

137 3182 192 3217 ria,
215 3187 251 3211 ut
276 3182 306 3209 el
330 3189 386 3220 per
407 3180 438 3207 e!
462 3179 563 3206 tamen
595 3175 752 3215 explicari
784 3173 895 3214 possit.
940 3172 989 3203 De
1010 3210 1012 3213 .
1037 3171 1187 3202 Moserus
1209 3170 1322 3210 Symb.
1347 3169 1427 3202 Crit.
1451 3169 1549 3200 VIII.
1573 3179 1604 3209 p.
1628 3167 1666 3198 13
1689 3169 1751 3198 tam
1767 3176 1888 3207 -pro-

2047 3255 2062 3358 ἑ

2044 3495 2062 3565 rau-⁴
