2062 3565
149 124 234 165 322

546 122 630 164 ΕΡ.
664 121 740 161 AD
772 120 819 160 T.
853 115 1205 160 POMPONIUM
1239 114 1505 157 ATTICUM.

148 259 273 315 prius.
327 258 534 300 Assentior
581 256 673 307 tibi,
717 260 764 296 ut
806 269 880 296 nec
922 253 1044 295 duces
1085 253 1211 294 simus
1259 266 1334 293 nec
1366 265 1509 305 agmen
1543 264 1747 304 cogamus,
1781 247 1910 289 favea-

151 347 240 373 mus
282 336 431 372 tamen.
481 330 715 371 Orationem
758 327 835 369 tibi
879 327 984 369 misi.
1028 327 1128 368 Eius
1170 323 1457 367 custodiendae
1490 328 1530 365 et
1560 321 1819 379 proferendae
1851 335 1911 363 ar-

154 405 320 446 bitrium
352 409 483 445 tuum.
519 403 598 445 Sed
632 402 794 458 quando
827 402 942 443 illum
975 400 1097 451 diem,
1132 414 1257 454 quum
1289 403 1336 439 tu
1368 396 1564 439 edendam
1596 396 1740 452 putes?
1775 397 1816 435 2.
1843 394 1911 436 In-

150 479 300 528 ducias,
336 492 434 532 quas
458 476 614 527 scribis,
639 469 721 517 non
743 475 927 529 intelligo
949 474 1035 514 fieri
1058 487 1187 529 posse.
1221 471 1366 514 Melior
1389 475 1450 511 est
1471 466 1910 524 α’ναντιφωνησία,

117 563 131 587 5
150 566 229 605 qua
278 566 339 591 me
383 564 552 590 usurum
598 547 783 590 arbitror.
838 546 959 599 Quod
1009 545 1150 587 scribis
1198 545 1376 599 legiones
1419 542 1518 584 duas
1551 541 1816 584 Brundisium
1849 556 1913 582 ve-

150 625 269 673 nisse,
314 638 383 664 vos
427 624 562 665 omnia
611 623 738 678 prius.
794 620 953 663 Scribes
996 620 1122 675 igitur
1170 618 1368 674 quidquid
1412 617 1599 659 audieris.
1645 618 1688 657 3.
1722 615 1913 656 Varronis

150 693 390 754 διάλογον
423 700 624 752 exspecto.
658 695 746 737 Iam
769 694 895 750 probo
916 686 1308 752 ςΗριὶεκλειδεῖον,
1332 691 1565 748 praesertim
1589 703 1713 745 quum
1730 692 1778 730 tu
1798 692 1914 729 tanto

150 786 265 826 opere
309 770 520 820 delectere,
565 769 633 810 sed
678 768 794 824 quale
835 768 933 809 velis
978 767 1097 808 velim
1131 766 1244 808 scire.
1295 764 1415 817 Quod
1449 764 1500 805 ad
1532 769 1573 805 te
1607 767 1761 805 antea
1794 766 1914 817 atque

149 844 246 886 adeo
288 844 437 899 prius
481 844 622 899 scripsi
665 868 721 873 ———
768 843 825 884 sic
873 842 981 883 enim
1012 840 1139 882 mavis
1175 864 1231 869 -—
1266 838 1317 879 ad
1361 837 1634 888 scribendum,
1669 836 1695 880 †
1714 835 1790 878 tibi
1823 851 1914 878 vere

96 929 131 955 10
148 918 292 968 dicere,
338 917 470 958 fecisti
518 933 580 958 me
624 918 829 958 acriorem.
880 915 944 957 Ad
982 920 1100 956 tuum
1143 914 1248 955 enim
1294 912 1507 962 iudicium,
1553 911 1661 966 quod
1695 910 1797 952 mihi
1829 915 1915 952 erat

149 996 305 1041 notum,
340 990 535 1032 addidisti
569 990 771 1032 Peducaei
804 989 1100 1038 auctoritatem,
1135 1001 1322 1041 magnam
1357 984 1520 1040 quidem
1554 983 1661 1039 apud
1694 999 1757 1025 me
1780 987 1821 1026 et
1840 983 1915 1025 im-

149 1065 286 1120 primis
328 1080 503 1120 gravem.
561 1064 704 1106 Enitar
753 1064 892 1119 igitur,
935 1078 984 1104 ne
1030 1061 1231 1104 desideres
1275 1064 1346 1101 aut
1395 1058 1638 1100 industriam
1682 1073 1811 1100 meam
1844 1061 1916 1099 aut

147 1266 326 1307 reliquerit,
350 1276 417 1297 non
441 1270 584 1301 constat3
609 1265 667 1296 sed
690 1264 878 1295 Antonium
901 1263 1009 1294 vitans

148 1330 260 1352 mense
284 1319 419 1352 Octobri
443 1330 477 1351 se
500 1319 644 1351 contulit
666 1320 700 1350 in
721 1317 936 1359 Campaniam
960 1315 1009 1348 Cf.

148 1374 236 1404 Phil.
259 1374 286 1404 Ι.
311 1375 339 1410 5,
365 1374 407 1404 V.
432 1373 460 1405 7.
484 1372 652 1404 Plutarch.
676 1372 710 1402 in
736 1371 793 1403 Cic
825 1372 875 1408 43,
890 1370 1011 1411 aliique

150 1428 223 1465 loci,
257 1428 378 1469 quibus
401 1428 579 1468 diligenter
600 1437 678 1458 115115
702 1432 750 1458 est
771 1425 944 1456 Fabricius
977 1424 1011 1455 in

149 1481 246 1512 rebus
270 1480 441 1512 Ciceronis
463 1481 562 1511 huius
579 1480 657 1511 anni
671 1479 861 1511 enarrandis
877 1477 1013 1514 (Onom.

149 1535 241 1566 Tull.
266 1535 294 1566 Ι.
317 1545 347 1576 p.
373 1535 412 1568 97
435 1545 471 1575 sq
487 1537 510 1575 ).
540 1535 638 1565 Hanc
660 1540 771 1565 autem
793 1533 966 1574 epistolam
979 1532 1013 1563 in

150 1588 327 1619 Puteolano
351 1589 506 1629 scriptam
530 1598 611 1626 esse,
635 1588 723 1619 unde
746 1588 780 1618 in
795 1586 1015 1627 Pompeianum

150 1642 346 1683 properabat
371 1643 406 1683 (ξ
419 1642 462 1679 6³,
487 1641 664 1672 admodum
682 1640 863 1681 probabilis
876 1645 925 1670 est
937 1649 1014 1670 con-

155 1695 280 1726 iectura
302 1694 455 1726 Gruberi.

199 1750 237 1781 Ut
262 1760 318 1781 nec
336 1750 431 1781 duces
454 1749 549 1780 simus
579 1760 637 1780 nee
671 1760 779 1791 cymen
816 1757 959 1789 coyamus
982 1756 1016 1777 o:

152 1810 190 1836 ut
213 1814 274 1836 nec
296 1804 394 1845 primi
417 1804 520 1835 simus
544 1813 605 1835 nec
628 1803 738 1834 ultimi
771 1803 804 1833 in
829 1802 926 1833 Bruti
948 1811 1018 1842 par-

154 1858 243 1889 tibus
276 1857 501 1894 defendendis,
532 1856 741 1897 Antoniique
775 1854 1017 1896 oppugnandis.

155 1911 384 1951 Metaphoram
407 1910 586 1951 desumpsit
609 1920 628 1940 a
650 1919 684 1940 re
709 1908 856 1945 militari,
891 1908 926 1938 in
958 1916 1022 1947 qua

157 1976 264 2006 aymen
289 1975 395 2007 coqere
419 1966 558 1997 eandem
585 1965 653 1996 vim
670 1964 771 1995 habet
785 1964 872 2004 apud
886 1963 1022 1993 Livium

158 2018 332 2051 XXXIV.
357 2018 396 2049 28
421 2023 452 2049 et
474 2018 605 2058 saepius
620 2024 721 2058 atque
738 2027 850 2058 cymen
863 2015 1022 2052 claudere,

160 2082 227 2113 quo
252 2072 354 2101 utitur
378 2073 499 2102 Caesar
522 2071 562 2102 B.
587 2070 626 2102 G.
649 2071 676 2101 I.
708 2070 759 2101 25.
792 2069 869 2100 Non
903 2068 1022 2099 mirum

161 2129 270 2155 autem
294 2124 328 2155 in
353 2134 540 2155 sermonem
563 2124 723 2154 Latinum
746 2123 869 2153 multas
889 2121 1025 2152 locutio-

162 2187 220 2209 nes
258 2184 405 2218 receptas
440 2187 509 2209 esse
541 2187 559 2208 a
594 2186 629 2208 re
662 2176 799 2207 militari
827 2176 1015 2215 desumptas

163 2231 248 2262 Utar
271 2230 332 2261 hac
364 2232 545 2268 occasione,
577 2238 615 2261 ut
644 2229 807 2269 exempla,
839 2237 922 2268 quae
954 2227 1025 2257 sub-

165 2284 243 2315 inde
268 2284 391 2321 notavi,
415 2293 623 2324 componam.
647 2282 824 2313 Terentius
848 2281 882 2311 in
899 2280 966 2311 Ad.
983 2279 1026 2310 V.

166 2340 194 2376 8,
218 2340 256 2369 35
280 2336 360 2369 facit
382 2337 543 2368 Demeam
566 2336 751 2366 dicentem:
776 2344 831 2364 suo
846 2333 905 2364 sibi
916 2332 1027 2374 yladz'o

167 2394 249 2425 hunc
271 2392 388 2434 iuyulo,
422 2397 460 2422 ut
482 2390 623 2422 Plautus
657 2390 691 2420 in
715 2388 840 2429 Amph.
865 2388 892 2418 Ι.
917 2388 944 2425 1,
969 2388 1027 2417 113

167 2448 314 2479 dixerat:
338 2446 420 2476 hunc
442 2444 504 2474 telo
526 2453 581 2474 suo
603 2443 663 2473 sibi
687 2461 726 2465 —
742 2442 874 2482 pellere.
905 2442 971 2472 Hic
994 2442 1028 2471 in

168 2501 269 2532 Most.
291 2499 357 2531 III.
381 2499 410 2536 1,
433 2498 474 2528 40
492 2497 590 2538 pilum
613 2495 752 2526 iniecisti
784 2494 859 2525 mihi
887 2505 947 2535 pro
976 2503 1029 2525 me

171 2554 383 2596 impedivisti‚
405 2552 463 2583 1118
486 2552 521 2582 111
544 2551 667 2581 Heaut.
691 2550 755 2580 IV.
778 2550 806 2587 2,
830 2550 849 2579 2
870 2549 903 2579 in.
934 2559 1030 2590 anqu—

171 2611 252 2639 stum
269 2616 406 2637 —meae
428 2606 580 2646 coquntur
602 2603 709 2643 copiae
732 2608 765 2634 et
788 2613 819 2633 v.
835 2604 852 2633 5
865 2602 1033 2642 triumpho,

173 2662 201 2692 si
223 2661 298 2692 licet
320 2670 367 2691 me
388 2659 490 2689 latere
512 2659 594 2688 tecto
616 2655 793 2687 abscedere.
816 2655 915 2694 Quod
927 2655 1031 2696 Syrus

176 2717 209 2747 in
248 2724 345 2747 versu
378 2712 466 2744 laud.
516 2711 581 2742 Ad.
619 2710 716 2741 dicit:
762 2709 922 2740 Factumst
952 2709 1034 2751 quod

176 2768 298 2800 iussisti
346 2775 416 2798 esse
458 2763 634 2794 formulam
676 2762 854 2794 militarem
896 2767 1034 2794 testatur

176 2825 255 2855 Tac.
277 2823 370 2854 Ann.
393 2821 421 2852 Ι.
445 2820 463 2850 6
486 2823 518 2850 et
540 2817 631 2849 Suet.
654 2818 730 2849 Tib.
753 2818 804 2849 22.
825 2819 883 2849 Ad
905 2817 1033 2850 Cicero-

176 2888 254 2910 nem
288 2877 396 2909 venio.
430 2875 471 2906 In
505 2878 586 2904 orat.
613 2883 644 2913 p.
668 2871 764 2903 0888.
792 2872 849 2903 82:
884 2875 939 2902 aut
970 2875 1033 2910 tuo,

177 2930 429 2973 quemadmodum
459 2927 589 2964 dicitur,
615 2926 726 2967 yladio
754 2928 810 2957 aut
845 2928 951 2956 nostro
983 2926 1034 2957 de-

170 2988 282 3030 fensio
303 2989 359 3018 tua
381 2983 563 3026 conficiatur
587 2991 711 3012 necesse
739 2984 785 3012 est
797 2995 807 3018 ,·
831 2981 909 3012 ibid.
939 2982 979 3012 83
1001 2982 1033 3012 z'n

182 3042 254 3073 meis
277 3039 392 3072 castris
407 3035 638 3080 praesidiisque
659 3034 806 3072 versaris,
829 3044 968 3075 quocum
992 3035 1028 3065 cf

179 3097 251 3128 Att.
273 3095 301 3126 I.
324 3094 374 3131 20,
396 3091 425 3130 2;
447 3090 526 3122 ibid.
549 3089 590 3120 84
609 3088 643 3119 in
665 3088 706 3119 iis
726 3087 804 3129 ipsis
825 3087 1037 3120 intercludere

180 3148 314 3185 insidiis,
336 3155 413 3187 qna-s·
435 3143 510 3176 milii
531 3142 655 3173 conari-5
677 3151 827 3182 opponere
836 3155 845 3176 ;
870 3152 899 3182 p.
923 3141 1036 3173 Plane.

1056 1261 1106 1292 48.
1131 1260 1211 1291 Num
1228 1269 1352 1301 possum
1368 1259 1467 1301 maqis
1473 1258 1585 1299 pedem
1598 1258 1754 1300 conferre,
1772 1260 1808 1288 ut
1821 1257 1921 1295 aiunt,

1056 1315 1112 1344 aut
1132 1314 1263 1354 propius
1285 1312 1454 1347 accedere;
1479 1322 1509 1353 p.
1532 1311 1622 1343 Mur.
1646 1312 1685 1342 45
1717 1311 1809 1348 iacet,
1837 1310 1922 1342 diffi-

1058 1370 1115 1407 dit,
1138 1369 1253 1400 abiecit
1275 1369 1396 1399 hastas.
1418 1368 1460 1399 In
1483 1367 1535 1398 his
1557 1367 1704 1408 epistolis
1726 1367 1755 1398 Ι.
1778 1366 1828 1404 16,
1852 1367 1869 1397 1
1891 1370 1924 1398 et

1059 1422 1078 1452 2
1102 1423 1247 1453 abundat
1269 1421 1379 1453 verbis
1403 1427 1434 1452 et
1457 1420 1609 1451 formulis
1632 1430 1651 1450 a
1675 1419 1762 1451 bello
1798 1424 1831 1451 et
1860 1420 1924 1450 mi·

1059 1477 1133 1507 litia
1148 1476 1270 1517 petitis.
1292 1475 1344 1506 Ne
1360 1475 1495 1506 modum
1520 1473 1742 1505 adnotationis
1755 1473 1925 1510 excedam,

1059 1531 1234 1562 historicos
1257 1530 1386 1561 omitto.

1106 1587 1287 1618 Orationem
1311 1585 1367 1616 libi
1389 1585 1470 1616 misi.
1493 1584 1715 1625 Philippicam
1734 1583 1924 1620 secundam,

1062 1654 1127 1685 qua
1148 1643 1318 1684 respondit
1341 1642 1391 1680 iis,
1425 1651 1509 1682 quae
1532 1641 1702 1672 Antonius
1725 1640 1760 1671 in
1784 1649 1818 1672 58
1847 1649 1925 1671 evo·

1063 1702 1201 1728 muerat.
1226 1696 1304 1727 Vid.
1329 1696 1440 1726 adnot.
1463 1695 1505 1726 ad
1527 1694 1661 1725 initium
1682 1693 1715 1724 h.
1739 1702 1789 1734 ep.
1821 1697 1853 1724 et
1883 1691 1925 1723 cf.

1064 1751 1163 1783 XVI.
1188 1751 1238 1787 11,
1262 1751 1289 1781 1.
1314 1751 1354 1781 In
1378 1749 1487 1781 verbis
1509 1758 1598 1790 seqq.
1622 1757 1699 1779 cum
1721 1746 1925 1779 0181110188-

1065 1805 1139 1836 lim:
1166 1803 1244 1834 Eius
1265 1806 1296 1835 et
1320 1801 1546 1833 custodiendae
1568 1803 1599 1832 et
1614 1799 1842 1842 proferendae.

1107 1858 1124 1898 ξ
1161 1858 1189 1889 2.
1225 1856 1378 1887 inducias
1413 1864 1531 1895 nempe
1561 1864 1637 1885 cum
1672 1852 1835 1890 Antonio,
1872 1851 1927 1894 cui

1066 1911 1151 1942 nihil
1175 1909 1354 1951 respondit,
1389 1908 1546 1950 quamdiu
1569 1907 1754 1938 orationem
1776 1906 1870 1937 illam
1891 1905 1926 1936 in

1067 1964 1196 1995 scriniis
1219 1963 1385 1994 continuit
1407 1962 1459 1993 vel
1483 1971 1559 1992 cum
1581 1960 1694 2002 paucis
1716 1959 1831 1990 amicis
1841 1968 1927 1989 com-

1067 2016 1262 2048 municavit.

1111 2071 1260 2111 Leqiones
1282 2069 1363 2099 duas
1398 2067 1438 2099 B.
1471 2067 1601 2098 venisse.
1644 2067 1708 2098 His
1740 2066 1928 2107 legionibus

1069 2123 1294 2156 Macedonicis
1316 2122 1486 2153 Antonius
1509 2131 1538 2151 a.
1561 2121 1582 2151 d
1619 2120 1690 2151 VH
1710 2120 1761 2150 Id.
1783 2118 1855 2151 Oct.
1871 2119 1928 2150 ob-

1069 2178 1158 2208 viam
1182 2176 1348 2217 profectus
1372 2180 1429 2211 est,
1453 2178 1489 2204 ut
1511 2183 1564 2205 885
1587 2178 1813 2214 corrumperet
1835 2177 1867 2204 et
1889 2173 1931 2204 ad

1068 2230 1185 2261 urbem
1208 2229 1391 2260 adduceret.
1415 2227 1499 2258 Fam
1535 2226 1619 2258 XII.
1643 2226 1692 2264 23,
1717 2226 1735 2257 2
1751 2226 1827 2257 coll.
1841 2225 1931 2256 Phil.

1072 2285 1116 2314 V.
1139 2283 1188 2315 22.

1114 2333 1132 2372 ξ
1156 2332 1185 2364 3.
1218 2331 1366 2363 Varronis
1391 2327 1556 2375 διάλογον
1580 2333 1735 2371 esrspecto.
1781 2331 1932 2362 Eundem

1073 2390 1196 2420 librum
1220 2388 1320 2420 XVI.
1343 2389 1392 2426 11,
1416 2389 1435 2419 3
1459 2394 1490 2419 et
1513 2388 1552 2419 12
1574 2393 1657 2419 extr.
1690 2388 1864 2429 designare
1885 2387 1947 2418 vi-'

1072 2444 1166 2474 detur
1189 2442 1323 2473 nomine
1345 2433 1597 2486 Ἠρακλειδείου
1636 2438 1796 2471 Varronis.
1837 2438 1933 2471 Nihil

1073 2499 1153 2530 certi
1175 2499 1216 2530 de
1238 2508 1277 2529 eo
1310 2498 1409 2528 statui
1444 2502 1560 2538 potest.
1585 2496 1635 2528 Cf.
1663 2495 1864 2527 Ritschelius
1897 2495 1931 2526 in

1073 2552 1155 2593 disp.
1179 2551 1220 2582 de
1243 2550 1371 2591 scriptis
1404 2549 1565 2581 Varronis
1599 2549 1633 2579 in
1663 2549 1750 2579 Mus.
1779 2546 1934 2579 Rhenani

1074 2606 1196 2637 noviss.
1220 2605 1303 2636 serie
1327 2604 1389 2635 VI.
1412 2615 1444 2645 p.
1467 2604 1538 2641 542,
1569 2603 1627 2644 qui
1651 2607 1761 2634 tamen
1795 2603 1837 2633 ad
1868 2602 1932 2632 Lo-

1075 2659 1247 2699 gistoricos
1270 2657 1434 2699 pertinere
1456 2656 1648 2697 suspicatur.

1118 2708 1188 2739 Iam
1203 2707 1301 2748 probo
1323 2700 1593 2752 Ἠρακλειὸεἶον.
1635 2706 1713 2737 Non
1741 2705 1822 2736 dicit
1849 2705 1935 2736 illud

1078 2766 1248 2804 Varronis,
1282 2766 1369 2806 quod
1403 2765 1552 2796 nondum
1585 2768 1762 2804 acceperat,
1799 2763 1857 2794 sed
1889 2762 1933 2800 id,

1077 2823 1167 2863 quod
1187 2821 1294 2853 Attici
1315 2826 1433 2862 rogatu
1464 2821 1534 2861 ipse
1563 2824 1632 2851 erat
1665 2819 1855 2860 scripturus.
1880 2817 1932 2850 Cf.

1076 2886 1160 2918 quae
1181 2875 1368 2906 notavimus
1390 2876 1432 2906 ad
1453 2874 1534 2906 XV.
1558 2875 1587 2912 4,
1611 2874 1640 2904 3.

1123 2928 1213 2970 Quod
1232 2928 1276 2959 ad
1298 2931 1329 2959 te
1350 2931 1457 2966 antea,
1479 2931 1540 2959 cet.
1559 2927 1662 2959 Initio
1684 2926 1866 2957 sententiae
1882 2935 1934 2957 re-

1078 2982 1174 3024 spicit
1195 2982 1266 3013 sine
1295 2981 1396 3012 dubio
1426 2982 1468 3012 ad
1496 2980 1640 3022 aliquam
1668 2978 1853 3010 Aristarchi
1883 2978 1935 3009 sui

1078 3036 1326 3073 correctionem,
1349 3036 1406 3076 qui
1428 3035 1551 3066 alicubi
1574 3032 1668 3075 prius
1700 3032 1845 3064 malebat
1877 3041 1936 3073 pro

1080 3092 1187 3121 antea.
1218 3089 1379 3121 Extrema
1400 3089 1500 3120 verba.
1521 3093 1599 3120 sunt
1620 3090 1782 3127 corrupta,
1810 3086 1844 3117 in
1867 3085 1936 3127 qui-

1083 3146 1140 3176 bus
1163 3144 1367 3183 corrigendis
1390 3144 1487 3175 multi
1508 3152 1641 3183 operam
1654 3145 1844 3181 posuerunt,
1859 3150 1935 3181 quo-
