2062 3565
689 145 792 187 MR.
829 146 943 187 XIV.
984 147 1061 187 ΕΡ.
1104 149 1139 187 l.
1177 151 1216 187 z.
1745 147 1823 187 :271

68 293 138 335 pro
172 279 361 321 Deiotaro
394 281 569 324 Nicaeae
603 282 777 324 diceret:
822 282 935 324 valde
970 282 1223 324 vehementer
1256 298 1346 325 eum
1382 283 1510 325 visum
1545 289 1586 325 et
1617 282 1739 325 libere
1773 283 1831 323 di-

67 368 169 404 cere,
203 358 322 410 atque
355 355 475 396 etiam
512 381 568 386 --
603 363 650 398 ut
682 357 789 397 enim
823 356 1001 411 quidque
1035 357 1247 407 succurrit,
1282 356 1381 398 libet
1411 357 1583 400 scribere
1620 381 1677 387 —-
1702 358 1833 412 proxi-

67 442 143 479 me,
177 442 302 492 quum
335 428 454 470 Sestii
489 434 631 484 rogatu
665 430 773 485 apud
806 445 898 471 eum
933 430 1096 471 fuissem
1141 436 1490 486 exspectaremque
1525 431 1666 474 sedens
1701 430 1832 486 quoad

67 515 240 550 vocarer,
283 500 431 543 dixisse
477 517 583 552 eum,
636 530 655 552 u
667 503 754 556 Ego
801 502 997 553 dubitem,
1044 503 1141 557 quin
1184 520 1339 545 summo
1382 505 1424 545 in
1459 504 1551 546 odio
1586 504 1675 554 sim,
1710 519 1833 559 quum

67 573 126 614 M.
159 573 299 616 Cicero
333 574 470 616 sedeat
501 590 575 616 nec
609 590 680 616 suo
714 575 924 617 commodo
958 592 1019 617 me
1050 578 1262 618 convenire
1296 578 1450 632 possit?
1485 578 1626 633 Atqui,
1661 578 1694 619 si
1729 577 1836 631 quis·
1883 595 1896 619 ε.

0 706 12 714 -
65 656 183 701 quam
235 653 296 688 est
344 647 487 699 facilis,
534 648 601 689 hic
652 653 736 699 est;
784 654 918 690 tamen
963 664 1044 690 non
1089 649 1231 691 dubito
1281 651 1378 705 quin
1429 666 1490 692 me
1525 650 1625 692 male
1660 649 1836 692 oderit.’'

66 720 179 762 Haec
221 727 261 762 et
301 720 499 763 eiusmodi
547 721 688 762 multa.
738 721 816 763 Sed
850 722 899 762 ad
935 723 1198 777 propositum.
1234 723 1444 779 Quidquid
1480 725 1569 775 erit,
1604 739 1683 766 non
1719 723 1837 765 modo

65 808 254 848 magnum
288 794 357 836 sed
391 795 511 836 etiam
546 809 726 850 parvum,
763 794 927 836 scribes.
960 795 1157 850 Equidem
1195 796 1297 837 nihil
1329 797 1609 839 intermittam.

63 968 162 1012 οὗτος
202 969 219 1006 ὃ
247 971 384 1010 νεανίας
411 970 473 1005 οὐκ
501 964 581 1004 οἶδα
609 967 669 1016 μὲν
698 967 717 1002 ἶ)
745 967 924 1015 βούλεται·

62 1029 131 1062 πᾶν
170 1021 203 1062 δ’
238 1024 256 1061 ὂ
294 1024 476 1074 βούλεται,
517 1022 651 1072 σφόδρα
679 1023 858 1072 βούλεται,
882 1035 926 1058 ex

63 1095 129 1127 quo
151 1086 225 1117 loco
246 1084 445 1126 particulam
467 1082 524 1114 sed
545 1083 633 1124 apud
649 1082 844 1114 Ciceronem
860 1086 926 1112 tue-

64 1146 118 1169 tur
149 1138 301 1170 Moserus
330 1136 446 1178 Symb.
480 1135 560 1168 Crit.
585 1136 686 1167 Vm.
709 1146 740 1176 p.
764 1135 813 1167 12.
976 1129 1125 1162 Caesaris
1155 1142 1220 1162 non
1251 1133 1347 1164 valde
1377 1139 1488 1174 aperta
1517 1140 1577 1173 est,
1608 1143 1715 1175 neque
1746 1134 1839 1166 intel-

109 1192 207 1234 Quum
211 1201 273 1233 pro
285 1190 439 1222 Deiotaro
448 1190 589 1222 Nicaeae
599 1189 732 1221 diceret.
746 1188 797 1221 Cf.
809 1190 850 1221 de
866 1189 928 1220 hac
976 1187 1059 1218 lexit
1081 1187 1223 1225 Atticus,
1247 1198 1265 1219 a
1293 1199 1360 1230 quo
1391 1195 1525 1229 rogatus
1547 1190 1664 1222 Cicero
1688 1199 1761 1221 eam
1784 1199 1839 1220 ex-

65 1246 161 1277 Bruti
172 1245 321 1277 oratione
341 1243 410 1276 Cic.
433 1244 527 1275 Brut.
543 1243 581 1275 21
606 1247 638 1274 et
659 1242 747 1273 Dial.
769 1243 810 1273 de
823 1241 928 1274 Oratt.
975 1243 1123 1284 planavit
1145 1252 1195 1284 ep.
1218 1254 1287 1286 seq.
1313 1245 1331 1285 ξ
1353 1246 1382 1276 3.

64 1299 115 1330 21.
130 1299 276 1330 Meierus
290 1298 324 1329 in
337 1296 442 1330 Oratt.
455 1296 683 1337 Rom.fragm.
697 1306 727 1337 p.
744 1295 805 1326 449
817 1294 930 1326 statuit
1019 1297 1133 1328 Sedeat
1170 1308 1203 1329 οι
1233 1309 1299 1330 non
1336 1300 1447 1331 statim
1478 1300 1677 1337 admittatur,
1711 1301 1766 1330 sed
1805 1300 1836 1330 in

64 1362 197 1384 causam
230 1362 258 1382 a.
293 1350 352 1385 707
382 1350 417 1381 in
449 1349 628 1390 Bithyniae
652 1349 782 1390 oppido,
808 1358 876 1380 non
899 1357 927 1379 a.
977 1351 1060 1382 atrio
1083 1356 1259 1391 exspectet,
1283 1353 1387 1383 donec
1410 1357 1554 1384 vocetur,

65 1406 126 1439 709
149 1406 183 1438 in
205 1405 325 1447 oppido
339 1404 503 1445 Ligurum
517 1403 716 1443 cognomine
729 1408 836 1434 actam
848 1412 927 1435 esse.
951 1405 953 1439 Ι

976 970 1027 1002 Cf.
1056 976 1167 1003 tamen
1200 971 1370 1014 Chapman
1401 974 1435 1005 in
1464 975 1542 1006 diss.
1572 975 1613 1006 de
1638 980 1743 1006 aetate
1766 973 1838 1005 Cic.

975 1025 1049 1056 libr.
1072 1026 1112 1057 de
1135 1026 1218 1067 Leg.
1240 1037 1270 1068 p.
1295 1028 1335 1058 24
1358 1028 1392 1058 in
1415 1029 1525 1060 adnot.

1018 1077 1082 1117 Eyo
1104 1079 1238 1110 dubitem
1257 1086 1319 1111 cet.
1344 1079 1518 1112 Sententia
1529 1081 1648 1112 horum
1662 1082 1839 1112 verborum

689 1535 752 1575 Π.
819 1535 885 1588 (A.
929 1535 973 1576 U.
1011 1536 1054 1575 C.
1093 1535 1211 1589 710.)

135 1665 174 1704 1.
225 1662 336 1703 Duas
381 1676 403 1702 a
452 1667 491 1702 te
541 1661 677 1716 accepi
721 1661 910 1716 epistolas
955 1661 1056 1702 heri.
1104 1662 1167 1703 Ex
1201 1661 1329 1716 priore
1362 1660 1565 1703 theatrum
1602 1661 1842 1703 Publilium-

69 1752 145 1792 que
179 1735 362 1791 cognovi,
397 1734 502 1776 bona
536 1735 651 1790 signa
685 1735 974 1777 consentientis
1008 1735 1299 1777 multitudinis.
1334 1735 1504 1777 Plausus
1538 1751 1630 1777 vero
1665 1736 1714 1777 L.
1747 1736 1841 1777 Cas-

68 1810 126 1852 sio
173 1808 292 1851 datus
339 1808 460 1850 etiam
506 1807 658 1850 facetus
706 1808 808 1850 mihi
857 1809 1019 1864 quidem
1068 1810 1178 1851 visus
1223 1814 1297 1850 est.
1345 1813 1384 1850 2.
1420 1810 1558 1852 Altera
1591 1810 1759 1866 epistola
1792 1810 1840 1852 de

68 1883 238 1925 Madaro
280 1883 443 1939 scripta,
486 1882 594 1938 apud
640 1898 759 1937 quem
804 1882 962 1924 nullum
1010 1879 1311 1940 σαλάκωμα,
1363 1888 1409 1924 ut
1458 1888 1590 1939 putas.
1641 1884 1843 1926 Processit

69 1958 191 2009 enim,
225 1956 295 1998 sed
328 1956 462 1997 minus
496 1954 582 1996 diu.
627 1956 728 1997 Eius
761 1971 942 1997 sermone
976 1956 1083 1997 enim
1119 1971 1207 1998 sum
1241 1959 1436 1998 retentus.
1473 1958 1514 1997 3
1550 1956 1670 2008 Quod
1705 1964 1840 1999 autem

69 2032 118 2073 ad
166 2037 204 2072 te
251 2031 498 2086 scripseram,
549 2028 717 2071 obscure
767 2029 948 2081 fortasse,
999 2030 1041 2072 id
1081 2030 1280 2072 eiusmodi
1319 2036 1403 2072 est:
1453 2030 1586 2072 aiebat
1634 2031 1842 2073 Caesarem

70 2119 219 2156 secum,
255 2119 334 2160 quo
366 2109 544 2159 tempore
578 2103 698 2145 Sestii
733 2108 877 2158 rogatu
911 2104 1002 2145 veni
1036 2103 1087 2145 ad
1109 2119 1217 2148 eum.
1242 2119 1370 2159 quum
1394 2109 1666 2159 exspectarem
1688 2104 1844 2155 sedens,

71 2179 243 2221 dixisse:
292 2206 312 2230 Π
327 2179 414 2233 Ego
458 2192 567 2218 nunc
607 2182 690 2218 tam
733 2177 808 2218 sim
855 2177 1018 2229 stultus,
1060 2183 1107 2219 ut
1139 2178 1248 2218 hunc
1281 2177 1415 2233 ipsum
1450 2176 1608 2219 facilem
1642 2177 1845 2220 hominem

72 2258 210 2309 putem
243 2251 343 2292 mihi
376 2265 460 2292 esse
495 2250 683 2300 amicum,
718 2265 843 2305 quum
877 2250 1033 2292 tamdiu
1067 2251 1209 2292 sedens
1236 2265 1369 2291 meum
1400 2250 1651 2292 commodum
1683 2266 1844 2307 exspec-

118 2426 138 2457 2
161 2425 361 2467 Publiumque
382 2442 422 2446 —
447 2425 464 2454 5
489 2420 737 2468 σαλακὼνισμα
762 2441 798 2445 -
824 2422 968 2454 Processi
992 2422 1082 2460 enim,
1099 2423 1158 2454 sed
1167 2424 1278 2456 minus.
1302 2424 1430 2456 Diutius
1442 2433 1583 2455 sermone
1598 2424 1715 2465 [enim]
1728 2434 1794 2454 sum
1810 2440 1847 2446 -

119 2578 138 2618 ξ
163 2577 191 2609 1.
217 2573 387 2608 Theatrum
427 2575 656 2618 Publiliumque
689 2577 827 2618 coynovi.
862 2578 938 2608 Huc
985 2578 1014 2616 22,
1038 2579 1067 2610 2.
1091 2579 1217 2611 Lucius
1241 2588 1355 2611 mense
1378 2579 1555 2611 Decembri
1580 2579 1680 2610 huius
1693 2579 1771 2610 anni
1795 2578 1848 2609 tri-

77 2631 209 2673 respicit
231 2630 347 2662 Cicero
371 2630 405 2661 in
429 2639 478 2671 ep.
503 2631 521 2660 3
545 2635 628 2660 extr.
642 2640 763 2670 rogans
775 2630 937 2668 Atticum,
987 2632 1094 2663 bunus
1117 2633 1223 2673 plebis
1246 2632 1351 2663 sactus
1375 2639 1433 2663 est.
1456 2632 1520 2663 vid.
1547 2632 1634 2663 Phil.
1661 2633 1724 2663 111.
1747 2633 1797 2662 23.

78 2687 114 2715 ut
128 2682 241 2724 populi
262 2679 495 2728 ἐπισημασίαν
519 2684 549 2712 et
581 2681 737 2713 mimorum
760 2681 847 2712 dieta
870 2691 938 2722 per·
961 2671 963 2681 ⁴
1028 2684 1047 2723 ξ
1071 2684 1098 2714 2.
1123 2683 1172 2715 De
1196 2684 1341 2715 Madaro.
1365 2679 1531 2729 Μαδαρὸς
1559 2683 1687 2720 dicitur,
1719 2684 1773 2714 cui
1796 2693 1843 2714 ca-

78 2739 212 2771 scribat.
248 2739 417 2770 Publilium
442 2739 475 2770 111
498 2738 588 2769 Med.
621 2743 786 2770 servatum
822 2747 938 2769 verum
961 2734 964 2792 Ιῖ
985 2741 1058 2782 pilli
1082 2741 1241 2780 defluunt,
1265 2744 1387 2779 calvus,
1412 2747 1444 2774 et
1466 2743 1543 2773 ficto
1564 2741 1627 2771 hoc
1650 2747 1748 2781 atque
1780 2740 1848 2771 Cal-

78 2803 201 2826 nomen
224 2803 294 2825 esse
316 2798 439 2834 poetae,
462 2793 519 2833 qui
538 2792 639 2832 vulgo
656 2798 792 2823 vocatur
807 2791 939 2822 Publius
961 2807 964 2841 1
985 2805 1082 2826 venae
1104 2796 1242 2827 nomine
1272 2806 1322 2837 ep.
1355 2798 1383 2834 5,
1409 2797 1424 2826 1
1457 2801 1488 2827 et
1517 2796 1536 2826 9
1568 2801 1650 2826 extr.
1681 2795 1847 2835 designari

78 2846 182 2889 Syrus
216 2845 455 2878 demonstravit
483 2845 545 2876 Ed.
567 2844 767 2876 Woelflinus
797 2845 831 2875 in
862 2844 939 2875 Phi·
962 2843 964 2896 1
987 2847 1023 2879 C.
1046 2848 1190 2880 Matium
1223 2849 1444 2879 certissimum
1474 2853 1534 2879 est.
1565 2847 1678 2878 Minus
1710 2852 1846 2884 certum,

79 2901 193 2942 lologo
213 2900 362 2941 Gotting.
387 2899 508 2931 XXII.
529 2899 591 2930 439
605 2908 683 2940 seq„
699 2908 838 2930 monens
851 2898 939 2930 idem
986 2897 1066 2938 quid
1094 2898 1194 2930 lateat
1224 2899 1258 2930 in
1282 2895 1485 2943 σαλακὼμα.
1512 2897 1599 2928 Nam
1621 2894 1844 2942 φαλάκρωμα,

80 2954 224 2986 inveniri
252 2954 287 2985 in
320 2953 452 2994 optimis
483 2953 580 2984 codd.
614 2951 760 2984 Senecae
789 2952 937 2989 rhetoriS,
986 2953 1074 2994 quod
1097 2953 1218 2985 Bosius
1241 2963 1258 2985 e
1283 2954 1425 2985 Victorii
1448 2953 1593 2985 editione
1615 2952 1745 2992 recepit,
1781 2962 1845 2982 non

81 3007 195 3046 Plinii,
218 3007 319 3040 Gellii
341 3007 514 3039 nonnullis
536 3007 571 3038 in
594 3007 685 3038 locis.
986 3002 1093 3042 magis
1114 3003 1191 3034 huic
1208 3003 1281 3034 loco
1293 3003 1458 3040 convenit,
1471 3012 1570 3043 quam
1582 2997 1843 3046 σαλακὼνισμα,

123 3062 160 3094 L.
183 3062 289 3094 cassio
317 3072 384 3094 non
409 3062 452 3092 ob
481 3061 616 3102 aliquod
651 3061 754 3102 ipsius
783 3061 940 3092 meritum
986 3060 1075 3100 quod
1107 3060 1135 3091 Ι.
1169 3059 1208 3091 F.
1238 3058 1426 3090 Gronovius
1449 3057 1659 3098 excogitavit.
1694 3057 1846 3091 Fortasse

82 3116 216 3157 plausus
237 3117 334 3147 datus
357 3121 415 3153 est,
441 3116 498 3146 sed
519 3114 630 3146 framis
647 3113 721 3146 Caii
733 3124 839 3153 causa,
851 3114 941 3156 quod
986 3122 1054 3144 non
1084 3112 1274 3154 displicebit
1303 3112 1386 3149 aliis,
1420 3111 1507 3152 quod
1538 3110 1620 3141 mihi
1643 3110 1675 3141 in
1699 3116 1845 3142 mentem

83 3168 136 3199 hic
175 3175 354 3209 tyrannum
389 3167 604 3198 interfecerat.
638 3166 688 3198 Cf.
725 3167 818 3199 Fam.
856 3167 940 3198 XII.
964 3198 967 3209 Ι
987 3167 1080 3197 venit
1101 3165 1258 3206 cogitanti
1282 3164 1421 3197 Homeri
1445 3164 1543 3196 verba
1568 3163 1623 3202 (Il.
1646 3162 1748 3195 XIII.
1773 3164 1845 3201 359)

1883 1899 1897 1922 5

1867 2267 1903 2293 10
