2062 3565
689 139 796 182 LIB.
833 140 952 183 VIII.
988 141 1072 182 ΕΡ.
1113 142 1180 182 11.
1764 147 1817 185 25

47 275 182 316 trium.
218 275 323 316 Nam
357 276 404 317 J..
438 277 700 332 Torquatum,
736 276 865 318 virum
901 275 1042 318 fortem
1076 284 1117 318 et
1150 292 1242 319 cum
1275 279 1528 331 auctoritate,
1553 279 1722 322 Formiis
1741 295 1820 322 non

47 345 255 399 habemus,
300 348 349 390 ad
395 354 434 391 te
479 348 702 405 profectum
744 348 998 392 arbitramur.
1046 353 1087 392 2.
1122 351 1208 407 Ego
1241 352 1421 404 omnino,
1456 357 1502 394 ut
1535 353 1713 409 proxime
1746 353 1822 395 tibi

47 420 265 478 placuerat,
300 421 480 478 Capuam
514 422 605 464 veni
638 437 684 464 eo
717 423 804 479 ipso
849 423 928 474 die,
965 438 1042 478 quo
1076 429 1121 466 tu
1149 425 1284 466 Teano
1318 425 1498 468 Sidicino
1531 442 1572 468 es
1606 426 1823 482 profectus.

49 493 244 536 volueras
276 494 384 536 enim
417 510 480 537 me
513 510 604 537 cum
638 495 699 537 M.
733 495 926 538 Considio
954 512 1027 553 pro
1053 502 1232 553 praetore
1256 498 1325 540 illa
1347 499 1510 555 negotia
1534 500 1654 542 tueri.
1687 499 1824 552 Quum

48 582 94 609 eo
127 567 338 619 venissem,
381 567 464 610 vidi
506 568 552 610 T.
598 569 787 624 Ampium
822 569 1021 612 delectum
1059 569 1205 613 habere
1241 571 1564 627 diligentissime,
1599 572 1649 615 ab
1683 589 1728 615 eo
1762 590 1825 616 ac·
1865 583 1879 607 ⁵

49 636 179 697 cipe're
212 639 427 693 Libonem,
461 655 616 683 summa
642 641 739 682 item
774 641 987 697 diligentia
1019 648 1059 684 et
1093 644 1136 685 in
1169 642 1237 686 illa
1272 644 1429 686 colonia
1461 647 1714 689 auctoritate.
1749 648 1826 690 Fui

49 714 225 770 Capuae,
260 713 391 769 quoad
436 714 635 756 consules.
683 715 852 766 Iterum,
888 719 934 757 ut
966 721 1052 757 erat
1085 716 1263 759 edictum
1297 733 1321 760 a
1353 718 1602 771 consulibus,
1637 720 1728 762 veni
1753 721 1826 763 Ca·

49 803 170 844 puam
223 787 273 831 ad
317 788 458 830 Nonas
498 788 689 831 Februar.
771 788 910 841 Quum
944 788 1108 832 fuissem
1142 791 1337 843 triduum,
1372 793 1503 849 recepi
1536 809 1599 835 me
1632 795 1826 837 Formias.

52 862 94 903 3.
128 861 268 914 Nunc,
304 862 411 917 quod
434 867 549 904 tuum
575 862 789 905 consilium
808 867 879 905 aut
901 878 1002 919 quae
1019 864 1121 906 ratio
1145 864 1240 907 belli
1265 866 1330 917 sit,
1356 866 1510 922 ignoro.
1546 868 1589 910 Si
1612 869 1826 911 tenendam

50 933 154 977 hanc
187 949 296 977 oram
330 939 464 992 putam,
498 950 598 991 quae
632 941 672 978 et
705 936 1048 993 opportunitatem
1081 943 1121 979 et
1154 938 1395 994 dignitatem
1428 940 1551 983 habet
1583 946 1624 983 et
1646 942 1826 998 egregios
1845 946 1880 974 ¹0

50 1008 156 1050 cives
188 1012 242 1060 et,
275 1013 323 1050 ut
349 1007 533 1060 arbitror,
567 1009 695 1051 teneri
729 1014 874 1066 potest,
909 1025 1008 1066 opus
1042 1016 1104 1052 est
1136 1026 1235 1063 esse,
1271 1012 1340 1067 qui
1372 1013 1536 1069 praesit.
1587 1015 1657 1057 Sin
1691 1015 1826 1058 o'mnia

50 1084 93 1124 in
125 1097 253 1124 unum
279 1082 410 1125 locum
445 1082 718 1125 contrahenda
750 1088 860 1135 sunt,
894 1099 974 1126 non
1009 1083 1167 1136 dubito,
1202 1085 1302 1140 quin
1336 1085 1387 1127 ad
1420 1091 1460 1128 te
1494 1087 1630 1129 statim
1652 1088 1824 1140 veniam,

51 1171 130 1212 quo
172 1155 271 1197 mihi
315 1155 418 1197 nihil
462 1156 640 1211 optatius
673 1161 747 1207 est,
781 1155 907 1211 idque
939 1161 1088 1208 tecum,
1124 1173 1202 1213 quo
1237 1157 1302 1199 die
1336 1157 1387 1200 ab
1421 1158 1520 1201 urbe
1553 1159 1824 1213 discessimus,

50 1229 208 1270 locutus
240 1243 343 1270 sum.
378 1228 465 1283 Ego
499 1228 533 1269 si
567 1229 632 1270 cui
665 1228 798 1270 adhuc
830 1229 968 1271 videor
999 1231 1158 1286 segnior
1191 1231 1328 1284 fuisse,
1363 1232 1459 1275 dum
1498 1249 1548 1276 ne
1574 1233 1651 1276 tibi
1674 1235 1823 1287 videar,

50 1318 131 1345 non
163 1301 300 1344 laboro
334 1305 375 1342 et
407 1305 556 1352 tamen,
592 1301 639 1352 si,
675 1306 721 1344 ut
753 1301 884 1354 video,
918 1301 1070 1346 bellum
1101 1305 1322 1360 gerendum
1356 1311 1430 1358 est,
1465 1308 1621 1351 confido
1655 1326 1717 1352 me
1742 1327 1824 1353 om·
1846 1323 1879 1350 15

50 1375 170 1418 nibus
203 1375 317 1418 facile
351 1374 663 1417 satisfacturum.
701 1378 741 1416 4.
775 1376 835 1417 M.
868 1376 1061 1429 Tquum,
1096 1394 1230 1420 meum
1265 1382 1548 1433 necessarium,
1582 1384 1632 1425 ad
1655 1389 1694 1426 te
1718 1385 1823 1436 misi,

50 1450 115 1491 cui
148 1453 208 1501 tu,
243 1450 277 1491 si
309 1447 387 1490 tibi
420 1448 637 1500 videretur,
673 1449 722 1491 ad
757 1465 818 1491 me
851 1450 987 1492 literas
1021 1451 1149 1494 dares.

98 1637 202 1669 Virum
217 1655 259 1662 —-
273 1647 340 1669 oum
362 1638 554 1670 auctoritate
576 1648 608 1670 o:
646 1640 754 1671 virum
770 1640 910 1672 alieuius
933 1659 935 1693 χ
1003 1644 1022 1684 ξ
1044 1646 1075 1676 4.
1099 1644 1145 1676 M.
1171 1645 1317 1678 Tullium.
1342 1647 1443 1679 Hunc
1463 1657 1532 1680 esse
1547 1650 1698 1688 eundem,
1724 1660 1822 1691 quem

53 1689 267 1729 auctoritatis,
290 1690 347 1733 qui
368 1691 512 1733 speciem
533 1692 625 1724 addit
642 1692 800 1734 partibus,
825 1703 906 1734 quas
934 1707 935 1711 ¹
960 1707 1059 1739 supra
1080 1708 1130 1740 ep.
1157 1701 1176 1731 3
1197 1705 1280 1732 extr.
1303 1701 1383 1733 dicit
1405 1701 1543 1743 Leptam,
1572 1704 1752 1744 probabilis
1775 1711 1823 1737 est

51 1744 210 1786 sequitur.
961 1751 1103 1792 suspicio
1123 1750 1327 1794 Glandorpii‚
1350 1755 1486 1795 probata
1497 1756 1657 1797 Lagunae
1669 1757 1702 1789 in
1717 1757 1823 1789 Cicer.

91 1798 111 1839 ξ
132 1799 162 1831 2.
190 1797 223 1830 Τ.
245 1798 399 1840 Ampium.
421 1798 471 1832 Cf.
493 1798 604 1832 Garat.
627 1801 668 1833 ad
690 1800 805 1833 Plane.
828 1802 881 1833 25.
935 1796 938 1838 Ι
961 1803 1068 1845 epistt.
1090 1814 1121 1845 p.
1144 1805 1205 1837 363
1227 1815 1276 1847 sq.

91 1853 111 1893 ξ
133 1853 163 1884 3.
186 1851 382 1892 Βίςηίίαίεηι
396 1852 489 1884 habet
507 1862 541 1884 οι
565 1857 614 1885 est
626 1853 833 1886 nobilissima
846 1854 911 1886 lta-
936 1874 939 1902 3

50 1906 113 1939 liae
135 1915 218 1948 pars.
240 1904 280 1937 cf.
303 1905 345 1946 Q.
369 1905 406 1937 fr.
429 1906 494 1938 111.
518 1906 546 1945 1,
571 1906 600 1937 1.

914 2016 959 2055 G.

326 2107 406 2145 CN.
438 2104 657 2142 MAGNUS
687 2104 896 2145 PROCOS.
925 2106 962 2145 S.
993 2107 1040 2145 D.
1071 2109 1124 2146 M.
1157 2109 1404 2150 CICERONI
1435 2114 1543 2153 IMP.

112 2223 153 2264 S.
192 2221 241 2262 V.
275 2221 324 2262 B.
358 2221 408 2263 E.
441 2221 548 2263 Tuas
579 2222 716 2264 literas
749 2221 921 2265 libenter
954 2225 1048 2280 legi.
1083 2227 1313 2283 Recognovi
1345 2230 1452 2272 enim
1475 2237 1588 2274 tuam
1610 2234 1821 2289 pristinam

51 2296 242 2337 virtutem
273 2294 394 2336 etiam
426 2295 470 2336 in
502 2296 632 2337 salute
665 2297 883 2339 communi.
917 2298 1114 2342 Consules
1147 2301 1197 2343 ad
1231 2317 1323 2345 eum
1358 2306 1592 2358 exercitum,
1627 2322 1744 2362 quem
1778 2309 1821 2350 in

50 2367 199 2423 Apulia
241 2365 378 2417 habui,
424 2375 632 2411 venerunt.
683 2369 927 2426 Magnopere
987 2377 1028 2414 te
1087 2374 1222 2416 hortor
1267 2391 1338 2431 pro
1380 2382 1452 2419 tuo
1496 2379 1691 2436 singulari
1737 2398 1820 2437 per-

50 2446 249 2496 petuoque
293 2440 428 2482 studio
472 2441 514 2482 in
558 2456 642 2483 rem
683 2441 900 2498 publicam,
948 2450 993 2486 ut
1035 2450 1074 2488 te
1119 2448 1169 2489 ad
1204 2463 1276 2490 nos
1309 2451 1504 2503 conferas,
1538 2458 1585 2496 ut
1617 2457 1819 2498 communi

49 2514 216 2556 consilio
260 2514 317 2555 rei
360 2513 544 2569 publicae
585 2515 754 2557 afflictae
803 2531 918 2571 opem
951 2523 1070 2574 atque
1104 2521 1300 2564 auxilium
1334 2523 1522 2568 feramus.
1568 2527 1722 2570 Censeo
1757 2530 1820 2572 via

50 2587 182 2643 Appia
213 2587 289 2629 iter
322 2587 444 2629 facias
477 2591 518 2628 et
549 2588 728 2630 celeriter
761 2589 1025 2634 Brundisium
1058 2595 1208 2637 venias.

91 2776 113 2806 4
135 2773 252 2817 Maqno
272 2783 364 2816 opere
385 2791 426 2796 —

92 2937 314 2980 Recoynovio:
332 2939 466 2980 agnovi,
480 2939 516 2972 ik
526 2940 592 2973 heb
603 2942 762 2975 herkend.
784 2943 912 2976 Eadem
935 2954 938 2997 ff
1002 2949 1040 2980 In
1074 2951 1181 2982 salute
1211 2953 1362 2983 communi
1392 2954 1523 2990 tuenda,
1552 2956 1640 2995 quod
1674 2956 1816 2994 diligens

51 2991 84 3022 vi
106 2991 244 3022 verbum
265 2991 346 3032 poni
368 2991 401 3022 in
425 2990 531 3024 Cassii
552 3002 603 3034 ep.
633 2995 674 3025 ad
703 2994 732 3026 F
734 3004 798 3026 am.
826 2994 909 3027 XH-
934 3002 937 3019 ¹
958 3002 1096 3042 scriptor
1126 3004 1313 3036 addidisset.
1353 3005 1435 3036 Mox
1465 3016 1648 3047 muynopere
1681 3016 1698 3037 e
1729 3007 1816 3038 Med.

53 3044 102 3082 12,
126 3045 143 3075 1
167 3049 199 3076 et
221 3045 325 3076 semel
346 3049 433 3077 certe
467 3055 487 3076 a
515 3045 583 3078 Cic.
613 3047 648 3079 in
679 3048 776 3080 Ver-r.
803 3048 830 3079 Ι.
860 3048 910 3086 32,
934 3053 937 3077 Ι
957 3056 1096 3088 restitui,

52 3098 171 3130 iterum
193 3098 329 3132 fortasse
352 3099 450 3131 Tusc.
475 3100 501 3131 1.
519 3100 559 3133 57
574 3107 689 3134 contra
702 3103 908 3144 Tregderum
933 3111 936 3161 fl

53 3152 186 3182 monuit
199 3151 355 3184 Wesenb.
371 3163 388 3184 a
405 3153 540 3185 Baitero
555 3155 596 3185 ad
611 3155 709 3187 Tusc.
724 3156 768 3187 l.l.
781 3160 911 3187 citatus.
933 3163 935 3186 ἐ
