2062 3565
0 2588 15 3183 n‘flwmmv—-u-—v-wu—
0 2526 4 2541 ψ
0 2463 8 2478 ,-

701 180 808 223 LIB.
844 180 920 223 XI.
956 180 1041 224 EP.
1079 182 1275 223 18—20.
1783 182 1864 222 155

96 319 144 356 ut
174 315 216 357 in
258 316 442 371 pessimis
487 316 619 364 rebus,
658 316 809 374 aliquid
852 332 1027 372 caveam,
1063 318 1131 372 qui
1167 317 1268 359 nihil
1304 333 1480 373 unquam
1516 318 1617 359 cavi.
1655 317 1767 358 Vale.
1806 331 1866 358 xi.

96 387 190 430 Kal.
226 388 338 430 Sext.

94 637 347 669 commoremur,
360 629 440 660 dum
453 628 582 670 aliquid
594 631 804 661 caveamus.”
832 630 961 662 eodem-
986 646 987 649 ¹
1010 632 1052 662 ad
1075 631 1277 663 Clodianum
1300 632 1472 672 negotium
1494 636 1527 663 et
1549 632 1590 663 ad
1612 631 1674 662 hoc
1695 630 1794 662 civile
1808 630 1871 662 bel-

94 691 159 724 que
188 681 257 714 fere
293 683 393 714 modo
423 682 451 714 Ι.
484 682 523 714 F.
547 681 734 714 Gronovius
756 683 838 716 haec
861 684 958 715 inter·
1009 684 1081 716 lum
1103 683 1218 716 referri
1239 684 1370 716 debent.

95 739 239 775 pretatus
267 742 326 767 est.
359 735 472 768 Verba
503 736 556 778 qui
578 735 661 767 nihil
682 747 816 779 unquam
838 736 911 769 cavi
933 741 963 769 et

710 879 799 920 XX.
867 881 934 932 (A.
978 878 1022 919 U.
1061 877 1105 920 0.
1146 879 1262 932 707).

161 1016 198 1056 1.
250 1028 363 1057 xvu.
407 1015 501 1057 Kal.
548 1017 658 1072 Sept.
706 1022 870 1058 venerat
913 1015 978 1057 die
1024 1028 1170 1056 xxnx.
1222 1015 1412 1057 Seleucea
1456 1014 1588 1056 Pieria
1632 1015 1679 1057 C.
1725 1015 1870 1057 Trebo-

94 1087 198 1139 nius,
243 1089 314 1144 qui
355 1104 396 1130 se
441 1088 689 1131 Antiocheae
739 1089 892 1131 diceret
939 1088 1048 1145 apud
1081 1087 1293 1129 Caesarem
1327 1087 1474 1129 vidisse
1508 1087 1710 1140 Quintum
1743 1087 1869 1130 filium

93 1175 185 1202 cum
229 1160 380 1203 Hirtio.
431 1162 511 1204 Eos
556 1162 605 1204 de
650 1163 820 1215 Quinto,
866 1177 968 1219 quae
1012 1161 1248 1212 voluissent,
1294 1160 1527 1216 impetrasse
1562 1161 1672 1203 nullo
1706 1160 1870 1218 quidem

93 1234 269 1289 negotio.
319 1233 439 1287 Quod
483 1250 557 1290 ego
600 1236 729 1291 magis
773 1234 1004 1291 gauderem,
1051 1234 1085 1276 si
1129 1234 1206 1275 ista
1248 1232 1365 1275 nobis
1399 1234 1614 1312 impetrza
1648 1233 1868 1290 quidquam

94 1305 143 1348 ad
187 1321 297 1362 spem
341 1308 537 1363 explorati
580 1307 790 1350 haberent.
841 1307 920 1351 Sed
969 1313 1010 1349 et
1054 1307 1132 1349 alia
1178 1306 1359 1348 timenda
1395 1312 1493 1348 sunt
1525 1307 1574 1348 ab
1608 1307 1711 1358 aliis,
1747 1313 1787 1349 et
1820 1306 1870 1349 ab

93 1379 169 1422 hoc
212 1380 300 1436 ipso
339 1395 442 1435 quae
482 1380 644 1433 dantur,
688 1387 736 1423 ut
779 1398 801 1424 a
842 1381 1021 1432 domino,
1065 1395 1202 1422 rursus
1236 1380 1281 1422 in
1315 1379 1495 1421 eiusdem
1530 1385 1626 1422 sunt
1658 1386 1869 1438 potestate.

97 1456 137 1494 2.
182 1453 318 1496 Etiam
365 1454 540 1497 Salustio
582 1456 754 1512 ignovit.
811 1456 989 1498 Omnino
1032 1453 1183 1496 dicitur
1215 1454 1370 1496 nemini
1402 1469 1562 1509 negare,
1597 1456 1705 1510 quod
1737 1456 1871 1512 ipsum

93 1530 155 1568 est
186 1531 418 1582 suspectum
450 1529 655 1571 notionem
691 1529 778 1571 eius
813 1527 978 1571 differri.
1013 1529 1074 1571 M.
1109 1529 1268 1571 Gallius
1301 1528 1353 1581 Q.
1388 1529 1435 1570 F.
1470 1529 1670 1585 mancipia
1694 1529 1870 1572 Salustio

92 1598 290 1642 reddidit:
317 1600 359 1642 Is
392 1601 516 1653 venit,
552 1606 598 1644 ut
629 1601 807 1658 legiones
840 1602 881 1644 in
917 1601 1096 1644 Siciliam
1128 1601 1382 1643 traduceret:
1419 1616 1465 1643 eo
1499 1602 1683 1657 protinus
1717 1603 1870 1644 iturum

93 1672 303 1714 Caesarem
347 1673 494 1716 Patris.
539 1674 663 1721 Quod
696 1676 730 1717 si
763 1675 897 1726 faciet,
933 1690 1022 1731 eg0‚
1057 1674 1165 1730 quod
1200 1680 1293 1716 ante
1326 1674 1501 1726 mallem,
1537 1674 1671 1730 aliquo
1704 1674 1869 1730 propius

95 1745 296 1788 accedam.
351 1746 458 1789 Tuas
488 1747 626 1790 literas
660 1748 710 1790 ad
744 1764 824 1799 eas,
860 1748 1007 1803 quibus
1042 1763 1064 1789 a
1097 1754 1137 1790 te
1171 1748 1349 1804 proxime
1384 1747 1597 1790 consilium
1631 1747 1770 1804 petivi,
1806 1762 1869 1789 ve-

96 1819 302 1861 hementer
336 1826 538 1876 exspecto.
580 1821 688 1864 Vale.
725 1835 815 1864 XVI.
852 1821 945 1863 Kal.
980 1820 1207 1877 Septembr.

137 2031 291 2064 Seleucea
315 2031 436 2063 Pieria.
460 2033 540 2065 Erat
562 2034 640 2065 urbs
663 2035 779 2076 Syriae
793 2035 960 2066 maritima
1008 2034 1098 2065 niam
1129 2035 1274 2071 dantem,
1305 2039 1416 2075 postea
1446 2035 1486 2065 de
1515 2034 1657 2075 singulis
1679 2035 1871 2076 diligentius

98 2095 164 2116 non
187 2084 289 2125 longe
312 2085 353 2116 ab
375 2083 511 2118 Orontis
534 2087 618 2118 ostio
641 2087 714 2118 sita.
737 2087 778 2118 cf.
803 2087 890 2119 Plin.
914 2087 958 2119 H.
1007 2096 1077 2118 esse
1100 2086 1322 2127 cogniturum.
1346 2085 1511 2117 Notionem
1534 2086 1599 2118 dici
1622 2087 1801 2128 aliquando
1813 2097 1872 2129 pro

96 2137 137 2168 N.
162 2137 204 2168 V.
228 2137 280 2171 79.
983 2136 1199 2180 fcognitione
1233 2139 1346 2170 docuit
1377 2137 1567 2171 Gronovius
1601 2140 1642 2171 ad
1671 2139 1748 2172 Tac.
1779 2141 1871 2172 Ann.

136 2189 185 2220 De
209 2189 327 2230 Quinto
349 2197 449 2233 patre,
476 2197 509 2224 ut
532 2192 565 2223 in
591 2192 739 2225 Caesaris
759 2194 900 2234 gratiam
914 2204 960 2226 re·
984 2201 985 2240 J
1006 2192 1069 2224 ΙΙΙ.
1101 2193 1151 2230 59,
1182 2192 1283 2224 allato
1318 2197 1446 2233 praeter
1466 2192 1500 2224 h.
1524 2192 1547 2223 1.
1571 2193 1636 2224 alio
1659 2202 1703 2225 ex
1724 2193 1871 2226 oratione

99 2242 274 2283 ciperetur.
983 2242 1039 2288 lp.
1075 2247 1175 2278 domo
1204 2246 1255 2278 35.
1297 2246 1371 2287 Ego
1401 2246 1455 2278 vel
1483 2246 1688 2288 coqnitionem
1720 2247 1772 2279 vel
1795 2257 1871 2279 cum

138 2295 177 2328 Si
196 2295 262 2327 ista
284 2297 371 2328 nobi-s·
392 2297 563 2339 impetrata
586 2306 647 2331 cet.
682 2299 776 2331 Nobis
798 2301 921 2341 pendet
942 2310 962 2331 a
984 2301 986 2337 f
1007 2299 1134 2332 Orellio
1163 2299 1313 2331 ultionem
1343 2300 1376 2331 h.
1409 2300 1420 2330 1
1465 2310 1485 2331 a
1514 2299 1677 2332 Cicerone
1714 2301 1872 2342 seriptum

98 2359 128 2379 v.
151 2348 312 2387 haberent,
339 2349 451 2391 itaque
474 2351 547 2383 loco
569 2362 638 2383 non
661 2362 721 2384 suo
743 2353 887 2394 ponitur,
904 2354 962 2385 sed
984 2354 986 2394 j
1008 2352 1108 2384 fuisse
1131 2353 1252 2384 iudico.
1293 2352 1359 2383 1110
1382 2353 1481 2384 modo
1504 2358 1650 2384 erratum
1671 2358 1720 2385 est
1740 2363 1872 2395 quoque

97 2401 151 2433 vel
172 2406 250 2433 ante
271 2402 335 2432 isca
357 2402 411 2434 vel
434 2409 507 2444 post
534 2404 705 2444 impetrata
728 2405 962 2437 collocandum
984 2402 986 2431 !
1008 2405 1042 2436 in
1069 2404 1160 2438 Orat.
1193 2405 1211 2446 ξ
1245 2405 1314 2442 135,
1345 2405 1402 2436 ubi
1431 2415 1491 2446 pro
1521 2405 1640 2437 vitioso
1661 2405 1834 2448 questionis
1857 2416 1873 2438 e

96 2459 154 2487 est.
182 2455 267 2486 Mox
295 2466 353 2497 pro
374 2456 414 2487 ab
435 2456 512 2487 aliis
541 2458 631 2490 Med.
654 2464 686 2490 et
708 2459 799 2491 editt.
822 2465 891 2491 vett
924 2460 962 2491 ab
984 2457 987 2497 i
1008 2459 1136 2490 duobus
1171 2459 1207 2490 ll.
1237 2463 1420 2490 correctum
1449 2463 1497 2490 est
1518 2458 1760 2500 conquestionis,
1785 2466 1816 2491 et
1839 2460 1872 2491 in

97 2508 240 2550 aliisque.
282 2509 348 2550 Que
370 2510 495 2541 iamdiu
519 2516 605 2543 recte
628 2513 774 2544 deletum
796 2513 963 2545 revocavit
1009 2511 1115 2542 Bruto
1139 2512 1157 2552 ξ
1182 2511 1251 2549 142,
1282 2511 1340 2542 ubi
1373 2511 1557 2542 Lambinus
1579 2517 1666 2543 recte
1688 2512 1819 2553 scripsit
1840 2512 1872 2542 in

99 2562 261 2600 Klotzius‚
285 2564 385 2595 verba
408 2564 494 2596 male
517 2565 762 2606 interpretatus.
985 2569 988 2590 ἵ
1007 2563 1279 2605 conquestionibus
1300 2573 1359 2605 pro
1376 2564 1537 2595 librorum
1553 2564 1704 2596 omnium
1717 2565 1875 2606 scriptum

141 2615 160 2654 ς
192 2615 222 2646 2.
253 2615 400 2647 Sallustio
433 2616 562 2658 iynovet.
587 2617 629 2648 In
653 2617 773 2650 Onom.
796 2619 886 2651 Tun.
909 2619 962 2651 hie
985 2607 987 2654 l
1009 2616 1042 2647 in
1065 2616 1288 2658 questionibus.

98 2667 191 2699 locus
227 2677 399 2709 perperam
440 2668 579 2700 refertur
619 2671 659 2701 ad
701 2670 736 2702 C.
779 2670 963 2704 Salustium
985 2658 989 2717 i
1054 2669 1098 2700 Μ.
1123 2669 1248 2700 Gallius
1271 2670 1426 2710 mancipia
1452 2670 1597 2702 Salumo
1617 2669 1760 2702 reddidi!
1811 2671 1874 2702 Ille

100 2721 255 2763 Crispum
282 2721 488 2754 historicum.
518 2723 606 2754 Nam
641 2724 706 2756 nisi
728 2725 782 2756 hic
805 2726 846 2756 ab
868 2726 965 2758 initio
986 2730 989 2737 ’
1010 2723 1109 2755 huius
1136 2723 1332 2765 Pompeiani
1367 2733 1479 2755 servos
1502 2729 1538 2755 ut
1559 2724 1713 2765 praedam
1736 2734 1871 2765 occupa·

98 2774 274 2807 Caesarem
296 2781 382 2807 esset
404 2782 543 2813 secutus,
567 2787 635 2808 non
657 2778 720 2809 hoe
742 2779 859 2810 eodem
875 2789 965 2811 anno
1011 2782 1112 2809 verat,
1137 2777 1236 2809 Nunc
1258 2778 1292 2809 in
1318 2778 1458 2819 gratiam
1481 2778 1629 2810 Caesaris
1651 2784 1782 2820 recepto
1804 2780 1872 2810 red·

100 2827 251 2860 Africam
279 2838 356 2860 cum
384 2829 522 2870 imperio
552 2831 777 2871 proconsulari
800 2833 964 2865 obtinuis-
987 2829 991 2866 l
1013 2830 1108 2862 didit-

99 2884 159 2917 set,
179 2885 217 2911 ut
238 2880 338 2912 tradit
359 2881 498 2922 scriptor
519 2882 560 2913 de
586 2882 672 2914 bello
694 2883 768 2914 Afr.
792 2893 819 2915 c.
845 2885 895 2917 97.
918 2886 967 2917 At
988 2868 992 2925 l
1056 2883 1140 2914 XVI
1160 2884 1235 2915 Kal.
1262 2885 1301 2916 In
1325 2884 1423 2916 scidis
1437 2882 1540 2915 Wirz.
1558 2884 1679 2924 legitur
1694 2883 1789 2915 XIII
1799 2884 1872 2914 Kal.

99 2933 185 2964 nihil
207 2933 323 2972 obstat,
347 2935 526 2975 quominus
547 2935 628 2968 haec
646 2937 831 2969 referantur
844 2939 886 2970 ad
904 2938 966 2971 Cn.
988 2930 992 2976 Ι

100 2985 295 3026 Salustium,
329 2989 371 3020 ad
403 2998 502 3030 quem
533 2990 653 3031 scripta
682 2996 730 3022 est
759 3001 809 3034 ep.
848 2992 885 3026 17
909 2977 992 3025 lib.3

102 3039 151 3070 11.
172 3038 266 3072 Fam.
290 3045 322 3072 et
343 3041 401 3082 qui
424 3041 617 3074 nominatur
637 3043 673 3074 in
695 3042 797 3076 xiv.
822 3044 858 3076 11
884 3045 966 3077 ibid.
990 3035 992 3064 ῑ

102 3092 187 3124 eth.
209 3093 232 3125 1.
256 3093 305 3132 11,
328 3095 358 3126 2.
989 3083 993 3130 ἓ

148 3145 239 3187 Quod
260 3147 359 3189 ipsum
382 3167 424 3172 -
452 3148 577 3191 differri
598 3159 632 3182 0:
656 3152 745 3193 quod
766 3152 877 3193 ipsum
898 3161 967 3185 mo-
990 3133 993 3153 ⁵

101 3202 158 3230 vet
179 3200 410 3243 suspicionem,
433 3202 610 3236 caesarem
631 3213 724 3238 nunc
736 3205 894 3240 omnibus
913 3216 966 3238 ve-

1890 1621 1923 1646 ln
