<?xml version="1.0" encoding="UTF-8"?>
<!DOCTYPE html PUBLIC "-//W3C//DTD XHTML 1.0 Transitional//EN"
    "http://www.w3.org/TR/xhtml1/DTD/xhtml1-transitional.dtd">
<html xmlns="http://www.w3.org/1999/xhtml" xml:lang="en" lang="en">
 <head>
  <title>
</title>
<meta http-equiv="Content-Type" content="text/html;charset=utf-8" />
  <meta name='ocr-system' content='tesseract 3.04.00' />
  <meta name='ocr-capabilities' content='ocr_page ocr_carea ocr_par ocr_line ocrx_word'/>
</head>
<body>
  <div class='ocr_page' id='page_1' title='image "./epistolarumadtpo02ciceuoft_0337.png"; bbox 0 0 2062 3565; ppageno 0'>
   <div class='ocr_carea' id='block_1_1' title="bbox 133 141 1905 1370">
    <p class='ocr_par' dir='ltr' id='par_1_1' title="bbox 133 141 1905 1370">
     <span class='ocr_line' id='line_1_1' title="bbox 739 141 1897 187; baseline 0.001 -1"><span class='ocrx_word' id='word_1_1' title='bbox 739 141 845 186; x_wconf 80' lang='lat' dir='ltr'><strong>LIB.</strong></span> <span class='ocrx_word' id='word_1_2' title='bbox 879 143 972 186; x_wconf 88' lang='lat' dir='ltr'><strong>XV.</strong></span> <span class='ocrx_word' id='word_1_3' title='bbox 1008 143 1090 186; x_wconf 83' lang='grc' dir='ltr'><strong>ΕΡ.</strong></span> <span class='ocrx_word' id='word_1_4' title='bbox 1129 145 1198 186; x_wconf 79' lang='grc'><strong>14.</strong></span> <span class='ocrx_word' id='word_1_5' title='bbox 1237 145 1307 185; x_wconf 88' lang='grc'><strong>15.</strong></span> <span class='ocrx_word' id='word_1_6' title='bbox 1814 148 1897 187; x_wconf 76' lang='lat'><strong>327</strong></span> 
     </span>
     <span class='ocr_line' id='line_1_2' title="bbox 141 277 1901 341; baseline -0.001 -17"><span class='ocrx_word' id='word_1_7' title='bbox 141 282 427 340; x_wconf 81' lang='lat' dir='ltr'><strong>promissorum</strong></span> <span class='ocrx_word' id='word_1_8' title='bbox 461 282 548 324; x_wconf 89' lang='lat' dir='ltr'><strong>eius</strong></span> <span class='ocrx_word' id='word_1_9' title='bbox 582 281 835 331; x_wconf 82' lang='lat' dir='ltr'><strong>Ammonius,</strong></span> <span class='ocrx_word' id='word_1_10' title='bbox 871 295 971 335; x_wconf 81' lang='lat' dir='ltr'><strong>quae</strong></span> <span class='ocrx_word' id='word_1_11' title='bbox 1005 279 1168 336; x_wconf 82' lang='lat' dir='ltr'><strong>quidem</strong></span> <span class='ocrx_word' id='word_1_12' title='bbox 1202 287 1316 322; x_wconf 90' lang='lat' dir='ltr'><strong>eraut</strong></span> <span class='ocrx_word' id='word_1_13' title='bbox 1348 277 1595 341; x_wconf 79' lang='grc' dir='ltr'><em>φιλόλογα</em></span> <span class='ocrx_word' id='word_1_14' title='bbox 1630 287 1670 323; x_wconf 90' lang='lat' dir='ltr'><strong>et</strong></span> <span class='ocrx_word' id='word_1_15' title='bbox 1692 281 1901 337; x_wconf 76' lang='lat' dir='ltr'><strong>dignitatis</strong></span> 
     </span>
     <span class='ocr_line' id='line_1_3' title="bbox 141 354 1900 411; baseline -0.002 -12"><span class='ocrx_word' id='word_1_16' title='bbox 141 371 266 408; x_wconf 84' lang='lat' dir='ltr'><strong>meae,</strong></span> <span class='ocrx_word' id='word_1_17' title='bbox 299 361 348 399; x_wconf 89' lang='lat' dir='ltr'><strong>ut</strong></span> <span class='ocrx_word' id='word_1_18' title='bbox 379 356 442 397; x_wconf 89' lang='lat' dir='ltr'><strong>vel</strong></span> <span class='ocrx_word' id='word_1_19' title='bbox 474 356 518 398; x_wconf 89' lang='lat' dir='ltr'><strong>in</strong></span> <span class='ocrx_word' id='word_1_20' title='bbox 548 356 736 398; x_wconf 89' lang='lat' dir='ltr'><strong>contione</strong></span> <span class='ocrx_word' id='word_1_21' title='bbox 769 355 900 397; x_wconf 80' lang='lat' dir='ltr'><strong>dicere</strong></span> <span class='ocrx_word' id='word_1_22' title='bbox 934 354 1135 396; x_wconf 80' lang='lat' dir='ltr'><strong>auderem.</strong></span> <span class='ocrx_word' id='word_1_23' title='bbox 1170 356 1295 397; x_wconf 89' lang='lat' dir='ltr'><strong>Saran</strong></span> <span class='ocrx_word' id='word_1_24' title='bbox 1328 360 1462 397; x_wconf 89' lang='lat' dir='ltr'><strong>autem</strong></span> <span class='ocrx_word' id='word_1_25' title='bbox 1496 359 1774 411; x_wconf 76' lang='lat' dir='ltr'><strong>praeterquam</strong></span> <span class='ocrx_word' id='word_1_26' title='bbox 1795 355 1900 411; x_wconf 82' lang='lat' dir='ltr'><strong>quod</strong></span> 
     </span>
     <span class='ocr_line' id='line_1_4' title="bbox 139 429 1901 485; baseline -0.001 -14"><span class='ocrx_word' id='word_1_27' title='bbox 139 429 336 472; x_wconf 83' lang='lat' dir='ltr'><strong>nefarium</strong></span> <span class='ocrx_word' id='word_1_28' title='bbox 380 430 598 482; x_wconf 90' lang='lat' dir='ltr'><strong>hominem,</strong></span> <span class='ocrx_word' id='word_1_29' title='bbox 646 429 815 485; x_wconf 84' lang='lat' dir='ltr'>cognovi</span> <span class='ocrx_word' id='word_1_30' title='bbox 863 433 1066 485; x_wconf 88' lang='lat' dir='ltr'><strong>praeterea</strong></span> <span class='ocrx_word' id='word_1_31' title='bbox 1110 429 1152 470; x_wconf 88' lang='grc'><strong>111</strong></span> <span class='ocrx_word' id='word_1_32' title='bbox 1197 444 1259 470; x_wconf 87' lang='grc'><strong>1110</strong></span> <span class='ocrx_word' id='word_1_33' title='bbox 1306 435 1597 471; x_wconf 77' lang='lat' dir='ltr'>contumacem.</span> <span class='ocrx_word' id='word_1_34' title='bbox 1648 429 1778 471; x_wconf 90' lang='lat' dir='ltr'><strong>Semel</strong></span> <span class='ocrx_word' id='word_1_35' title='bbox 1811 444 1901 471; x_wconf 88' lang='lat' dir='ltr'><strong>eum</strong></span> 
     </span>
     <span class='ocr_line' id='line_1_5' title="bbox 141 499 1899 562; baseline -0.002 -16"><span class='ocrx_word' id='word_1_36' title='bbox 141 503 304 546; x_wconf 87' lang='lat' dir='ltr'><strong>omnino</strong></span> <span class='ocrx_word' id='word_1_37' title='bbox 348 503 457 546; x_wconf 92' lang='lat' dir='ltr'><strong>domi</strong></span> <span class='ocrx_word' id='word_1_38' title='bbox 500 520 610 546; x_wconf 85' lang='lat' dir='ltr'><strong>meae</strong></span> <span class='ocrx_word' id='word_1_39' title='bbox 654 504 752 546; x_wconf 91' lang='lat' dir='ltr'><strong>vidi.</strong></span> <span class='ocrx_word' id='word_1_40' title='bbox 802 503 939 556; x_wconf 78' lang='lat' dir='ltr'><strong>Quum</strong></span> <span class='ocrx_word' id='word_1_41' title='bbox 984 499 1305 562; x_wconf 75' lang='grc' dir='ltr'><strong><em>φιλοφρόνως</em></strong></span> <span class='ocrx_word' id='word_1_42' title='bbox 1353 518 1400 544; x_wconf 86' lang='lat' dir='ltr'><strong>ex</strong></span> <span class='ocrx_word' id='word_1_43' title='bbox 1444 519 1490 544; x_wconf 90' lang='lat' dir='ltr'><strong>eo</strong></span> <span class='ocrx_word' id='word_1_44' title='bbox 1531 518 1758 558; x_wconf 80' lang='lat' dir='ltr'><strong>quaererem</strong></span> <span class='ocrx_word' id='word_1_45' title='bbox 1804 502 1899 558; x_wconf 86' lang='lat' dir='ltr'><strong>quid</strong></span> 
     </span>
     <span class='ocr_line' id='line_1_6' title="bbox 140 576 1900 633; baseline -0.001 -15"><span class='ocrx_word' id='word_1_46' title='bbox 140 591 240 633; x_wconf 90' lang='lat' dir='ltr'><strong>opus</strong></span> <span class='ocrx_word' id='word_1_47' title='bbox 281 581 398 626; x_wconf 89' lang='lat' dir='ltr'><strong>esset,</strong></span> <span class='ocrx_word' id='word_1_48' title='bbox 444 577 628 619; x_wconf 89' lang='lat' dir='ltr'><strong>Atticum</strong></span> <span class='ocrx_word' id='word_1_49' title='bbox 662 592 702 618; x_wconf 90' lang='lat' dir='ltr'><strong>se</strong></span> <span class='ocrx_word' id='word_1_50' title='bbox 735 576 840 618; x_wconf 87' lang='lat' dir='ltr'><strong>dixit</strong></span> <span class='ocrx_word' id='word_1_51' title='bbox 872 590 1075 630; x_wconf 79' lang='lat' dir='ltr'><strong>quaerere.</strong></span> <span class='ocrx_word' id='word_1_52' title='bbox 1127 576 1364 632; x_wconf 79' lang='lat' dir='ltr'><strong>Super-biam</strong></span> <span class='ocrx_word' id='word_1_53' title='bbox 1398 583 1531 619; x_wconf 90' lang='lat' dir='ltr'><strong>autem</strong></span> <span class='ocrx_word' id='word_1_54' title='bbox 1565 577 1692 633; x_wconf 85' lang='lat' dir='ltr'><strong>ipsius</strong></span> <span class='ocrx_word' id='word_1_55' title='bbox 1726 576 1900 631; x_wconf 83' lang='lat' dir='ltr'><strong>reginae,</strong></span> 
     </span>
     <span class='ocr_line' id='line_1_7' title="bbox 140 640 1902 706; baseline 0 -15"><span class='ocrx_word' id='word_1_56' title='bbox 140 640 265 706; x_wconf 64' lang='lat' dir='ltr'><strong>(fuum</strong></span> <span class='ocrx_word' id='word_1_57' title='bbox 297 657 402 692; x_wconf 86' lang='lat' dir='ltr'><strong>esset</strong></span> <span class='ocrx_word' id='word_1_58' title='bbox 433 655 544 692; x_wconf 88' lang='lat' dir='ltr'><strong>trans</strong></span> <span class='ocrx_word' id='word_1_59' title='bbox 577 649 754 692; x_wconf 85' lang='lat' dir='ltr'><strong>Tiberim</strong></span> <span class='ocrx_word' id='word_1_60' title='bbox 787 649 830 691; x_wconf 90' lang='lat' dir='ltr'><strong>in</strong></span> <span class='ocrx_word' id='word_1_61' title='bbox 864 648 1006 700; x_wconf 79' lang='lat' dir='ltr'><strong>hortis,</strong></span> <span class='ocrx_word' id='word_1_62' title='bbox 1042 664 1349 692; x_wconf 88' lang='lat' dir='ltr'><strong>commemorare</strong></span> <span class='ocrx_word' id='word_1_63' title='bbox 1383 651 1469 692; x_wconf 90' lang='lat' dir='ltr'><strong>sine</strong></span> <span class='ocrx_word' id='word_1_64' title='bbox 1501 665 1648 706; x_wconf 85' lang='lat' dir='ltr'><strong>magno</strong></span> <span class='ocrx_word' id='word_1_65' title='bbox 1670 650 1805 692; x_wconf 90' lang='lat' dir='ltr'><strong>dolore</strong></span> <span class='ocrx_word' id='word_1_66' title='bbox 1822 665 1902 692; x_wconf 90' lang='lat' dir='ltr'><strong>non</strong></span> 
     </span>
     <span class='ocr_line' id='line_1_8' title="bbox 140 722 1903 781; baseline -0.002 -14"><span class='ocrx_word' id='word_1_67' title='bbox 140 739 316 781; x_wconf 88' lang='lat' dir='ltr'><strong>possum.</strong></span> <span class='ocrx_word' id='word_1_68' title='bbox 366 723 484 766; x_wconf 87' lang='lat' dir='ltr'><strong>Nihil</strong></span> <span class='ocrx_word' id='word_1_69' title='bbox 526 723 652 778; x_wconf 86' lang='lat' dir='ltr'><strong>igitur</strong></span> <span class='ocrx_word' id='word_1_70' title='bbox 697 737 787 764; x_wconf 89' lang='lat' dir='ltr'><strong>cum</strong></span> <span class='ocrx_word' id='word_1_71' title='bbox 833 722 936 773; x_wconf 75' lang='lat' dir='ltr'><strong>istis,</strong></span> <span class='ocrx_word' id='word_1_72' title='bbox 969 737 1043 763; x_wconf 88' lang='grc'><strong>1100</strong></span> <span class='ocrx_word' id='word_1_73' title='bbox 1075 726 1159 764; x_wconf 86' lang='lat' dir='ltr'><strong>tam</strong></span> <span class='ocrx_word' id='word_1_74' title='bbox 1192 723 1371 765; x_wconf 89' lang='lat' dir='ltr'><strong>animum</strong></span> <span class='ocrx_word' id='word_1_75' title='bbox 1404 739 1467 765; x_wconf 91' lang='lat' dir='ltr'><strong>me</strong></span> <span class='ocrx_word' id='word_1_76' title='bbox 1501 738 1621 778; x_wconf 86' lang='lat' dir='ltr'><strong>quam</strong></span> <span class='ocrx_word' id='word_1_77' title='bbox 1654 722 1903 765; x_wconf 85' lang='lat' dir='ltr'><strong>stomachum</strong></span> 
     </span>
     <span class='ocr_line' id='line_1_9' title="bbox 140 795 1905 853; baseline -0.001 -13"><span class='ocrx_word' id='word_1_78' title='bbox 140 797 286 840; x_wconf 86' lang='lat' dir='ltr'><strong>habere</strong></span> <span class='ocrx_word' id='word_1_79' title='bbox 334 796 595 840; x_wconf 87' lang='lat' dir='ltr'><strong>arbitrantur.</strong></span> <span class='ocrx_word' id='word_1_80' title='bbox 644 798 686 838; x_wconf 83' lang='lat'><strong>3.</strong></span> <span class='ocrx_word' id='word_1_81' title='bbox 731 795 1024 838; x_wconf 75' lang='lat' dir='ltr'><strong>Profectionem</strong></span> <span class='ocrx_word' id='word_1_82' title='bbox 1069 811 1212 847; x_wconf 85' lang='lat' dir='ltr'><strong>meam,</strong></span> <span class='ocrx_word' id='word_1_83' title='bbox 1248 801 1294 838; x_wconf 88' lang='lat' dir='ltr'><strong>ut</strong></span> <span class='ocrx_word' id='word_1_84' title='bbox 1325 797 1456 848; x_wconf 89' lang='lat' dir='ltr'><strong>video,</strong></span> <span class='ocrx_word' id='word_1_85' title='bbox 1492 797 1626 838; x_wconf 87' lang='lat' dir='ltr'><strong>Erotis</strong></span> <span class='ocrx_word' id='word_1_86' title='bbox 1659 797 1905 853; x_wconf 73' lang='lat' dir='ltr'><strong>dispensatio</strong></span> 
     </span>
     <span class='ocr_line' id='line_1_10' title="bbox 138 869 1905 929; baseline -0.001 -15"><span class='ocrx_word' id='word_1_87' title='bbox 138 871 323 929; x_wconf 85' lang='lat' dir='ltr'><strong>impedit.</strong></span> <span class='ocrx_word' id='word_1_88' title='bbox 377 872 485 914; x_wconf 90' lang='lat' dir='ltr'><strong>Nam</strong></span> <span class='ocrx_word' id='word_1_89' title='bbox 529 886 654 927; x_wconf 89' lang='lat' dir='ltr'><strong>quum</strong></span> <span class='ocrx_word' id='word_1_90' title='bbox 702 886 750 911; x_wconf 88' lang='lat' dir='ltr'><strong>ex</strong></span> <span class='ocrx_word' id='word_1_91' title='bbox 800 869 977 925; x_wconf 88' lang='lat' dir='ltr'><strong>reliquis,</strong></span> <span class='ocrx_word' id='word_1_92' title='bbox 1027 884 1130 925; x_wconf 89' lang='lat' dir='ltr'><strong>quae</strong></span> <span class='ocrx_word' id='word_1_93' title='bbox 1179 871 1312 912; x_wconf 89' lang='lat' dir='ltr'><strong>Nonis</strong></span> <span class='ocrx_word' id='word_1_94' title='bbox 1362 871 1491 927; x_wconf 73' lang='lat' dir='ltr'><strong>April.</strong></span> <span class='ocrx_word' id='word_1_95' title='bbox 1541 871 1650 922; x_wconf 83' lang='lat' dir='ltr'><strong>fecit,</strong></span> <span class='ocrx_word' id='word_1_96' title='bbox 1700 870 1905 913; x_wconf 86' lang='lat' dir='ltr'><strong>abundare</strong></span> 
     </span>
     <span class='ocr_line' id='line_1_11' title="bbox 138 942 1904 1003; baseline -0.001 -16"><span class='ocrx_word' id='word_1_97' title='bbox 138 945 320 997; x_wconf 82' lang='lat' dir='ltr'><strong>debeam,</strong></span> <span class='ocrx_word' id='word_1_98' title='bbox 370 960 490 1001; x_wconf 88' lang='lat' dir='ltr'><strong>cogor</strong></span> <span class='ocrx_word' id='word_1_99' title='bbox 535 944 728 994; x_wconf 86' lang='lat' dir='ltr'><strong>mutuari,</strong></span> <span class='ocrx_word' id='word_1_100' title='bbox 764 942 952 999; x_wconf 91' lang='lat' dir='ltr'><strong>quodque</strong></span> <span class='ocrx_word' id='word_1_101' title='bbox 985 957 1033 983; x_wconf 86' lang='lat' dir='ltr'><strong>ex</strong></span> <span class='ocrx_word' id='word_1_102' title='bbox 1067 943 1156 984; x_wconf 88' lang='lat' dir='ltr'><strong>istis</strong></span> <span class='ocrx_word' id='word_1_103' title='bbox 1189 943 1406 985; x_wconf 71' lang='lat' dir='ltr'><strong>fructuosis</strong></span> <span class='ocrx_word' id='word_1_104' title='bbox 1439 943 1559 985; x_wconf 89' lang='lat' dir='ltr'><strong>rebus</strong></span> <span class='ocrx_word' id='word_1_105' title='bbox 1592 948 1796 1003; x_wconf 82' lang='lat' dir='ltr'><strong>receptum</strong></span> <span class='ocrx_word' id='word_1_106' title='bbox 1831 950 1904 996; x_wconf 88' lang='lat' dir='ltr'><strong>est,</strong></span> 
     </span>
     <span class='ocr_line' id='line_1_12' title="bbox 136 1015 1903 1075; baseline -0.002 -12"><span class='ocrx_word' id='word_1_107' title='bbox 136 1019 180 1063; x_wconf 91' lang='lat' dir='ltr'><strong>id</strong></span> <span class='ocrx_word' id='word_1_108' title='bbox 222 1034 296 1075; x_wconf 87' lang='lat' dir='ltr'><strong>ego</strong></span> <span class='ocrx_word' id='word_1_109' title='bbox 339 1019 391 1061; x_wconf 88' lang='lat' dir='ltr'><strong>ad</strong></span> <span class='ocrx_word' id='word_1_110' title='bbox 432 1018 534 1060; x_wconf 88' lang='lat' dir='ltr'><strong>illud</strong></span> <span class='ocrx_word' id='word_1_111' title='bbox 581 1017 718 1060; x_wconf 88' lang='lat' dir='ltr'><strong>fanum</strong></span> <span class='ocrx_word' id='word_1_112' title='bbox 761 1016 981 1072; x_wconf 83' lang='lat' dir='ltr'><strong>sepositum</strong></span> <span class='ocrx_word' id='word_1_113' title='bbox 1025 1015 1233 1071; x_wconf 84' lang='lat' dir='ltr'><strong>putabam.</strong></span> <span class='ocrx_word' id='word_1_114' title='bbox 1287 1017 1364 1059; x_wconf 88' lang='lat' dir='ltr'><strong>Sed</strong></span> <span class='ocrx_word' id='word_1_115' title='bbox 1398 1017 1496 1060; x_wconf 88' lang='lat' dir='ltr'><strong>haec</strong></span> <span class='ocrx_word' id='word_1_116' title='bbox 1530 1018 1669 1059; x_wconf 89' lang='grc' dir='ltr'><strong>Τ11ο111</strong></span> <span class='ocrx_word' id='word_1_117' title='bbox 1701 1017 1903 1069; x_wconf 87' lang='lat' dir='ltr'><strong>mandavi,</strong></span> 
     </span>
     <span class='ocr_line' id='line_1_13' title="bbox 138 1088 1905 1150; baseline -0.001 -15"><span class='ocrx_word' id='word_1_118' title='bbox 138 1108 257 1150; x_wconf 92' lang='lat' dir='ltr'><strong>quem</strong></span> <span class='ocrx_word' id='word_1_119' title='bbox 290 1091 342 1135; x_wconf 93' lang='lat' dir='ltr'><strong>ob</strong></span> <span class='ocrx_word' id='word_1_120' title='bbox 375 1107 463 1134; x_wconf 89' lang='lat' dir='ltr'><strong>eam</strong></span> <span class='ocrx_word' id='word_1_121' title='bbox 496 1106 657 1133; x_wconf 87' lang='lat' dir='ltr'><strong>causam</strong></span> <span class='ocrx_word' id='word_1_122' title='bbox 691 1090 860 1132; x_wconf 84' lang='lat' dir='ltr'><strong>Romam</strong></span> <span class='ocrx_word' id='word_1_123' title='bbox 893 1089 999 1131; x_wconf 87' lang='lat' dir='ltr'><strong>misi.</strong></span> <span class='ocrx_word' id='word_1_124' title='bbox 1034 1089 1089 1130; x_wconf 86' lang='lat' dir='ltr'><strong>Te</strong></span> <span class='ocrx_word' id='word_1_125' title='bbox 1121 1088 1235 1130; x_wconf 85' lang='lat' dir='ltr'><strong>nolui</strong></span> <span class='ocrx_word' id='word_1_126' title='bbox 1268 1089 1509 1145; x_wconf 88' lang='lat' dir='ltr'><strong>impeditum</strong></span> <span class='ocrx_word' id='word_1_127' title='bbox 1542 1090 1751 1146; x_wconf 86' lang='lat' dir='ltr'><strong>impedire.</strong></span> <span class='ocrx_word' id='word_1_128' title='bbox 1779 1093 1820 1132; x_wconf 77' lang='lat'><strong>4.</strong></span> <span class='ocrx_word' id='word_1_129' title='bbox 1839 1091 1905 1133; x_wconf 86' lang='lat' dir='ltr'><strong>Ci-</strong></span> 
     </span>
     <span class='ocr_line' id='line_1_14' title="bbox 140 1163 1904 1222; baseline -0.002 -12"><span class='ocrx_word' id='word_1_130' title='bbox 140 1182 230 1210; x_wconf 89' lang='lat' dir='ltr'><strong>cero</strong></span> <span class='ocrx_word' id='word_1_131' title='bbox 261 1171 398 1210; x_wconf 89' lang='lat' dir='ltr'><strong>noster</strong></span> <span class='ocrx_word' id='word_1_132' title='bbox 431 1181 511 1222; x_wconf 92' lang='lat' dir='ltr'><strong>quo</strong></span> <span class='ocrx_word' id='word_1_133' title='bbox 543 1165 762 1208; x_wconf 87' lang='lat' dir='ltr'><strong>modestior</strong></span> <span class='ocrx_word' id='word_1_134' title='bbox 795 1169 869 1216; x_wconf 88' lang='lat' dir='ltr'><strong>est,</strong></span> <span class='ocrx_word' id='word_1_135' title='bbox 904 1178 950 1205; x_wconf 92' lang='lat' dir='ltr'><strong>eo</strong></span> <span class='ocrx_word' id='word_1_136' title='bbox 984 1178 1046 1204; x_wconf 89' lang='lat' dir='ltr'><strong>me</strong></span> <span class='ocrx_word' id='word_1_137' title='bbox 1089 1163 1215 1218; x_wconf 86' lang='lat' dir='ltr'><strong>magis</strong></span> <span class='ocrx_word' id='word_1_138' title='bbox 1249 1169 1484 1206; x_wconf 89' lang='lat' dir='ltr'><strong>commovet.</strong></span> <span class='ocrx_word' id='word_1_139' title='bbox 1522 1164 1584 1205; x_wconf 64' lang='lat' dir='ltr'><strong>,id</strong></span> <span class='ocrx_word' id='word_1_140' title='bbox 1617 1180 1680 1206; x_wconf 91' lang='lat' dir='ltr'><strong>me</strong></span> <span class='ocrx_word' id='word_1_141' title='bbox 1714 1166 1821 1206; x_wconf 89' lang='lat' dir='ltr'><strong>enim</strong></span> <span class='ocrx_word' id='word_1_142' title='bbox 1856 1165 1904 1206; x_wconf 90' lang='lat' dir='ltr'><strong>de</strong></span> 
     </span>
     <span class='ocr_line' id='line_1_15' title="bbox 137 1228 1903 1295; baseline -0.001 -14"><span class='ocrx_word' id='word_1_143' title='bbox 137 1240 211 1282; x_wconf 88' lang='lat' dir='ltr'><strong>hac</strong></span> <span class='ocrx_word' id='word_1_144' title='bbox 245 1256 287 1282; x_wconf 91' lang='lat' dir='ltr'><strong>re</strong></span> <span class='ocrx_word' id='word_1_145' title='bbox 321 1239 425 1284; x_wconf 89' lang='lat' dir='ltr'><strong>nihil</strong></span> <span class='ocrx_word' id='word_1_146' title='bbox 459 1228 633 1295; x_wconf 85' lang='lat' dir='ltr'><strong>scripsit,</strong></span> <span class='ocrx_word' id='word_1_147' title='bbox 669 1238 719 1280; x_wconf 88' lang='lat' dir='ltr'><strong>ad</strong></span> <span class='ocrx_word' id='word_1_148' title='bbox 752 1253 872 1294; x_wconf 92' lang='lat' dir='ltr'><strong>quem</strong></span> <span class='ocrx_word' id='word_1_149' title='bbox 904 1236 1096 1278; x_wconf 86' lang='lat' dir='ltr'><strong>nimirum</strong></span> <span class='ocrx_word' id='word_1_150' title='bbox 1130 1236 1382 1292; x_wconf 88' lang='lat' dir='ltr'><strong>potissimum</strong></span> <span class='ocrx_word' id='word_1_151' title='bbox 1419 1237 1573 1279; x_wconf 89' lang='lat' dir='ltr'><strong>debuit.</strong></span> <span class='ocrx_word' id='word_1_152' title='bbox 1627 1239 1796 1294; x_wconf 84' lang='lat' dir='ltr'><strong>Scripsit</strong></span> <span class='ocrx_word' id='word_1_153' title='bbox 1829 1239 1903 1280; x_wconf 87' lang='grc'><strong>1100</strong></span> 
     </span>
     <span class='ocr_line' id='line_1_16' title="bbox 133 1310 1904 1370; baseline -0.003 -12"><span class='ocrx_word' id='word_1_154' title='bbox 133 1319 268 1358; x_wconf 77' lang='lat' dir='ltr'><strong>autem</strong></span> <span class='ocrx_word' id='word_1_155' title='bbox 312 1314 363 1359; x_wconf 86' lang='lat' dir='ltr'><strong>ad</strong></span> <span class='ocrx_word' id='word_1_156' title='bbox 407 1314 610 1366; x_wconf 84' lang='lat' dir='ltr'><strong>Tironem,</strong></span> <span class='ocrx_word' id='word_1_157' title='bbox 656 1312 734 1356; x_wconf 90' lang='lat' dir='ltr'><strong>sibi</strong></span> <span class='ocrx_word' id='word_1_158' title='bbox 777 1317 868 1370; x_wconf 87' lang='lat' dir='ltr'><strong>post</strong></span> <span class='ocrx_word' id='word_1_159' title='bbox 914 1310 1006 1353; x_wconf 82' lang='lat' dir='ltr'><strong>Kal.</strong></span> <span class='ocrx_word' id='word_1_160' title='bbox 1042 1310 1173 1366; x_wconf 86' lang='lat' dir='ltr'><strong>April.</strong></span> <span class='ocrx_word' id='word_1_161' title='bbox 1209 1335 1265 1341; x_wconf 88' lang='lat'><strong>-—</strong></span> <span class='ocrx_word' id='word_1_162' title='bbox 1302 1311 1357 1352; x_wconf 91' lang='grc'><strong>810</strong></span> <span class='ocrx_word' id='word_1_163' title='bbox 1392 1311 1498 1352; x_wconf 85' lang='grc'><strong>0111111</strong></span> <span class='ocrx_word' id='word_1_164' title='bbox 1533 1326 1713 1353; x_wconf 86' lang='lat' dir='ltr'><strong>annuum</strong></span> <span class='ocrx_word' id='word_1_165' title='bbox 1745 1316 1904 1368; x_wconf 88' lang='lat' dir='ltr'><strong>tempus</strong></span> 
     </span>
    </p>
   </div>
   <div class='ocr_carea' id='block_1_2' title="bbox 177 1490 1020 1537">
    <p class='ocr_par' dir='ltr' id='par_1_2' title="bbox 177 1490 1020 1537">
     <span class='ocr_line' id='line_1_17' title="bbox 177 1490 1020 1537; baseline -0.005 -12"><span class='ocrx_word' id='word_1_166' title='bbox 177 1492 195 1528; x_wconf 83' lang='lat'><strong>7</strong></span> <span class='ocrx_word' id='word_1_167' title='bbox 216 1503 307 1537; x_wconf 81' lang='lat' dir='ltr'><strong>quam</strong></span> <span class='ocrx_word' id='word_1_168' title='bbox 328 1492 382 1524; x_wconf 70' lang='lat' dir='ltr'><strong>vix</strong></span> <span class='ocrx_word' id='word_1_169' title='bbox 404 1492 596 1524; x_wconf 65' lang='lat' dir='ltr'><strong>stomachum</strong></span> <span class='ocrx_word' id='word_1_170' title='bbox 616 1509 658 1514; x_wconf 92' lang='lat'>—</span> <span class='ocrx_word' id='word_1_171' title='bbox 679 1492 699 1522; x_wconf 81' lang='lat'>9</span> <span class='ocrx_word' id='word_1_172' title='bbox 721 1490 772 1522; x_wconf 80' lang='lat' dir='ltr'><strong>vel</strong></span> <span class='ocrx_word' id='word_1_173' title='bbox 794 1490 957 1522; x_wconf 80' lang='lat' dir='ltr'><strong>abundare</strong></span> <span class='ocrx_word' id='word_1_174' title='bbox 980 1509 1020 1515; x_wconf 92' lang='lat'><strong>—-</strong></span> 
     </span>
    </p>
   </div>
   <div class='ocr_carea' id='block_1_3' title="bbox 137 1661 1905 1762">
    <p class='ocr_par' dir='ltr' id='par_1_3' title="bbox 137 1661 1905 1762">
     <span class='ocr_line' id='line_1_18' title="bbox 138 1661 1905 1707; baseline -0.002 -10"><span class='ocrx_word' id='word_1_175' title='bbox 138 1665 217 1707; x_wconf 88' lang='lat' dir='ltr'><strong>quia</strong></span> <span class='ocrx_word' id='word_1_176' title='bbox 237 1664 399 1707; x_wconf 88' lang='lat' dir='ltr'><strong>promissa</strong></span> <span class='ocrx_word' id='word_1_177' title='bbox 413 1673 472 1695; x_wconf 90' lang='lat' dir='ltr'><strong>sua</strong></span> <span class='ocrx_word' id='word_1_178' title='bbox 484 1673 552 1695; x_wconf 88' lang='lat' dir='ltr'><strong>non</strong></span> <span class='ocrx_word' id='word_1_179' title='bbox 564 1667 715 1704; x_wconf 78' lang='lat' dir='ltr'><strong>praestat.</strong></span> <span class='ocrx_word' id='word_1_180' title='bbox 738 1662 861 1701; x_wconf 80' lang='lat' dir='ltr'><strong>Qualia</strong></span> <span class='ocrx_word' id='word_1_181' title='bbox 874 1661 998 1694; x_wconf 87' lang='lat' dir='ltr'><strong>fuerint</strong></span> <span class='ocrx_word' id='word_1_182' title='bbox 1043 1665 1096 1696; x_wconf 89' lang='lat' dir='ltr'><strong>his</strong></span> <span class='ocrx_word' id='word_1_183' title='bbox 1118 1665 1227 1696; x_wconf 86' lang='lat' dir='ltr'><strong>verbis</strong></span> <span class='ocrx_word' id='word_1_184' title='bbox 1257 1664 1447 1696; x_wconf 89' lang='lat' dir='ltr'><strong>desiderans</strong></span> <span class='ocrx_word' id='word_1_185' title='bbox 1476 1664 1616 1695; x_wconf 84' lang='lat' dir='ltr'><strong>coniecit</strong></span> <span class='ocrx_word' id='word_1_186' title='bbox 1639 1663 1743 1695; x_wconf 86' lang='lat' dir='ltr'><strong>Saran</strong></span> <span class='ocrx_word' id='word_1_187' title='bbox 1767 1664 1905 1703; x_wconf 83' lang='lat' dir='ltr'><strong>graecis-</strong></span> 
     </span>
     <span class='ocr_line' id='line_1_19' title="bbox 137 1712 1905 1762; baseline -0.003 -9"><span class='ocrx_word' id='word_1_188' title='bbox 137 1731 185 1759; x_wconf 86' lang='lat' dir='ltr'><strong>ea‚</strong></span> <span class='ocrx_word' id='word_1_189' title='bbox 207 1720 450 1762; x_wconf 88' lang='lat' dir='ltr'><strong>quodammodo</strong></span> <span class='ocrx_word' id='word_1_190' title='bbox 472 1719 623 1750; x_wconf 81' lang='lat' dir='ltr'><strong>divinare</strong></span> <span class='ocrx_word' id='word_1_191' title='bbox 645 1718 723 1750; x_wconf 88' lang='lat' dir='ltr'><strong>licet</strong></span> <span class='ocrx_word' id='word_1_192' title='bbox 745 1717 919 1755; x_wconf 78' lang='grc'><strong>0110011110,</strong></span> <span class='ocrx_word' id='word_1_193' title='bbox 932 1727 998 1758; x_wconf 90' lang='lat' dir='ltr'><strong>quo</strong></span> <span class='ocrx_word' id='word_1_194' title='bbox 1043 1724 1171 1750; x_wconf 83' lang='lat' dir='ltr'><strong>sautem</strong></span> <span class='ocrx_word' id='word_1_195' title='bbox 1194 1718 1319 1749; x_wconf 82' lang='lat' dir='ltr'><strong>dixisse</strong></span> <span class='ocrx_word' id='word_1_196' title='bbox 1336 1712 1456 1749; x_wconf 70' lang='grc' dir='ltr'><em>ἄδικον</em></span> <span class='ocrx_word' id='word_1_197' title='bbox 1473 1725 1507 1748; x_wconf 88' lang='grc'><strong>80</strong></span> <span class='ocrx_word' id='word_1_198' title='bbox 1520 1726 1685 1757; x_wconf 79' lang='lat' dir='ltr'><strong>quaerere.</strong></span> <span class='ocrx_word' id='word_1_199' title='bbox 1708 1716 1783 1748; x_wconf 86' lang='lat' dir='ltr'><strong>Hoc</strong></span> <span class='ocrx_word' id='word_1_200' title='bbox 1795 1722 1905 1748; x_wconf 88' lang='lat' dir='ltr'><strong>tamen</strong></span> 
     </span>
    </p>
   </div>
   <div class='ocr_carea' id='block_1_4' title="bbox 134 1769 1021 3213">
    <p class='ocr_par' dir='ltr' id='par_1_4' title="bbox 134 1769 998 2132">
     <span class='ocr_line' id='line_1_20' title="bbox 136 1769 998 1816; baseline -0.007 -10"><span class='ocrx_word' id='word_1_201' title='bbox 136 1783 175 1806; x_wconf 89' lang='lat' dir='ltr'><strong>ea</strong></span> <span class='ocrx_word' id='word_1_202' title='bbox 196 1773 424 1815; x_wconf 80' lang='lat' dir='ltr'><strong>designantur,</strong></span> <span class='ocrx_word' id='word_1_203' title='bbox 448 1769 630 1816; x_wconf 70' lang='grc' dir='ltr'>φιλόλογα.</span> <span class='ocrx_word' id='word_1_204' title='bbox 654 1771 745 1803; x_wconf 86' lang='lat' dir='ltr'><strong>Male</strong></span> <span class='ocrx_word' id='word_1_205' title='bbox 767 1770 998 1811; x_wconf 87' lang='lat' dir='ltr'><strong>hocinterpre-</strong></span> 
     </span>
     <span class='ocr_line' id='line_1_21' title="bbox 136 1827 997 1870; baseline -0.008 -7"><span class='ocrx_word' id='word_1_206' title='bbox 136 1835 223 1862; x_wconf 79' lang='lat' dir='ltr'><strong>tatur</strong></span> <span class='ocrx_word' id='word_1_207' title='bbox 254 1830 418 1863; x_wconf 84' lang='lat' dir='ltr'><strong>Corradus</strong></span> <span class='ocrx_word' id='word_1_208' title='bbox 455 1829 591 1867; x_wconf 74' lang='lat' dir='ltr'><strong>erudita,</strong></span> <span class='ocrx_word' id='word_1_209' title='bbox 625 1828 715 1870; x_wconf 70' lang='lat' dir='ltr'><strong>quasi</strong></span> <span class='ocrx_word' id='word_1_210' title='bbox 738 1827 872 1858; x_wconf 75' lang='lat' dir='ltr'><strong>rationis</strong></span> <span class='ocrx_word' id='word_1_211' title='bbox 887 1827 997 1868; x_wconf 79' lang='lat' dir='ltr'><strong>plena,</strong></span> 
     </span>
     <span class='ocr_line' id='line_1_22' title="bbox 137 1881 998 1927; baseline -0.008 -9"><span class='ocrx_word' id='word_1_212' title='bbox 137 1895 244 1927; x_wconf 87' lang='lat' dir='ltr'><strong>neque</strong></span> <span class='ocrx_word' id='word_1_213' title='bbox 265 1886 384 1917; x_wconf 87' lang='lat' dir='ltr'><strong>melius</strong></span> <span class='ocrx_word' id='word_1_214' title='bbox 407 1885 566 1916; x_wconf 86' lang='lat' dir='ltr'><strong>Ernestus</strong></span> <span class='ocrx_word' id='word_1_215' title='bbox 581 1882 770 1925; x_wconf 78' lang='lat' dir='ltr'><strong>probabilia,</strong></span> <span class='ocrx_word' id='word_1_216' title='bbox 793 1892 872 1924; x_wconf 84' lang='lat' dir='ltr'><strong>quae</strong></span> <span class='ocrx_word' id='word_1_217' title='bbox 893 1881 998 1921; x_wconf 78' lang='lat' dir='ltr'><strong>dispu-</strong></span> 
     </span>
     <span class='ocr_line' id='line_1_23' title="bbox 136 1934 997 1979; baseline -0.006 -9"><span class='ocrx_word' id='word_1_218' title='bbox 136 1938 202 1970; x_wconf 79' lang='lat' dir='ltr'><strong>tari</strong></span> <span class='ocrx_word' id='word_1_219' title='bbox 225 1937 430 1979; x_wconf 79' lang='lat' dir='ltr'><strong>probabiliter</strong></span> <span class='ocrx_word' id='word_1_220' title='bbox 453 1937 586 1979; x_wconf 78' lang='lat' dir='ltr'><strong>possint.</strong></span> <span class='ocrx_word' id='word_1_221' title='bbox 624 1936 712 1968; x_wconf 85' lang='lat' dir='ltr'><strong>Vere</strong></span> <span class='ocrx_word' id='word_1_222' title='bbox 741 1935 838 1967; x_wconf 86' lang='lat' dir='ltr'><strong>credo</strong></span> <span class='ocrx_word' id='word_1_223' title='bbox 862 1934 997 1966; x_wconf 86' lang='lat' dir='ltr'><strong>vertisse</strong></span> 
     </span>
     <span class='ocr_line' id='line_1_24' title="bbox 134 1987 995 2032; baseline -0.007 -9"><span class='ocrx_word' id='word_1_224' title='bbox 134 1992 376 2032; x_wconf 85' lang='lat' dir='ltr'><strong>Mongaltium:</strong></span> <span class='ocrx_word' id='word_1_225' title='bbox 400 1991 455 2022; x_wconf 71' lang='lat' dir='ltr'><strong>des</strong></span> <span class='ocrx_word' id='word_1_226' title='bbox 477 1991 584 2022; x_wconf 74' lang='lat' dir='ltr'><strong>choses</strong></span> <span class='ocrx_word' id='word_1_227' title='bbox 605 1990 657 2031; x_wconf 83' lang='lat' dir='ltr'><strong>qui</strong></span> <span class='ocrx_word' id='word_1_228' title='bbox 685 1988 890 2020; x_wconf 79' lang='lat' dir='ltr'><strong>eonvenaient</strong></span> <span class='ocrx_word' id='word_1_229' title='bbox 912 1987 932 2018; x_wconf 77' lang='grc' dir='ltr'><em>ὰ</em></span> <span class='ocrx_word' id='word_1_230' title='bbox 955 1999 995 2018; x_wconf 79' lang='lat' dir='ltr'><strong>un</strong></span> 
     </span>
     <span class='ocr_line' id='line_1_25' title="bbox 135 2038 994 2084; baseline -0.005 -7"><span class='ocrx_word' id='word_1_231' title='bbox 135 2046 251 2077; x_wconf 74' lang='lat' dir='ltr'><strong>homme</strong></span> <span class='ocrx_word' id='word_1_232' title='bbox 273 2046 312 2077; x_wconf 88' lang='lat' dir='ltr'><strong>de</strong></span> <span class='ocrx_word' id='word_1_233' title='bbox 333 2046 454 2083; x_wconf 70' lang='lat' dir='ltr'><strong>lettres,</strong></span> <span class='ocrx_word' id='word_1_234' title='bbox 477 2050 514 2076; x_wconf 87' lang='lat' dir='ltr'><strong>ut</strong></span> <span class='ocrx_word' id='word_1_235' title='bbox 535 2050 661 2076; x_wconf 84' lang='lat' dir='ltr'><strong>statuae</strong></span> <span class='ocrx_word' id='word_1_236' title='bbox 684 2048 760 2075; x_wconf 82' lang='lat' dir='ltr'><strong>sunt</strong></span> <span class='ocrx_word' id='word_1_237' title='bbox 771 2038 901 2084; x_wconf 85' lang='lat' dir='ltr'><strong>aliaque</strong></span> <span class='ocrx_word' id='word_1_238' title='bbox 915 2042 994 2073; x_wconf 85' lang='lat' dir='ltr'><strong>artis</strong></span> 
     </span>
     <span class='ocr_line' id='line_1_26' title="bbox 134 2098 650 2132; baseline -0.004 -2"><span class='ocrx_word' id='word_1_239' title='bbox 134 2099 188 2132; x_wconf 90' lang='lat' dir='ltr'><strong>vel</strong></span> <span class='ocrx_word' id='word_1_240' title='bbox 211 2098 406 2130; x_wconf 85' lang='lat' dir='ltr'><strong>eruditionis</strong></span> <span class='ocrx_word' id='word_1_241' title='bbox 428 2102 650 2129; x_wconf 88' lang='lat' dir='ltr'><strong>monumenta.</strong></span> 
     </span>
    </p>

    <p class='ocr_par' dir='ltr' id='par_1_5' title="bbox 134 2149 1021 2674">
     <span class='ocr_line' id='line_1_27' title="bbox 177 2149 994 2184; baseline -0.005 -2"><span class='ocrx_word' id='word_1_242' title='bbox 177 2151 292 2184; x_wconf 86' lang='lat' dir='ltr'><strong>Saran.</strong></span> <span class='ocrx_word' id='word_1_243' title='bbox 324 2152 391 2183; x_wconf 90' lang='lat' dir='ltr'><strong>Hic</strong></span> <span class='ocrx_word' id='word_1_244' title='bbox 419 2150 518 2183; x_wconf 88' lang='lat' dir='ltr'><strong>Saras</strong></span> <span class='ocrx_word' id='word_1_245' title='bbox 549 2156 618 2182; x_wconf 85' lang='lat' dir='ltr'><strong>erat</strong></span> <span class='ocrx_word' id='word_1_246' title='bbox 649 2150 720 2181; x_wconf 90' lang='lat' dir='ltr'><strong>sine</strong></span> <span class='ocrx_word' id='word_1_247' title='bbox 745 2149 844 2180; x_wconf 88' lang='lat' dir='ltr'><strong>dubio</strong></span> <span class='ocrx_word' id='word_1_248' title='bbox 867 2158 953 2179; x_wconf 86' lang='lat' dir='ltr'><strong>unus</strong></span> <span class='ocrx_word' id='word_1_249' title='bbox 977 2157 994 2179; x_wconf 95' lang='lat' dir='ltr'><strong>e</strong></span> 
     </span>
     <span class='ocr_line' id='line_1_28' title="bbox 134 2203 995 2247; baseline -0.006 -8"><span class='ocrx_word' id='word_1_250' title='bbox 134 2207 309 2239; x_wconf 87' lang='lat' dir='ltr'><strong>comitibus</strong></span> <span class='ocrx_word' id='word_1_251' title='bbox 341 2206 450 2247; x_wconf 79' lang='lat' dir='ltr'><strong>regiis,</strong></span> <span class='ocrx_word' id='word_1_252' title='bbox 484 2211 520 2236; x_wconf 90' lang='lat' dir='ltr'><strong>ut</strong></span> <span class='ocrx_word' id='word_1_253' title='bbox 554 2204 741 2242; x_wconf 76' lang='lat' dir='ltr'><strong>Ammonius,</strong></span> <span class='ocrx_word' id='word_1_254' title='bbox 770 2204 826 2245; x_wconf 91' lang='lat' dir='ltr'><strong>qui</strong></span> <span class='ocrx_word' id='word_1_255' title='bbox 859 2203 995 2234; x_wconf 86' lang='lat' dir='ltr'><strong>fortasse</strong></span> 
     </span>
     <span class='ocr_line' id='line_1_29' title="bbox 134 2255 994 2299; baseline -0.005 -10"><span class='ocrx_word' id='word_1_256' title='bbox 134 2257 223 2289; x_wconf 90' lang='lat' dir='ltr'><strong>idem</strong></span> <span class='ocrx_word' id='word_1_257' title='bbox 245 2263 296 2289; x_wconf 86' lang='lat' dir='ltr'><strong>est</strong></span> <span class='ocrx_word' id='word_1_258' title='bbox 311 2257 367 2299; x_wconf 89' lang='lat' dir='ltr'><strong>qui</strong></span> <span class='ocrx_word' id='word_1_259' title='bbox 392 2267 420 2289; x_wconf 93' lang='lat' dir='ltr'><strong>a.</strong></span> <span class='ocrx_word' id='word_1_260' title='bbox 444 2257 504 2288; x_wconf 85' lang='grc'><strong>698</strong></span> <span class='ocrx_word' id='word_1_261' title='bbox 527 2256 712 2288; x_wconf 85' lang='lat' dir='ltr'><strong>Ptolemaei</strong></span> <span class='ocrx_word' id='word_1_262' title='bbox 737 2255 881 2287; x_wconf 86' lang='lat' dir='ltr'><strong>Auletae</strong></span> <span class='ocrx_word' id='word_1_263' title='bbox 907 2255 994 2295; x_wconf 84' lang='lat' dir='ltr'><strong>lega-</strong></span> 
     </span>
     <span class='ocr_line' id='line_1_30' title="bbox 136 2309 993 2346; baseline -0.004 -3"><span class='ocrx_word' id='word_1_264' title='bbox 136 2318 188 2343; x_wconf 88' lang='lat' dir='ltr'><strong>tus</strong></span> <span class='ocrx_word' id='word_1_265' title='bbox 211 2313 252 2343; x_wconf 84' lang='lat' dir='ltr'><strong>ad</strong></span> <span class='ocrx_word' id='word_1_266' title='bbox 274 2318 425 2344; x_wconf 87' lang='lat' dir='ltr'><strong>senatum</strong></span> <span class='ocrx_word' id='word_1_267' title='bbox 447 2312 636 2343; x_wconf 75' lang='lat' dir='ltr'><strong>Romanrun</strong></span> <span class='ocrx_word' id='word_1_268' title='bbox 662 2310 778 2342; x_wconf 88' lang='lat' dir='ltr'><strong>fuerat.</strong></span> <span class='ocrx_word' id='word_1_269' title='bbox 804 2309 898 2340; x_wconf 79' lang='lat' dir='ltr'><strong>Fam.</strong></span> <span class='ocrx_word' id='word_1_270' title='bbox 923 2309 993 2346; x_wconf 87' lang='lat' dir='ltr'><strong>1.l,</strong></span> 
     </span>
     <span class='ocr_line' id='line_1_31' title="bbox 137 2365 994 2407; baseline -0.004 -9"><span class='ocrx_word' id='word_1_271' title='bbox 137 2367 166 2398; x_wconf 87' lang='lat'><strong>1.</strong></span> <span class='ocrx_word' id='word_1_272' title='bbox 201 2367 242 2398; x_wconf 92' lang='lat' dir='ltr'><strong>In</strong></span> <span class='ocrx_word' id='word_1_273' title='bbox 270 2367 380 2398; x_wconf 82' lang='lat' dir='ltr'><strong>verbis</strong></span> <span class='ocrx_word' id='word_1_274' title='bbox 408 2366 653 2407; x_wconf 87' lang='lat' dir='ltr'><strong>distinguendis</strong></span> <span class='ocrx_word' id='word_1_275' title='bbox 675 2375 795 2406; x_wconf 87' lang='lat' dir='ltr'><strong>sequor</strong></span> <span class='ocrx_word' id='word_1_276' title='bbox 816 2365 994 2401; x_wconf 84' lang='lat' dir='ltr'><strong>Moserum,</strong></span> 
     </span>
     <span class='ocr_line' id='line_1_32' title="bbox 135 2418 1021 2462; baseline -0.005 -10"><span class='ocrx_word' id='word_1_277' title='bbox 135 2419 251 2462; x_wconf 85' lang='lat' dir='ltr'><strong>Symb.</strong></span> <span class='ocrx_word' id='word_1_278' title='bbox 273 2420 354 2452; x_wconf 88' lang='lat' dir='ltr'><strong>Crit.</strong></span> <span class='ocrx_word' id='word_1_279' title='bbox 379 2420 460 2451; x_wconf 92' lang='lat' dir='ltr'><strong>VII.</strong></span> <span class='ocrx_word' id='word_1_280' title='bbox 482 2430 512 2460; x_wconf 86' lang='lat' dir='ltr'><strong>p.</strong></span> <span class='ocrx_word' id='word_1_281' title='bbox 536 2421 564 2456; x_wconf 86' lang='lat'><strong>8,</strong></span> <span class='ocrx_word' id='word_1_282' title='bbox 587 2419 644 2460; x_wconf 90' lang='lat' dir='ltr'><strong>qui</strong></span> <span class='ocrx_word' id='word_1_283' title='bbox 675 2418 842 2459; x_wconf 83' lang='lat' dir='ltr'><strong>aptissime</strong></span> <span class='ocrx_word' id='word_1_284' title='bbox 864 2427 995 2458; x_wconf 84' lang='lat' dir='ltr'><strong>compa·</strong></span> <span class='ocrx_word' id='word_1_285' title='bbox 1018 2421 1021 2462; x_wconf 58' lang='grc' dir='ltr'>ᾗ</span> 
     </span>
     <span class='ocr_line' id='line_1_33' title="bbox 135 2470 1021 2513; baseline -0.006 -8"><span class='ocrx_word' id='word_1_286' title='bbox 135 2473 221 2505; x_wconf 83' lang='lat' dir='ltr'><strong>ravit</strong></span> <span class='ocrx_word' id='word_1_287' title='bbox 247 2473 328 2505; x_wconf 90' lang='lat' dir='ltr'><strong>haec</strong></span> <span class='ocrx_word' id='word_1_288' title='bbox 357 2482 399 2505; x_wconf 90' lang='lat' dir='ltr'><strong>ex</strong></span> <span class='ocrx_word' id='word_1_289' title='bbox 431 2472 523 2513; x_wconf 85' lang='lat' dir='ltr'><strong>epist.</strong></span> <span class='ocrx_word' id='word_1_290' title='bbox 547 2472 589 2502; x_wconf 87' lang='lat' dir='ltr'><strong>ad</strong></span> <span class='ocrx_word' id='word_1_291' title='bbox 612 2471 653 2510; x_wconf 86' lang='lat' dir='ltr'><strong>Q.</strong></span> <span class='ocrx_word' id='word_1_292' title='bbox 676 2470 717 2502; x_wconf 90' lang='lat' dir='ltr'><strong>fr.</strong></span> <span class='ocrx_word' id='word_1_293' title='bbox 739 2471 784 2502; x_wconf 89' lang='grc' dir='ltr'><strong>ΙΙ.</strong></span> <span class='ocrx_word' id='word_1_294' title='bbox 809 2471 848 2501; x_wconf 76' lang='lat'><strong>14</strong></span> <span class='ocrx_word' id='word_1_295' title='bbox 864 2470 928 2510; x_wconf 75' lang='lat' dir='ltr'><strong>qu</strong></span> <span class='ocrx_word' id='word_1_296' title='bbox 950 2480 997 2501; x_wconf 84' lang='lat' dir='ltr'><strong>me</strong></span> <span class='ocrx_word' id='word_1_297' title='bbox 1019 2473 1021 2492; x_wconf 55' lang='grc' dir='ltr'><em>ἲ</em></span> 
     </span>
     <span class='ocr_line' id='line_1_34' title="bbox 135 2522 999 2565; baseline -0.006 -7"><span class='ocrx_word' id='word_1_298' title='bbox 135 2527 169 2558; x_wconf 83' lang='lat' dir='ltr'><strong>in</strong></span> <span class='ocrx_word' id='word_1_299' title='bbox 206 2526 340 2558; x_wconf 81' lang='lat' dir='ltr'><strong>Cumano</strong></span> <span class='ocrx_word' id='word_1_300' title='bbox 371 2528 402 2557; x_wconf 78' lang='lat' dir='ltr'><strong>et</strong></span> <span class='ocrx_word' id='word_1_301' title='bbox 438 2524 635 2565; x_wconf 78' lang='lat' dir='ltr'><strong>Pompeiano,</strong></span> <span class='ocrx_word' id='word_1_302' title='bbox 659 2526 883 2565; x_wconf 68' lang='lat' dir='ltr'><strong>praeterquam</strong></span> <span class='ocrx_word' id='word_1_303' title='bbox 916 2522 999 2564; x_wconf 83' lang='lat' dir='ltr'><strong>quod</strong></span> 
     </span>
     <span class='ocr_line' id='line_1_35' title="bbox 134 2576 996 2619; baseline -0.005 -7"><span class='ocrx_word' id='word_1_304' title='bbox 134 2580 204 2612; x_wconf 73' lang='lat' dir='ltr'><strong>sine</strong></span> <span class='ocrx_word' id='word_1_305' title='bbox 224 2582 266 2619; x_wconf 79' lang='lat' dir='ltr'><strong>te,</strong></span> <span class='ocrx_word' id='word_1_306' title='bbox 288 2582 422 2612; x_wconf 81' lang='lat' dir='ltr'><strong>ceterum</strong></span> <span class='ocrx_word' id='word_1_307' title='bbox 444 2579 525 2610; x_wconf 70' lang='lat' dir='ltr'><strong>satis</strong></span> <span class='ocrx_word' id='word_1_308' title='bbox 547 2578 700 2609; x_wconf 84' lang='lat' dir='ltr'><strong>commode</strong></span> <span class='ocrx_word' id='word_1_309' title='bbox 724 2578 922 2611; x_wconf 79' lang='lat' dir='ltr'><strong>oblectabam.</strong></span> <span class='ocrx_word' id='word_1_310' title='bbox 947 2576 996 2608; x_wconf 86' lang='lat' dir='ltr'><strong>Si-</strong></span> 
     </span>
     <span class='ocr_line' id='line_1_36' title="bbox 134 2630 930 2674; baseline -0.006 -9"><span class='ocrx_word' id='word_1_311' title='bbox 134 2633 232 2665; x_wconf 79' lang='grc'><strong>011100</strong></span> <span class='ocrx_word' id='word_1_312' title='bbox 252 2637 326 2674; x_wconf 88' lang='lat' dir='ltr'><strong>post</strong></span> <span class='ocrx_word' id='word_1_313' title='bbox 347 2631 474 2673; x_wconf 79' lang='lat' dir='ltr'><strong>coqnovz&#39;</strong></span> <span class='ocrx_word' id='word_1_314' title='bbox 498 2631 604 2672; x_wconf 91' lang='lat' dir='ltr'><strong>posito</strong></span> <span class='ocrx_word' id='word_1_315' title='bbox 626 2630 738 2662; x_wconf 88' lang='lat' dir='ltr'><strong>durior</strong></span> <span class='ocrx_word' id='word_1_316' title='bbox 758 2631 795 2661; x_wconf 85' lang='lat' dir='ltr'><strong>fit</strong></span> <span class='ocrx_word' id='word_1_317' title='bbox 817 2630 930 2661; x_wconf 86' lang='lat' dir='ltr'><strong>oratio.</strong></span> 
     </span>
    </p>

    <p class='ocr_par' dir='ltr' id='par_1_6' title="bbox 134 2683 1019 3213">
     <span class='ocr_line' id='line_1_37' title="bbox 179 2683 995 2726; baseline -0.004 -9"><span class='ocrx_word' id='word_1_318' title='bbox 179 2686 317 2717; x_wconf 74' lang='lat' dir='ltr'><strong>Atticum</strong></span> <span class='ocrx_word' id='word_1_319' title='bbox 349 2694 382 2716; x_wconf 70' lang='lat' dir='ltr'><strong>se</strong></span> <span class='ocrx_word' id='word_1_320' title='bbox 414 2683 497 2716; x_wconf 70' lang='lat' dir='ltr'><strong>dixit</strong></span> <span class='ocrx_word' id='word_1_321' title='bbox 530 2693 688 2726; x_wconf 84' lang='lat' dir='ltr'><strong>quaerere.</strong></span> <span class='ocrx_word' id='word_1_322' title='bbox 720 2683 760 2714; x_wconf 92' lang='lat' dir='ltr'><strong>In</strong></span> <span class='ocrx_word' id='word_1_323' title='bbox 790 2683 841 2713; x_wconf 88' lang='lat' dir='ltr'><strong>his</strong></span> <span class='ocrx_word' id='word_1_324' title='bbox 863 2691 995 2724; x_wconf 89' lang='lat' dir='ltr'><strong>quoque</strong></span> 
     </span>
     <span class='ocr_line' id='line_1_38' title="bbox 135 2737 1019 2781; baseline -0.006 -10"><span class='ocrx_word' id='word_1_325' title='bbox 135 2739 342 2781; x_wconf 84' lang='lat' dir='ltr'><strong>explicandis</strong></span> <span class='ocrx_word' id='word_1_326' title='bbox 379 2738 605 2779; x_wconf 85' lang='lat' dir='ltr'><strong>Mongaltium</strong></span> <span class='ocrx_word' id='word_1_327' title='bbox 644 2737 737 2778; x_wconf 90' lang='lat' dir='ltr'><strong>sequi</strong></span> <span class='ocrx_word' id='word_1_328' title='bbox 764 2737 861 2774; x_wconf 85' lang='lat' dir='ltr'><strong>malo,</strong></span> <span class='ocrx_word' id='word_1_329' title='bbox 895 2746 994 2778; x_wconf 84' lang='lat' dir='ltr'><strong>quam</strong></span> <span class='ocrx_word' id='word_1_330' title='bbox 1018 2749 1019 2754; x_wconf 52' lang='lat'>¹</span> 
     </span>
     <span class='ocr_line' id='line_1_39' title="bbox 136 2789 1018 2833; baseline -0.006 -8"><span class='ocrx_word' id='word_1_331' title='bbox 136 2792 327 2830; x_wconf 84' lang='lat' dir='ltr'><strong>Corradum,</strong></span> <span class='ocrx_word' id='word_1_332' title='bbox 357 2793 414 2833; x_wconf 87' lang='lat' dir='ltr'><strong>qui</strong></span> <span class='ocrx_word' id='word_1_333' title='bbox 441 2791 577 2832; x_wconf 88' lang='lat' dir='ltr'><strong>putabat</strong></span> <span class='ocrx_word' id='word_1_334' title='bbox 606 2790 710 2822; x_wconf 85' lang='lat' dir='ltr'><strong>Saran</strong></span> <span class='ocrx_word' id='word_1_335' title='bbox 742 2799 880 2830; x_wconf 85' lang='lat' dir='ltr'><strong>negasse</strong></span> <span class='ocrx_word' id='word_1_336' title='bbox 904 2789 994 2822; x_wconf 89' lang='lat' dir='ltr'><strong>Cice·</strong></span> <span class='ocrx_word' id='word_1_337' title='bbox 1017 2803 1018 2806; x_wconf 44' lang='lat'>¹</span> 
     </span>
     <span class='ocr_line' id='line_1_40' title="bbox 135 2844 993 2879; baseline -0.006 0"><span class='ocrx_word' id='word_1_338' title='bbox 135 2857 251 2879; x_wconf 87' lang='lat' dir='ltr'><strong>ronem</strong></span> <span class='ocrx_word' id='word_1_339' title='bbox 280 2846 314 2877; x_wconf 89' lang='lat' dir='ltr'><strong>in</strong></span> <span class='ocrx_word' id='word_1_340' title='bbox 344 2845 528 2877; x_wconf 83' lang='lat' dir='ltr'><strong>oratoribus</strong></span> <span class='ocrx_word' id='word_1_341' title='bbox 557 2845 678 2876; x_wconf 84' lang='lat' dir='ltr'><strong>Atticis</strong></span> <span class='ocrx_word' id='word_1_342' title='bbox 701 2844 891 2875; x_wconf 85' lang='lat' dir='ltr'><strong>habendum</strong></span> <span class='ocrx_word' id='word_1_343' title='bbox 913 2852 993 2875; x_wconf 87' lang='lat' dir='ltr'><strong>esse.</strong></span> 
     </span>
     <span class='ocr_line' id='line_1_41' title="bbox 135 2886 1019 2942; baseline -0.007 -8"><span class='ocrx_word' id='word_1_344' title='bbox 135 2901 270 2942; x_wconf 80' lang='lat' dir='ltr'><strong>Quanto</strong></span> <span class='ocrx_word' id='word_1_345' title='bbox 291 2900 474 2942; x_wconf 88' lang='lat' dir='ltr'><strong>simplicior</strong></span> <span class='ocrx_word' id='word_1_346' title='bbox 495 2904 543 2931; x_wconf 88' lang='lat' dir='ltr'><strong>est</strong></span> <span class='ocrx_word' id='word_1_347' title='bbox 565 2899 656 2930; x_wconf 90' lang='lat' dir='ltr'><strong>illius</strong></span> <span class='ocrx_word' id='word_1_348' title='bbox 672 2898 914 2939; x_wconf 85' lang='lat' dir='ltr'><strong>interpretatio:</strong></span> <span class='ocrx_word' id='word_1_349' title='bbox 939 2900 993 2928; x_wconf 72' lang='lat' dir='ltr'><strong>At·</strong></span> <span class='ocrx_word' id='word_1_350' title='bbox 1018 2886 1019 2891; x_wconf 28' lang='lat'>¹</span> 
     </span>
     <span class='ocr_line' id='line_1_42' title="bbox 135 2952 994 2997; baseline -0.005 -10"><span class='ocrx_word' id='word_1_351' title='bbox 135 2956 230 2988; x_wconf 79' lang='lat' dir='ltr'><strong>ticum</strong></span> <span class='ocrx_word' id='word_1_352' title='bbox 259 2965 386 2997; x_wconf 84' lang='lat' dir='ltr'><strong>quaero,</strong></span> <span class='ocrx_word' id='word_1_353' title='bbox 418 2964 479 2985; x_wconf 83' lang='lat' dir='ltr'><strong>non</strong></span> <span class='ocrx_word' id='word_1_354' title='bbox 502 2956 543 2991; x_wconf 79' lang='lat' dir='ltr'><strong>te,</strong></span> <span class='ocrx_word' id='word_1_355' title='bbox 567 2954 656 2994; x_wconf 89' lang='lat' dir='ltr'><strong>quod</strong></span> <span class='ocrx_word' id='word_1_356' title='bbox 677 2962 871 2994; x_wconf 87' lang='lat' dir='ltr'><strong>responsum</strong></span> <span class='ocrx_word' id='word_1_357' title='bbox 894 2962 911 2983; x_wconf 91' lang='lat' dir='ltr'><strong>a</strong></span> <span class='ocrx_word' id='word_1_358' title='bbox 935 2952 994 2983; x_wconf 85' lang='lat' dir='ltr'><strong>tali</strong></span> 
     </span>
     <span class='ocr_line' id='line_1_43' title="bbox 134 3006 994 3041; baseline -0.006 0"><span class='ocrx_word' id='word_1_359' title='bbox 134 3009 271 3041; x_wconf 87' lang='lat' dir='ltr'><strong>homine</strong></span> <span class='ocrx_word' id='word_1_360' title='bbox 294 3008 447 3041; x_wconf 88' lang='lat' dir='ltr'><strong>Ciceroni</strong></span> <span class='ocrx_word' id='word_1_361' title='bbox 465 3007 602 3038; x_wconf 90' lang='lat' dir='ltr'><strong>comiter</strong></span> <span class='ocrx_word' id='word_1_362' title='bbox 624 3016 700 3038; x_wconf 92' lang='lat' dir='ltr'><strong>eum</strong></span> <span class='ocrx_word' id='word_1_363' title='bbox 710 3006 801 3037; x_wconf 88' lang='lat' dir='ltr'><strong>domi</strong></span> <span class='ocrx_word' id='word_1_364' title='bbox 814 3015 892 3037; x_wconf 88' lang='lat' dir='ltr'><strong>suae</strong></span> <span class='ocrx_word' id='word_1_365' title='bbox 909 3015 994 3037; x_wconf 91' lang='lat' dir='ltr'><strong>com-</strong></span> 
     </span>
     <span class='ocr_line' id='line_1_44' title="bbox 135 3061 992 3105; baseline -0.006 -9"><span class='ocrx_word' id='word_1_366' title='bbox 135 3064 274 3105; x_wconf 87' lang='lat' dir='ltr'><strong>pellanti</strong></span> <span class='ocrx_word' id='word_1_367' title='bbox 293 3064 408 3095; x_wconf 88' lang='lat' dir='ltr'><strong>datum</strong></span> <span class='ocrx_word' id='word_1_368' title='bbox 429 3071 588 3102; x_wconf 89' lang='lat' dir='ltr'><strong>magnum</strong></span> <span class='ocrx_word' id='word_1_369' title='bbox 611 3066 681 3092; x_wconf 88' lang='lat' dir='ltr'><strong>erat</strong></span> <span class='ocrx_word' id='word_1_370' title='bbox 695 3061 931 3097; x_wconf 87' lang='lat' dir='ltr'><strong>contumaciae,</strong></span> <span class='ocrx_word' id='word_1_371' title='bbox 946 3070 992 3091; x_wconf 83' lang='lat' dir='ltr'><strong>ar-</strong></span> 
     </span>
     <span class='ocr_line' id='line_1_45' title="bbox 134 3114 994 3158; baseline -0.003 -10"><span class='ocrx_word' id='word_1_372' title='bbox 134 3117 305 3158; x_wconf 82' lang='lat' dir='ltr'><strong>rogantiae</strong></span> <span class='ocrx_word' id='word_1_373' title='bbox 316 3121 415 3157; x_wconf 88' lang='lat' dir='ltr'><strong>atque</strong></span> <span class='ocrx_word' id='word_1_374' title='bbox 430 3115 627 3146; x_wconf 86' lang='lat' dir='ltr'><strong>insolentiae</strong></span> <span class='ocrx_word' id='word_1_375' title='bbox 639 3119 882 3155; x_wconf 81' lang='lat' dir='ltr'><strong>argumentum.</strong></span> <span class='ocrx_word' id='word_1_376' title='bbox 905 3114 994 3145; x_wconf 86' lang='lat' dir='ltr'><strong>Tun-</strong></span> 
     </span>
     <span class='ocr_line' id='line_1_46' title="bbox 136 3169 992 3213; baseline -0.001 -10"><span class='ocrx_word' id='word_1_377' title='bbox 136 3171 250 3203; x_wconf 84' lang='lat' dir='ltr'><strong>stallus</strong></span> <span class='ocrx_word' id='word_1_378' title='bbox 278 3171 338 3213; x_wconf 83' lang='lat' dir='ltr'><strong>Ep.</strong></span> <span class='ocrx_word' id='word_1_379' title='bbox 370 3171 410 3203; x_wconf 80' lang='lat' dir='ltr'><strong>ad</strong></span> <span class='ocrx_word' id='word_1_380' title='bbox 433 3170 550 3203; x_wconf 80' lang='lat' dir='ltr'><strong>Middl.</strong></span> <span class='ocrx_word' id='word_1_381' title='bbox 582 3180 610 3210; x_wconf 84' lang='lat' dir='ltr'><strong>p.</strong></span> <span class='ocrx_word' id='word_1_382' title='bbox 636 3169 693 3201; x_wconf 85' lang='grc'><strong>19].</strong></span> <span class='ocrx_word' id='word_1_383' title='bbox 716 3169 938 3201; x_wconf 66' lang='lat' dir='ltr'><strong>contumaciam</strong></span> <span class='ocrx_word' id='word_1_384' title='bbox 960 3170 992 3202; x_wconf 86' lang='lat' dir='ltr'><strong>iu</strong></span> 
     </span>
    </p>
   </div>
   <div class='ocr_carea' id='block_1_5' title="bbox 1017 2258 1022 2844">
    <p class='ocr_par' dir='ltr' id='par_1_7' title="bbox 1017 2258 1022 2844">
     <span class='ocr_line' id='line_1_47' title="bbox 1017 2258 1022 2844; baseline 0 0"><span class='ocrx_word' id='word_1_385' title='bbox 1017 2258 1022 2844; x_wconf 95' lang='lat' dir='ltr'><strong> </strong></span> 
     </span>
    </p>
   </div>
   <div class='ocr_carea' id='block_1_6' title="bbox 1017 2258 1022 3047">
    <p class='ocr_par' dir='ltr' id='par_1_8' title="bbox 1017 2258 1022 3047">
     <span class='ocr_line' id='line_1_48' title="bbox 1017 2258 1022 3047; baseline 0 0"><span class='ocrx_word' id='word_1_386' title='bbox 1017 2258 1022 3047; x_wconf 95' lang='lat' dir='ltr'><strong> </strong></span> 
     </span>
    </p>
   </div>
   <div class='ocr_carea' id='block_1_7' title="bbox 1042 1774 1907 2573">
    <p class='ocr_par' dir='ltr' id='par_1_9' title="bbox 1044 1774 1454 1806">
     <span class='ocr_line' id='line_1_49' title="bbox 1044 1774 1454 1806; baseline -0.002 -1"><span class='ocrx_word' id='word_1_387' title='bbox 1044 1775 1186 1806; x_wconf 82' lang='lat' dir='ltr'><strong>nimium</strong></span> <span class='ocrx_word' id='word_1_388' title='bbox 1208 1774 1291 1806; x_wconf 87' lang='lat' dir='ltr'><strong>mihi</strong></span> <span class='ocrx_word' id='word_1_389' title='bbox 1314 1774 1454 1805; x_wconf 85' lang='lat' dir='ltr'><strong>videtur.</strong></span> 
     </span>
    </p>

    <p class='ocr_par' dir='ltr' id='par_1_10' title="bbox 1042 1827 1907 2404">
     <span class='ocr_line' id='line_1_50' title="bbox 1087 1827 1907 1869; baseline -0.001 -10"><span class='ocrx_word' id='word_1_390' title='bbox 1087 1829 1151 1860; x_wconf 76' lang='lat' dir='ltr'><strong>Nec</strong></span> <span class='ocrx_word' id='word_1_391' title='bbox 1173 1831 1236 1859; x_wconf 73' lang='lat' dir='ltr'><strong>tam</strong></span> <span class='ocrx_word' id='word_1_392' title='bbox 1260 1828 1394 1859; x_wconf 77' lang='lat' dir='ltr'><strong>animum</strong></span> <span class='ocrx_word' id='word_1_393' title='bbox 1417 1838 1463 1859; x_wconf 81' lang='lat' dir='ltr'><strong>me</strong></span> <span class='ocrx_word' id='word_1_394' title='bbox 1484 1838 1575 1869; x_wconf 81' lang='lat' dir='ltr'><strong>quam</strong></span> <span class='ocrx_word' id='word_1_395' title='bbox 1586 1827 1776 1858; x_wconf 76' lang='lat' dir='ltr'><strong>stomachum</strong></span> <span class='ocrx_word' id='word_1_396' title='bbox 1793 1827 1907 1858; x_wconf 75' lang='lat' dir='ltr'><strong>habere</strong></span> 
     </span>
     <span class='ocr_line' id='line_1_51' title="bbox 1043 1882 1904 1923; baseline -0.002 -9"><span class='ocrx_word' id='word_1_397' title='bbox 1043 1883 1242 1914; x_wconf 68' lang='lat' dir='ltr'><strong>arbitramur</strong></span> <span class='ocrx_word' id='word_1_398' title='bbox 1264 1892 1298 1913; x_wconf 71' lang='grc' dir='ltr'><strong>οι</strong></span> <span class='ocrx_word' id='word_1_399' title='bbox 1322 1887 1354 1914; x_wconf 83' lang='lat' dir='ltr'><strong>et</strong></span> <span class='ocrx_word' id='word_1_400' title='bbox 1376 1893 1443 1913; x_wconf 90' lang='lat' dir='ltr'><strong>non</strong></span> <span class='ocrx_word' id='word_1_401' title='bbox 1466 1887 1582 1923; x_wconf 87' lang='lat' dir='ltr'><strong>putant</strong></span> <span class='ocrx_word' id='word_1_402' title='bbox 1605 1882 1687 1912; x_wconf 87' lang='lat' dir='ltr'><strong>mihi</strong></span> <span class='ocrx_word' id='word_1_403' title='bbox 1711 1882 1788 1913; x_wconf 87' lang='lat' dir='ltr'><strong>satis</strong></span> <span class='ocrx_word' id='word_1_404' title='bbox 1802 1882 1904 1913; x_wconf 89' lang='lat' dir='ltr'><strong>animi</strong></span> 
     </span>
     <span class='ocr_line' id='line_1_52' title="bbox 1044 1935 1906 1976; baseline -0.002 -8"><span class='ocrx_word' id='word_1_405' title='bbox 1044 1946 1114 1968; x_wconf 88' lang='lat' dir='ltr'><strong>esse</strong></span> <span class='ocrx_word' id='word_1_406' title='bbox 1136 1942 1171 1968; x_wconf 90' lang='lat' dir='ltr'><strong>ut</strong></span> <span class='ocrx_word' id='word_1_407' title='bbox 1200 1937 1349 1973; x_wconf 89' lang='lat' dir='ltr'><strong>ulciscar,</strong></span> <span class='ocrx_word' id='word_1_408' title='bbox 1383 1936 1443 1967; x_wconf 84' lang='lat' dir='ltr'><strong>etsi</strong></span> <span class='ocrx_word' id='word_1_409' title='bbox 1466 1935 1562 1967; x_wconf 88' lang='lat' dir='ltr'><strong>irasci</strong></span> <span class='ocrx_word' id='word_1_410' title='bbox 1586 1945 1639 1967; x_wconf 92' lang='lat' dir='ltr'><strong>me</strong></span> <span class='ocrx_word' id='word_1_411' title='bbox 1661 1945 1756 1976; x_wconf 88' lang='lat' dir='ltr'><strong>posse</strong></span> <span class='ocrx_word' id='word_1_412' title='bbox 1777 1936 1906 1976; x_wconf 86' lang='lat' dir='ltr'><strong>experti</strong></span> 
     </span>
     <span class='ocr_line' id='line_1_53' title="bbox 1044 1989 1905 2031; baseline -0.002 -9"><span class='ocrx_word' id='word_1_413' title='bbox 1044 1991 1162 2022; x_wconf 90' lang='lat' dir='ltr'><strong>sciunt.</strong></span> <span class='ocrx_word' id='word_1_414' title='bbox 1198 1991 1420 2031; x_wconf 84' lang='lat' dir='ltr'><strong>Negationem</strong></span> <span class='ocrx_word' id='word_1_415' title='bbox 1452 1989 1543 2030; x_wconf 82' lang='lat' dir='ltr'><strong>(non)</strong></span> <span class='ocrx_word' id='word_1_416' title='bbox 1575 1999 1676 2030; x_wconf 90' lang='lat' dir='ltr'><strong>quam</strong></span> <span class='ocrx_word' id='word_1_417' title='bbox 1704 1989 1905 2030; x_wconf 86' lang='lat' dir='ltr'><strong>antiquiores</strong></span> 
     </span>
     <span class='ocr_line' id='line_1_54' title="bbox 1043 2044 1905 2086; baseline -0.001 -10"><span class='ocrx_word' id='word_1_418' title='bbox 1043 2051 1116 2086; x_wconf 90' lang='lat' dir='ltr'><strong>post</strong></span> <span class='ocrx_word' id='word_1_419' title='bbox 1136 2045 1325 2076; x_wconf 72' lang='lat' dir='ltr'><strong>stomachum</strong></span> <span class='ocrx_word' id='word_1_420' title='bbox 1349 2045 1563 2082; x_wconf 85' lang='lat' dir='ltr'><strong>intruserunt,</strong></span> <span class='ocrx_word' id='word_1_421' title='bbox 1587 2054 1691 2085; x_wconf 89' lang='lat' dir='ltr'><strong>quum</strong></span> <span class='ocrx_word' id='word_1_422' title='bbox 1706 2044 1905 2076; x_wconf 87' lang='lat' dir='ltr'><strong>recentiores</strong></span> 
     </span>
     <span class='ocr_line' id='line_1_55' title="bbox 1043 2098 1905 2140; baseline 0 -9"><span class='ocrx_word' id='word_1_423' title='bbox 1043 2110 1061 2131; x_wconf 89' lang='lat' dir='ltr'><strong>a</strong></span> <span class='ocrx_word' id='word_1_424' title='bbox 1094 2100 1195 2132; x_wconf 91' lang='lat' dir='ltr'><strong>Bosio</strong></span> <span class='ocrx_word' id='word_1_425' title='bbox 1230 2099 1413 2140; x_wconf 85' lang='lat' dir='ltr'><strong>reciperent</strong></span> <span class='ocrx_word' id='word_1_426' title='bbox 1442 2099 1494 2130; x_wconf 71' lang='lat' dir='ltr'><strong>vix</strong></span> <span class='ocrx_word' id='word_1_427' title='bbox 1534 2099 1734 2136; x_wconf 71' lang='lat' dir='ltr'><strong>stomachum,</strong></span> <span class='ocrx_word' id='word_1_428' title='bbox 1769 2098 1905 2131; x_wconf 90' lang='lat' dir='ltr'><strong>minime</strong></span> 
     </span>
     <span class='ocr_line' id='line_1_56' title="bbox 1043 2151 1906 2193; baseline -0.003 -8"><span class='ocrx_word' id='word_1_429' title='bbox 1043 2153 1276 2185; x_wconf 86' lang='lat' dir='ltr'><strong>desideramus.</strong></span> <span class='ocrx_word' id='word_1_430' title='bbox 1298 2152 1383 2183; x_wconf 86' lang='lat' dir='ltr'><strong>Eam</strong></span> <span class='ocrx_word' id='word_1_431' title='bbox 1404 2152 1432 2183; x_wconf 86' lang='lat' dir='ltr'><strong>si</strong></span> <span class='ocrx_word' id='word_1_432' title='bbox 1457 2151 1572 2183; x_wconf 89' lang='lat' dir='ltr'><strong>Cicero</strong></span> <span class='ocrx_word' id='word_1_433' title='bbox 1597 2151 1784 2188; x_wconf 78' lang='lat' dir='ltr'><strong>addidisset,</strong></span> <span class='ocrx_word' id='word_1_434' title='bbox 1808 2151 1906 2193; x_wconf 86' lang='lat' dir='ltr'><strong>scrip-</strong></span> 
     </span>
     <span class='ocr_line' id='line_1_57' title="bbox 1043 2205 1904 2248; baseline -0.003 -9"><span class='ocrx_word' id='word_1_435' title='bbox 1043 2208 1138 2240; x_wconf 90' lang='lat' dir='ltr'><strong>sisset</strong></span> <span class='ocrx_word' id='word_1_436' title='bbox 1158 2207 1289 2248; x_wconf 86' lang='lat' dir='ltr'><strong>opinor:</strong></span> <span class='ocrx_word' id='word_1_437' title='bbox 1316 2216 1374 2237; x_wconf 77' lang='lat' dir='ltr'><strong>nec</strong></span> <span class='ocrx_word' id='word_1_438' title='bbox 1396 2206 1534 2237; x_wconf 77' lang='lat' dir='ltr'><strong>animum</strong></span> <span class='ocrx_word' id='word_1_439' title='bbox 1563 2217 1618 2243; x_wconf 85' lang='lat' dir='ltr'><strong>me,</strong></span> <span class='ocrx_word' id='word_1_440' title='bbox 1641 2205 1694 2236; x_wconf 74' lang='lat' dir='ltr'><strong>viz</strong></span> <span class='ocrx_word' id='word_1_441' title='bbox 1715 2206 1904 2237; x_wconf 68' lang='lat' dir='ltr'><strong>statuat-lcum</strong></span> 
     </span>
     <span class='ocr_line' id='line_1_58' title="bbox 1042 2259 1905 2302; baseline -0.001 -10"><span class='ocrx_word' id='word_1_442' title='bbox 1042 2262 1156 2293; x_wconf 73' lang='lat' dir='ltr'><strong>habere</strong></span> <span class='ocrx_word' id='word_1_443' title='bbox 1185 2261 1394 2298; x_wconf 74' lang='lat' dir='ltr'><strong>arbitrantur,</strong></span> <span class='ocrx_word' id='word_1_444' title='bbox 1425 2261 1514 2302; x_wconf 89' lang='lat' dir='ltr'><strong>quod</strong></span> <span class='ocrx_word' id='word_1_445' title='bbox 1541 2259 1670 2292; x_wconf 83' lang='lat' dir='ltr'><strong>Gallice</strong></span> <span class='ocrx_word' id='word_1_446' title='bbox 1698 2260 1840 2292; x_wconf 87' lang='lat' dir='ltr'><strong>diceres:</strong></span> <span class='ocrx_word' id='word_1_447' title='bbox 1866 2261 1905 2291; x_wconf 82' lang='lat' dir='ltr'><strong>ils</strong></span> 
     </span>
     <span class='ocr_line' id='line_1_59' title="bbox 1043 2318 1904 2360; baseline -0.003 -9"><span class='ocrx_word' id='word_1_448' title='bbox 1043 2320 1169 2352; x_wconf 85' lang='lat' dir='ltr'><strong>croient-</strong></span> <span class='ocrx_word' id='word_1_449' title='bbox 1200 2328 1265 2360; x_wconf 92' lang='lat' dir='ltr'><strong>que</strong></span> <span class='ocrx_word' id='word_1_450' title='bbox 1290 2318 1325 2358; x_wconf 87' lang='lat' dir='ltr'><strong>je</strong></span> <span class='ocrx_word' id='word_1_451' title='bbox 1356 2318 1422 2349; x_wconf 76' lang='lat' dir='ltr'><strong>n&#39;ai</strong></span> <span class='ocrx_word' id='word_1_452' title='bbox 1453 2318 1546 2359; x_wconf 88' lang='lat' dir='ltr'><strong>point</strong></span> <span class='ocrx_word' id='word_1_453' title='bbox 1567 2318 1608 2349; x_wconf 89' lang='lat' dir='ltr'><strong>de</strong></span> <span class='ocrx_word' id='word_1_454' title='bbox 1631 2326 1740 2355; x_wconf 89' lang='lat' dir='ltr'><strong>coeur,</strong></span> <span class='ocrx_word' id='word_1_455' title='bbox 1763 2318 1786 2348; x_wconf 75' lang='grc' dir='ltr'><strong>Ξι</strong></span> <span class='ocrx_word' id='word_1_456' title='bbox 1808 2318 1904 2358; x_wconf 88' lang='lat' dir='ltr'><strong>peine</strong></span> 
     </span>
     <span class='ocr_line' id='line_1_60' title="bbox 1043 2372 1281 2404; baseline -0.008 0"><span class='ocrx_word' id='word_1_457' title='bbox 1043 2373 1084 2404; x_wconf 90' lang='lat' dir='ltr'><strong>de</strong></span> <span class='ocrx_word' id='word_1_458' title='bbox 1107 2372 1281 2403; x_wconf 83' lang='lat' dir='ltr'><strong>l&#39;humeur.</strong></span> 
     </span>
    </p>

    <p class='ocr_par' dir='ltr' id='par_1_11' title="bbox 1045 2422 1904 2573">
     <span class='ocr_line' id='line_1_61' title="bbox 1087 2422 1904 2466; baseline -0.002 -10"><span class='ocrx_word' id='word_1_459' title='bbox 1087 2426 1105 2466; x_wconf 67' lang='grc' dir='ltr'>ξ</span> <span class='ocrx_word' id='word_1_460' title='bbox 1129 2425 1157 2456; x_wconf 88' lang='grc'><strong>3.</strong></span> <span class='ocrx_word' id='word_1_461' title='bbox 1181 2424 1229 2455; x_wconf 68' lang='lat' dir='ltr'><strong>Ex</strong></span> <span class='ocrx_word' id='word_1_462' title='bbox 1251 2424 1392 2466; x_wconf 81' lang='lat' dir='ltr'><strong>reliquis.</strong></span> <span class='ocrx_word' id='word_1_463' title='bbox 1418 2423 1500 2454; x_wconf 86' lang='lat' dir='ltr'><strong>Eros</strong></span> <span class='ocrx_word' id='word_1_464' title='bbox 1519 2422 1626 2454; x_wconf 88' lang='lat' dir='ltr'><strong>Nonis</strong></span> <span class='ocrx_word' id='word_1_465' title='bbox 1637 2423 1747 2464; x_wconf 89' lang='lat' dir='ltr'><strong>April.</strong></span> <span class='ocrx_word' id='word_1_466' title='bbox 1760 2424 1904 2454; x_wconf 87' lang='lat' dir='ltr'><strong>rationes</strong></span> 
     </span>
     <span class='ocr_line' id='line_1_62' title="bbox 1045 2476 1904 2517; baseline -0.005 -7"><span class='ocrx_word' id='word_1_467' title='bbox 1045 2478 1230 2510; x_wconf 84' lang='lat' dir='ltr'><strong>confecerat</strong></span> <span class='ocrx_word' id='word_1_468' title='bbox 1252 2477 1389 2514; x_wconf 91' lang='lat' dir='ltr'><strong>domini,</strong></span> <span class='ocrx_word' id='word_1_469' title='bbox 1413 2477 1501 2508; x_wconf 88' lang='lat' dir='ltr'><strong>unde</strong></span> <span class='ocrx_word' id='word_1_470' title='bbox 1524 2476 1700 2517; x_wconf 86' lang='lat' dir='ltr'><strong>apparebat</strong></span> <span class='ocrx_word' id='word_1_471' title='bbox 1722 2480 1850 2507; x_wconf 85' lang='lat' dir='ltr'><strong>tantum</strong></span> <span class='ocrx_word' id='word_1_472' title='bbox 1875 2477 1904 2507; x_wconf 88' lang='lat' dir='ltr'><strong>ei</strong></span> 
     </span>
     <span class='ocr_line' id='line_1_63' title="bbox 1045 2529 1902 2573; baseline -0.004 -10"><span class='ocrx_word' id='word_1_473' title='bbox 1045 2532 1203 2573; x_wconf 88' lang='lat' dir='ltr'><strong>pecuniae</strong></span> <span class='ocrx_word' id='word_1_474' title='bbox 1233 2539 1395 2572; x_wconf 88' lang='lat' dir='ltr'><strong>superare,</strong></span> <span class='ocrx_word' id='word_1_475' title='bbox 1418 2534 1455 2560; x_wconf 91' lang='lat' dir='ltr'><strong>ut</strong></span> <span class='ocrx_word' id='word_1_476' title='bbox 1477 2539 1544 2560; x_wconf 90' lang='lat' dir='ltr'><strong>uon</strong></span> <span class='ocrx_word' id='word_1_477' title='bbox 1568 2529 1667 2560; x_wconf 89' lang='lat' dir='ltr'><strong>modo</strong></span> <span class='ocrx_word' id='word_1_478' title='bbox 1689 2538 1757 2560; x_wconf 90' lang='lat' dir='ltr'><strong>non</strong></span> <span class='ocrx_word' id='word_1_479' title='bbox 1781 2536 1902 2568; x_wconf 84' lang='lat' dir='ltr'><strong>egeret,</strong></span> 
     </span>
    </p>
   </div>
   <div class='ocr_carea' id='block_1_8' title="bbox 1018 2582 1902 2680">
    <p class='ocr_par' dir='ltr' id='par_1_12' title="bbox 1018 2582 1902 2680">
     <span class='ocr_line' id='line_1_64' title="bbox 1018 2582 1902 2626; baseline 0 -12"><span class='ocrx_word' id='word_1_480' title='bbox 1018 2586 1101 2618; x_wconf 61' lang='lat' dir='ltr'><strong>Psed</strong></span> <span class='ocrx_word' id='word_1_481' title='bbox 1136 2586 1235 2617; x_wconf 87' lang='lat' dir='ltr'><strong>etiam</strong></span> <span class='ocrx_word' id='word_1_482' title='bbox 1266 2584 1404 2626; x_wconf 88' lang='lat' dir='ltr'><strong>pecunia</strong></span> <span class='ocrx_word' id='word_1_483' title='bbox 1432 2583 1624 2615; x_wconf 86' lang='lat' dir='ltr'><strong>abundaret.</strong></span> <span class='ocrx_word' id='word_1_484' title='bbox 1657 2582 1756 2614; x_wconf 83' lang='lat' dir='ltr'><strong>Nunc</strong></span> <span class='ocrx_word' id='word_1_485' title='bbox 1788 2590 1902 2614; x_wconf 83' lang='lat' dir='ltr'><strong>contra</strong></span> 
     </span>
     <span class='ocr_line' id='line_1_65' title="bbox 1044 2636 1901 2680; baseline -0.003 -10.088"><span class='ocrx_word' id='word_1_486' title='bbox 1044 2639 1169 2675; x_wconf 86' lang='lat' dir='ltr'><strong>evenit;</strong></span> <span class='ocrx_word' id='word_1_487' title='bbox 1202 2648 1281 2680; x_wconf 85' lang='lat' dir='ltr'><strong>ergo</strong></span> <span class='ocrx_word' id='word_1_488' title='bbox 1311 2638 1393 2669; x_wconf 84' lang='lat' dir='ltr'><strong>Eros</strong></span> <span class='ocrx_word' id='word_1_489' title='bbox 1422 2637 1508 2668; x_wconf 91' lang='lat' dir='ltr'><strong>male</strong></span> <span class='ocrx_word' id='word_1_490' title='bbox 1541 2637 1754 2677; x_wconf 86' lang='lat' dir='ltr'><strong>dispensarat.</strong></span> <span class='ocrx_word' id='word_1_491' title='bbox 1777 2636 1830 2667; x_wconf 80' lang='lat' dir='ltr'><strong>Ex</strong></span> <span class='ocrx_word' id='word_1_492' title='bbox 1852 2637 1901 2673; x_wconf 84' lang='lat' dir='ltr'><strong>iis,</strong></span> 
     </span>
    </p>
   </div>
   <div class='ocr_carea' id='block_1_9' title="bbox 1041 2689 1901 3000">
    <p class='ocr_par' dir='ltr' id='par_1_13' title="bbox 1041 2689 1901 2892">
     <span class='ocr_line' id='line_1_66' title="bbox 1043 2689 1901 2734; baseline -0.005 -10"><span class='ocrx_word' id='word_1_493' title='bbox 1043 2702 1125 2734; x_wconf 89' lang='lat' dir='ltr'><strong>quae</strong></span> <span class='ocrx_word' id='word_1_494' title='bbox 1154 2697 1336 2734; x_wconf 85' lang='lat' dir='ltr'><strong>sequuntur</strong></span> <span class='ocrx_word' id='word_1_495' title='bbox 1364 2695 1506 2732; x_wconf 86' lang='lat' dir='ltr'><strong>apparet,</strong></span> <span class='ocrx_word' id='word_1_496' title='bbox 1536 2689 1729 2722; x_wconf 86' lang='lat' dir='ltr'><strong>Ciceronem</strong></span> <span class='ocrx_word' id='word_1_497' title='bbox 1753 2690 1901 2721; x_wconf 89' lang='lat' dir='ltr'><strong>nondum</strong></span> 
     </span>
     <span class='ocr_line' id='line_1_67' title="bbox 1043 2742 1900 2779; baseline -0.006 -2"><span class='ocrx_word' id='word_1_498' title='bbox 1043 2746 1199 2778; x_wconf 84' lang='lat' dir='ltr'><strong>abiecisse</strong></span> <span class='ocrx_word' id='word_1_499' title='bbox 1228 2745 1298 2776; x_wconf 89' lang='lat' dir='ltr'><strong>fani</strong></span> <span class='ocrx_word' id='word_1_500' title='bbox 1327 2744 1459 2776; x_wconf 87' lang='lat' dir='ltr'><strong>Tulliae</strong></span> <span class='ocrx_word' id='word_1_501' title='bbox 1488 2743 1620 2774; x_wconf 90' lang='lat' dir='ltr'><strong>dicandi</strong></span> <span class='ocrx_word' id='word_1_502' title='bbox 1641 2742 1825 2779; x_wconf 85' lang='lat' dir='ltr'><strong>consilium,</strong></span> <span class='ocrx_word' id='word_1_503' title='bbox 1849 2743 1900 2773; x_wconf 87' lang='lat' dir='ltr'><strong>cui</strong></span> 
     </span>
     <span class='ocr_line' id='line_1_68' title="bbox 1041 2794 1900 2835; baseline -0.007 -5"><span class='ocrx_word' id='word_1_504' title='bbox 1041 2799 1227 2830; x_wconf 87' lang='lat' dir='ltr'><strong>destinabat</strong></span> <span class='ocrx_word' id='word_1_505' title='bbox 1255 2807 1369 2828; x_wconf 80' lang='lat' dir='ltr'><strong>merces</strong></span> <span class='ocrx_word' id='word_1_506' title='bbox 1391 2796 1567 2827; x_wconf 75' lang='lat' dir='ltr'><strong>insularum</strong></span> <span class='ocrx_word' id='word_1_507' title='bbox 1598 2796 1660 2835; x_wconf 89' lang='lat' dir='ltr'><strong>(ep.</strong></span> <span class='ocrx_word' id='word_1_508' title='bbox 1686 2794 1733 2832; x_wconf 87' lang='lat'><strong>17,</strong></span> <span class='ocrx_word' id='word_1_509' title='bbox 1757 2795 1797 2832; x_wconf 89' lang='lat'><strong>1),</strong></span> <span class='ocrx_word' id='word_1_510' title='bbox 1820 2804 1900 2835; x_wconf 87' lang='lat' dir='ltr'><strong>quas</strong></span> 
     </span>
     <span class='ocr_line' id='line_1_69' title="bbox 1041 2852 1508 2892; baseline -0.006 -8"><span class='ocrx_word' id='word_1_511' title='bbox 1041 2853 1074 2884; x_wconf 90' lang='lat' dir='ltr'><strong>h.</strong></span> <span class='ocrx_word' id='word_1_512' title='bbox 1096 2853 1118 2884; x_wconf 89' lang='lat'><strong>1.</strong></span> <span class='ocrx_word' id='word_1_513' title='bbox 1141 2853 1222 2884; x_wconf 88' lang='lat' dir='ltr'><strong>dicit</strong></span> <span class='ocrx_word' id='word_1_514' title='bbox 1236 2852 1425 2892; x_wconf 77' lang='lat' dir='ltr'><strong>fructuosas</strong></span> <span class='ocrx_word' id='word_1_515' title='bbox 1447 2860 1508 2882; x_wconf 75' lang='lat' dir='ltr'><strong>res.</strong></span> 
     </span>
    </p>

    <p class='ocr_par' dir='ltr' id='par_1_14' title="bbox 1042 2902 1899 3000">
     <span class='ocr_line' id='line_1_70' title="bbox 1083 2902 1898 2942; baseline -0.006 -6"><span class='ocrx_word' id='word_1_516' title='bbox 1083 2905 1253 2936; x_wconf 78' lang='lat' dir='ltr'><strong>Abundare</strong></span> <span class='ocrx_word' id='word_1_517' title='bbox 1285 2904 1419 2936; x_wconf 82' lang='lat' dir='ltr'><strong>debeam.</strong></span> <span class='ocrx_word' id='word_1_518' title='bbox 1448 2903 1565 2934; x_wconf 84' lang='lat' dir='ltr'><strong>Delevi</strong></span> <span class='ocrx_word' id='word_1_519' title='bbox 1595 2902 1645 2932; x_wconf 88' lang='lat' dir='ltr'><strong>his</strong></span> <span class='ocrx_word' id='word_1_520' title='bbox 1677 2902 1898 2942; x_wconf 89' lang='lat' dir='ltr'><strong>praepositum</strong></span> 
     </span>
     <span class='ocr_line' id='line_1_71' title="bbox 1042 2954 1899 3000; baseline -0.007 -10"><span class='ocrx_word' id='word_1_521' title='bbox 1042 2959 1101 2995; x_wconf 85' lang='lat' dir='ltr'><strong>vel,</strong></span> <span class='ocrx_word' id='word_1_522' title='bbox 1124 2959 1212 3000; x_wconf 89' lang='lat' dir='ltr'><strong>quod</strong></span> <span class='ocrx_word' id='word_1_523' title='bbox 1235 2958 1294 2990; x_wconf 87' lang='lat' dir='ltr'><strong>etsi</strong></span> <span class='ocrx_word' id='word_1_524' title='bbox 1317 2966 1374 2998; x_wconf 87' lang='lat' dir='ltr'><strong>per</strong></span> <span class='ocrx_word' id='word_1_525' title='bbox 1385 2965 1420 2988; x_wconf 84' lang='lat' dir='ltr'><strong>se</strong></span> <span class='ocrx_word' id='word_1_526' title='bbox 1435 2955 1595 2997; x_wconf 85' lang='lat' dir='ltr'><strong>optimum</strong></span> <span class='ocrx_word' id='word_1_527' title='bbox 1611 2961 1667 2991; x_wconf 89' lang='lat' dir='ltr'><strong>est,</strong></span> <span class='ocrx_word' id='word_1_528' title='bbox 1685 2954 1806 2985; x_wconf 85' lang='lat' dir='ltr'><strong>codicis</strong></span> <span class='ocrx_word' id='word_1_529' title='bbox 1826 2955 1899 2985; x_wconf 88' lang='lat' dir='ltr'><strong>Bal-</strong></span> 
     </span>
    </p>
   </div>
   <div class='ocr_carea' id='block_1_10' title="bbox 1018 3008 1774 3056">
    <p class='ocr_par' dir='ltr' id='par_1_15' title="bbox 1018 3008 1774 3056">
     <span class='ocr_line' id='line_1_72' title="bbox 1018 3008 1774 3056; baseline -0.011 -11"><span class='ocrx_word' id='word_1_530' title='bbox 1018 3049 1019 3056; x_wconf 19' lang='lat'><em>*</em></span> <span class='ocrx_word' id='word_1_531' title='bbox 1041 3013 1191 3044; x_wconf 88' lang='lat' dir='ltr'><strong>liolensis</strong></span> <span class='ocrx_word' id='word_1_532' title='bbox 1213 3011 1406 3043; x_wconf 82' lang='lat' dir='ltr'><strong>auctoritate</strong></span> <span class='ocrx_word' id='word_1_533' title='bbox 1428 3020 1494 3041; x_wconf 89' lang='lat' dir='ltr'><strong>non</strong></span> <span class='ocrx_word' id='word_1_534' title='bbox 1519 3009 1595 3039; x_wconf 89' lang='lat' dir='ltr'><strong>satis</strong></span> <span class='ocrx_word' id='word_1_535' title='bbox 1618 3008 1774 3038; x_wconf 87' lang='lat' dir='ltr'><strong>munitur.</strong></span> 
     </span>
    </p>
   </div>
   <div class='ocr_carea' id='block_1_11' title="bbox 1042 3062 1902 3207">
    <p class='ocr_par' dir='ltr' id='par_1_16' title="bbox 1042 3062 1902 3207">
     <span class='ocr_line' id='line_1_73' title="bbox 1083 3062 1902 3106; baseline -0.002 -10"><span class='ocrx_word' id='word_1_536' title='bbox 1083 3065 1267 3106; x_wconf 75' lang='lat' dir='ltr'><strong>Impeditum</strong></span> <span class='ocrx_word' id='word_1_537' title='bbox 1290 3064 1447 3106; x_wconf 79' lang='lat' dir='ltr'><strong>impedire.</strong></span> <span class='ocrx_word' id='word_1_538' title='bbox 1470 3063 1600 3094; x_wconf 87' lang='lat' dir='ltr'><strong>Similia</strong></span> <span class='ocrx_word' id='word_1_539' title='bbox 1622 3062 1783 3102; x_wconf 85' lang='lat' dir='ltr'><strong>quaedam</strong></span> <span class='ocrx_word' id='word_1_540' title='bbox 1803 3063 1902 3094; x_wconf 86' lang='lat' dir='ltr'><strong>colle-</strong></span> 
     </span>
     <span class='ocr_line' id='line_1_74' title="bbox 1043 3114 1900 3160; baseline -0.005 -10"><span class='ocrx_word' id='word_1_541' title='bbox 1043 3119 1092 3160; x_wconf 83' lang='lat' dir='ltr'><strong>git</strong></span> <span class='ocrx_word' id='word_1_542' title='bbox 1120 3119 1149 3150; x_wconf 94' lang='lat' dir='ltr'><strong>I.</strong></span> <span class='ocrx_word' id='word_1_543' title='bbox 1178 3118 1215 3149; x_wconf 89' lang='lat' dir='ltr'><strong>F.</strong></span> <span class='ocrx_word' id='word_1_544' title='bbox 1244 3116 1431 3149; x_wconf 85' lang='lat' dir='ltr'><strong>Gronovius</strong></span> <span class='ocrx_word' id='word_1_545' title='bbox 1461 3115 1555 3147; x_wconf 90' lang='lat' dir='ltr'><strong>Obss.</strong></span> <span class='ocrx_word' id='word_1_546' title='bbox 1578 3114 1643 3145; x_wconf 88' lang='lat' dir='ltr'><strong>IV.</strong></span> <span class='ocrx_word' id='word_1_547' title='bbox 1665 3115 1712 3151; x_wconf 74' lang='lat'><strong>14,</strong></span> <span class='ocrx_word' id='word_1_548' title='bbox 1736 3124 1766 3154; x_wconf 92' lang='lat' dir='ltr'><strong>p.</strong></span> <span class='ocrx_word' id='word_1_549' title='bbox 1790 3114 1860 3154; x_wconf 77' lang='lat'><strong>691,</strong></span> <span class='ocrx_word' id='word_1_550' title='bbox 1884 3126 1900 3147; x_wconf 88' lang='grc'><strong>0</strong></span> 
     </span>
     <span class='ocr_line' id='line_1_75' title="bbox 1042 3166 1899 3207; baseline -0.011 -2"><span class='ocrx_word' id='word_1_551' title='bbox 1042 3171 1200 3206; x_wconf 84' lang='lat' dir='ltr'><strong>Cicerone</strong></span> <span class='ocrx_word' id='word_1_552' title='bbox 1225 3172 1265 3203; x_wconf 82' lang='lat' dir='ltr'><strong>ad.</strong></span> <span class='ocrx_word' id='word_1_553' title='bbox 1286 3170 1377 3202; x_wconf 82' lang='lat' dir='ltr'><strong>Fam.</strong></span> <span class='ocrx_word' id='word_1_554' title='bbox 1399 3169 1495 3201; x_wconf 66' lang='lat' dir='ltr'><strong>MV.</strong></span> <span class='ocrx_word' id='word_1_555' title='bbox 1522 3168 1547 3204; x_wconf 89' lang='lat' dir='ltr'><strong>l,</strong></span> <span class='ocrx_word' id='word_1_556' title='bbox 1573 3170 1588 3198; x_wconf 78' lang='lat'>5</span> <span class='ocrx_word' id='word_1_557' title='bbox 1614 3166 1691 3203; x_wconf 67' lang='lat' dir='ltr'><strong>vide,</strong></span> <span class='ocrx_word' id='word_1_558' title='bbox 1715 3176 1753 3197; x_wconf 79' lang='lat' dir='ltr'><strong>ne</strong></span> <span class='ocrx_word' id='word_1_559' title='bbox 1773 3177 1899 3207; x_wconf 76' lang='lat' dir='ltr'><strong>puerum</strong></span> 
     </span>
    </p>
   </div>
   <div class='ocr_carea' id='block_1_12' title="bbox 1927 963 1960 989">
    <p class='ocr_par' dir='ltr' id='par_1_17' title="bbox 1927 963 1960 989">
     <span class='ocr_line' id='line_1_76' title="bbox 1927 963 1960 989; baseline 0 0"><span class='ocrx_word' id='word_1_560' title='bbox 1927 963 1960 989; x_wconf 89' lang='lat' dir='ltr'><strong>lo</strong></span> 
     </span>
    </p>
   </div>
   <div class='ocr_carea' id='block_1_13' title="bbox 1929 1328 1958 1353">
    <p class='ocr_par' dir='ltr' id='par_1_18' title="bbox 1929 1328 1958 1353">
     <span class='ocr_line' id='line_1_77' title="bbox 1929 1328 1958 1353; baseline 0 0"><span class='ocrx_word' id='word_1_561' title='bbox 1929 1328 1958 1353; x_wconf 85' lang='lat'><strong>15</strong></span> 
     </span>
    </p>
   </div>
  </div>
 </body>
</html>
