2062 3565
554 135 632 175 ΕΡ.
670 133 744 174 AD
777 132 823 172 T.
859 129 1209 171 POMPONIUM
1246 128 1508 169 ATTICUM.

145 274 313 315 debatur
361 278 504 313 natura
548 270 661 319 ferre,
707 275 754 309 ut
797 265 976 308 accidere
1022 268 1183 320 posset?
1229 264 1376 305 Omnia
1409 263 1536 318 igitur
1569 262 1799 304 metuenda.
1835 262 1913 304 Sed

143 346 242 387 fflud
278 342 413 403 παρὰ
444 342 533 396 τὴν
566 341 812 400 ἱστορίαν,
846 346 893 381 tu
936 339 1187 395 praesertim:
1230 353 1340 389 nme
1369 337 1638 391 reliquum
1671 335 1914 378 consula-

145 419 294 461 1·em.'’
329 416 468 469 Quid?
501 414 577 456 tibi
613 415 773 456 Servius
808 412 906 467 quid
940 411 1125 453 videtur?
1159 411 1414 466 Quamquam
1449 410 1525 451 1100
1557 410 1711 452 1111113111
1745 409 1795 451 ad
1828 424 1916 465 par—

145 502 225 534 tem
260 491 364 532 valet
397 489 563 539 seilicet,
601 487 699 528 mihi
733 485 980 542 praesertim,
1016 485 1086 539 qui
1120 499 1200 525 non
1236 484 1369 525 minus
1403 483 1505 524 bene
1539 488 1675 525 actum
1710 498 1803 524 cum
1836 481 1918 524 illis

111 580 124 603 5
149 574 297 621 putem.
342 563 454 610 Quid
500 563 606 603 enim
652 561 818 602 sumus?
864 564 934 600 aut
980 557 1077 612 quid
1121 573 1206 599 esse
1240 561 1478 613 possumus?
1513 556 1674 598 domine
1709 572 1759 598 an
1791 555 1918 596 foris?

147 638 346 691 Quodnisi
390 637 490 678 mihi
536 637 610 676 hoc
654 634 829 675 venisset
870 633 914 674 in
960 637 1135 673 mentem
1179 630 1351 672 scribere
1393 631 1471 671 ista
1520 630 1654 671 nescio
1689 644 1804 684 quae,
1841 643 1920 682 quo

149 719 338 754 verterem
372 726 433 752 me
468 725 548 750 non
582 707 783 749 haberem.
821 710 860 748 2.
895 705 960 747 Ad
996 704 1259 754 Dolabellam,
1294 709 1340 745 ut
1374 703 1531 755 scribis,
1566 704 1622 744 ita
1646 708 1745 758 puto
1768 701 1918 743 facien-

148 787 258 836 dum,
304 782 564 842 κοινότερα
610 781 803 837 quaedam
849 786 888 821 et
933 775 1302 837 πολιτικώτερα.
1343 775 1587 819 Faciendum
1623 781 1729 818 certe
1765 774 1920 830 aliquid

149 865 208 901 est
219 878 228 910 ;
275 858 387 900 valde
437 858 542 899 enim
588 855 801 897 desiderat.
850 856 890 894 3.
936 854 1087 894 Brutus
1132 853 1165 893 si
1201 851 1297 906 quid
1332 852 1472 906 egerit,
1508 850 1667 892 curabis
1702 855 1748 890 ut
1781 848 1920 898 sciam,

99 948 128 973 w
151 933 216 973 cui
249 931 411 987 quidem
446 945 565 986 quam
600 929 771 984 primum
807 927 1007 982 agendum

1042 933 1154 981 puto,
1192 925 1425 981 praesertim
1460 926 1493 965 si
1528 924 1688 965 statuit.
1735 922 1924 963 Sermun-

152 1007 287 1048 eulum
321 1007 427 1046 enim
462 1018 617 1045 omnem
656 1008 724 1043 aut
758 1000 987 1042 restinxerit
1022 1005 1091 1040 aut
1125 999 1286 1040 sedarit.
1322 999 1426 1040 Sunt
1459 999 1564 1039 enim
1600 997 1667 1051 qui
1701 996 1919 1051 loquantur

153 1081 273 1121 etiam
309 1093 480 1119 mecum.
516 1076 592 1118 Sed
626 1075 723 1116 haec
757 1075 842 1129 ipse
877 1073 1040 1128 optime,
1077 1072 1307 1127 praesertim
1342 1071 1373 1111 si
1409 1071 1528 1112 etiam
1563 1076 1695 1112 tecum
1724 1069 1925 1124 loquetur.

157 1154 258 1196 Mihi
296 1159 355 1194 est
397 1153 440 1192 in
475 1150 607 1191 31111110
651 1147 843 1204 proficisci
879 1160 942 1187 xi.
978 1145 1070 1186 Kal.
1107 1145 1185 1185 Hic
1214 1145 1325 1185 ’0111111
1360 1144 1463 1185 nihil
1495 1142 1623 1184 habeo
1657 1142 1764 1198 quod
1797 1156 1927 1197 agam,

156 1245 205 1270 ne
249 1226 408 1268 hercule
458 1225 540 1265 11110
591 1221 751 1277 quidem
797 1235 868 1261 nec
918 1233 1101 1272 usquam,
1148 1217 1215 1258 sed
1261 1223 1395 1258 tamen
1441 1216 1595 1271 aliquid
1644 1217 1742 1258 11110.
1795 1215 1928 1258 Hodie

103 1312 135 1338 1⁵
158 1301 410 1358 Spintherem
455 1302 655 1352 exspecto.
704 1294 819 1335 Misit
851 1293 958 1334 enim
992 1292 1143 1332 Brutus
1178 1291 1225 1331 ad
1261 1305 1345 1330 me:
1382 1305 1450 1345 per
1482 1289 1618 1331 literas
1652 1296 1797 1345 purgat
1830 1289 1928 1330 Cae-

158 1391 284 1417 sarem
330 1373 377 1413 de
425 1370 592 1412 interitu
646 1366 841 1417 Marcelli,
888 1366 931 1406 in
977 1379 1109 1418 quem,
1156 1379 1204 1404 ne
1249 1363 1282 1403 si
1315 1362 1474 1404 insidiis
1509 1362 1671 1416 quidem
1704 1362 1928 1404 1110111101*-

160 1450 287 1490 fectus
331 1451 447 1495 esset,
483 1444 642 1485 caderet
685 1441 767 1482 ulla
802 1440 989 1495 suspicio.
1041 1439 1161 1479 Nunc
1198 1452 1302 1486 vei-0,
1339 1452 1462 1491 quum
1497 1436 1544 1477 de
1585 1436 1719 1491 Magio
1753 1441 1927 1486 constet,

162 1537 292 1564 11011110
340 1521 449 1561 furor
492 1519 577 1558 eius
626 1531 787 1557 causam
822 1528 978 1554 omnem
1014 1512 1213 1552 sustinet?
1247 1510 1371 1551 Plane
1406 1509 1503 1564 quid
1538 1510 1591 1551 sit
1623 1526 1705 1552 non
1733 1510 1932 1564 intelligo.

166 1593 412 1651 Explanabis
446 1592 585 1646 igitur.
639 1590 892 1641 Quamquam
928 1584 1028 1626 1111111
1064 1583 1190 1624 habeo
1225 1582 1333 1638 quod
1366 1582 1562 1634 dubitem,
1598 1584 1676 1624 nisi
1698 1584 1776 1639 ipsi
1796 1583 1934 1638 Magio

110 1685 145 1711 20
163 1685 263 1725 quat*
312 1667 432 1708 fuerit
476 1680 593 1706 causa
636 1662 846 1711 amentiae,
896 1675 964 1715 pro
1009 1674 1087 1713 quo
1133 1656 1293 1711 quidem
1339 1656 1459 1697 etiam
1495 1672 1661 1711 sponsor
1696 1657 1826 1699 factus
1860 1662 1934 1698 est,

208 1830 225 1854 ἱ)
255 1826 369 1855 Brutus
391 1824 419 1853 si
441 1823 525 1864 quill,
549 1822 671 1852 rumbis
697 1839 735 1843 —-
758 1821 797 1850 520
820 1829 950 1859 sponsor
974 1818 1063 1848 Sunii
1080 1818 1193 1857 >linctus
1218 1819 1263 1846 με]
1294 1835 1327 1839 —

170 1989 187 2009 a
210 1978 247 2008 P.
273 1976 385 2015 Magio
410 1975 551 2006 chilone
575 1979 708 2004 necatus
722 1977 798 2002 erat.
822 1971 943 2001 Totam
960 1979 1028 2000 rem

171 2039 281 2064 narrat
305 2030 472 2071 Sulpicius
503 2030 535 2060 in
568 2028 706 2068 epistola
740 2027 826 2057 inter
856 2024 1030 2055 Tullianus

172 2091 299 2117 servata
322 2084 414 2115 Fam.
439 2083 499 2114 IV.
526 2082 573 2112 12.

219 2138 268 2169 ,lle
291 2138 439 2178 reliquum
464 2136 670 2167 consularem.
716 2134 847 2164 Atticus
878 2133 1031 2172 ignorare

174 2203 237 2223 non
263 2197 388 2231 poterat
411 2190 520 2230 plures
551 2189 637 2218 viros
660 2187 848 2217 consulares
870 2190 941 2214 tum
964 2192 1033 2213 esse

175 2245 374 2286 superstites.
415 2243 481 2273 Sed
505 2242 634 2272 videtur
667 2240 819 2270 Tullium
853 2237 1034 2278 appellasse

174 2300 283 2331 50111111
305 2308 380 2330 vere
403 2297 621 2327 consularem.
648 2295 686 2325 In
710 2293 780 2324 eius
803 2293 908 2323 laudis
936 2291 1034 2322 socie-

176 2361 275 2385 tatem
302 2353 417 2384 Cicero
441 2360 529 2382 nuuc
553 2354 647 2380 vocat
670 2348 823 2379 Sei-vitun
839 2346 1034 2387 Sulpicium.

220 2406 289 2437 Hoc
311 2405 431 2436 nullam
456 2404 499 2434 ad
518 2405 637 2443 partem
664 2401 746 2431 valet
771 2411 802 2431 o:
827 2399 1035 2430 consularem

177 2470 247 2493 esse
271 2470 330 2491 uec
353 2459 495 2490 fructum
509 2456 601 2487 affert
617 2465 677 2486 nec
689 2455 898 2494 dignitatem.
926 2452 1035 2490 Quare

177 2525 242 2545 cum
265 2513 342 2550 illis,
367 2513 424 2554 qui
448 2511 569 2542 mortui
592 2500 677 2545 suut,
703 2509 786 2539 bene
809 2513 917 2538 actum
935 2511 1022 2547 puto.

222 2566 305 2608 Quid
328 2565 406 2597 enim
429 2563 563 2594 sumus?
586 2564 642 2592 aut
663 2561 739 2602 quid
761 2570 827 2591 esse
847 2561 1036 2600 possumus?

178 2623 330 2654 Mosems
353 2620 468 2660 Symb.
493 2618 575 2649 Crit.
599 2617 660 2647 VI.
685 2627 715 2656 p.
739 2618 755 2645 5
780 2624 865 2651 vere,
896 2620 931 2644 ut
954 2613 1037 2644 mihi
1059 2620 1061 2651 ς

179 2677 312 2717 quidem
333 2675 470 2710 videtur,
493 2673 645 2703 observat
668 2671 810 2710 potuisse
842 2668 1037 2700 Ciceronem

179 2731 213 2761 iu
237 2728 439 2771 principibus
462 2736 540 2761 esse,
565 2726 592 2756 si
616 2725 784 2755 voluisset.
820 2723 883 2754 Cui
914 2723 1037 2753 incom-

180 2784 278 2814 modo
300 2782 450 2813 medetur
482 2787 678 2820 expungens
702 2788 732 2808 v.
755 2787 831 2813 esse,
862 2782 899 2806 ut
922 2775 1038 2806 Cicero

182 2842 325 2878 quaerat,
350 2846 415 2866 uon
440 2834 518 2875 quid
541 2842 610 2864 esse
633 2832 743 2872 possit,
768 2831 825 2862 sed
847 2830 925 2870 quid
936 2828 1039 2870 possit

183 2898 214 2922 et
236 2890 354 2921 valeat.

225 2946 243 2983 ξ
267 2946 296 2975 3.
321 2943 442 2974 Brutus
460 2942 488 2972 si
502 2941 578 2984 quid
588 2939 696 2980 eyerit.
718 2938 808 2970 Male
824 2936 936 2968 reiecit
949 2935 1039 2967 Orel-

184 2999 247 3029 lius
270 2997 407 3028 verbum
431 2995 537 3037 efferit,
562 2994 649 3034 quod
671 3003 713 3024 ex
736 2992 809 3022 aliis
831 2990 924 3021 libris
948 2994 1038 3019 nota-

1078 1967 1202 2006 Agitur
1224 1974 1334 1998 autem
1358 1967 1398 1997 de
1422 1965 1539 1996 Porcia
1561 1964 1720 1995 ducenda.
1735 1961 1786 1994 Cf.
1802 1971 1850 2003 ep.
1867 1962 1896 1992 9.
1910 1961 1938 1992 2.

1120 2020 1195 2050 Illic
1218 2030 1249 2050 o:
1274 2019 1406 2060 Arpini.
1429 2018 1468 2048 cf.
1493 2028 1546 2058 ep.—
1566 2026 1681 2058 praec„
1705 2016 1733 2047 2.

1123 2072 1213 2103 Misit
1239 2072 1318 2102 enim
1343 2071 1463 2101 Brutus
1485 2070 1530 2100 ad
1551 2080 1606 2100 me.
1643 2067 1786 2109 Aliquid
1809 2067 1882 2098 vitii
1904 2067 1939 2098 in

1079 2127 1129 2156 his
1153 2126 1261 2156 verbis
1285 2125 1391 2155 inesse
1414 2130 1501 2164 puto,
1525 2123 1578 2153 cui
1602 2132 1668 2152 non
1692 2121 1769 2152 satis
1788 2121 1938 2152 medetur

1081 2178 1234 2213 OrelliuS,
1259 2177 1315 2218 qui
1339 2177 1431 2207 eliam
1456 2186 1514 2216 pro
1537 2175 1614 2205 enim
1639 2174 1850 2205 scribendum
1881 2183 1937 2213 pu-

1081 2237 1136 2261 tat.
1182 2228 1268 2261 Vide
1302 2236 1424 2270 quanto
1463 2229 1580 2259 melius
1618 2228 1729 2258 omnia
1761 2227 1938 2268 procedant

1083 2285 1176 2316 Bruti
1201 2285 1335 2315 nomine
1361 2283 1576 2324 transposito:
1613 2281 1717 2312 Hodie
1739 2281 1940 2322 Spintherem

1082 2340 1233 2378 aspecto.
1258 2336 1347 2367 Misit
1370 2336 1450 2366 enim
1470 2336 1514 2366 acl
1536 2345 1591 2365 me.
1614 2334 1736 2365 Brutus
1751 2344 1812 2374 per
1824 2333 1939 2364 literas

1057 2388 1058 2409 l
1078 2394 1195 2432 purqat
1220 2391 1382 2422 Caesarem
1407 2396 1466 2421 cet.
1512 2390 1560 2420 De
1592 2388 1768 2429 Spinthere
1799 2387 1870 2418 dixi
1900 2387 1941 2417 ad

1082 2455 1131 2485 ep.
1156 2445 1173 2477 7
1198 2445 1230 2476 h.
1254 2445 1263 2475 l

1126 2497 1227 2528 Plane
1249 2497 1325 2539 quid
1344 2497 1386 2527 sit
1402 2507 1463 2527 non
1478 2494 1622 2536 inlelliqo
1641 2504 1673 2524 o:
1698 2503 1765 2524 nou
1779 2492 1943 2533 intelligo,

1084 2565 1142 2585 cur
1165 2555 1288 2585 Brutus
1312 2553 1486 2585 Caesarem
1508 2556 1636 2592 purget.

1129 2610 1264 2651 Sponsor
1280 2607 1394 2648 faetus
1424 2609 1484 2637 est.
1515 2605 1594 2636 Post
1626 2604 1765 2636 Bosium
1794 2603 1945 2634 inserunt

1087 2662 1189 2700 Sunii,
1222 2661 1308 2702 quod
1330 2659 1424 2691 nulla
1447 2658 1639 2689 auctoritate
1661 2657 1738 2687 libri
1761 2653 1873 2696 scripti
1898 2655 1945 2686 ni-

1085 2718 1164 2748 titur
1188 2720 1219 2746 et
1240 2715 1350 2754 inepte
1373 2713 1509 2744 additur.
1556 2710 1593 2742 Si
1615 2711 1649 2741 in
1674 2720 1721 2747 00,
1745 2709 1835 2750 quod
1856 2708 1946 2740 Med.

1085 2773 1141 2802 dat
1163 2779 1352 2810 sponsorum,
1384 2777 1450 2797 non
1481 2775 1608 2796 merum
1642 2773 1786 2795 errorem
1820 2762 1947 2793 librarii

1087 2832 1265 2865 agnoscere
1290 2821 1381 2858 velis,
1406 2820 1516 2851 videas
1536 2828 1578 2850 ue
1602 2818 1634 2848 iu
1659 2827 1697 2849 eo
1720 2818 1821 2848 lateat
1856 2825 1946 2856 spon-

1086 2888 1138 2907 sor
1161 2876 1286 2906 Romae.

1131 2928 1334 2961 Constantius
1356 2926 1563 2968 respondisse.
1586 2925 1677 2956 Male
1699 2928 1800 2964 negat
1812 2922 1948 2954 Beierus

1088 2987 1122 3017 in
1145 2985 1221 3015 adn.
1243 2983 1329 3024 apud
1352 2981 1515 3014 Orellium
1538 2981 1588 3011 ed.
1611 2990 1657 3020 pr.
1678 2976 1875 3008 constantius
1903 2986 1949 3006 re-

187 3058 266 3087 tum,
290 3049 415 3080 librarii
438 3057 546 3079 errore
569 3047 603 3077 in
626 3046 778 3077 Mediceo
801 3043 960 3074 omissum
982 3049 1040 3072 est.
1088 3038 1240 3080 spondere
1261 3036 1421 3067 Latinum
1445 3044 1525 3065 esse.
1571 3031 1699 3071 Quidni
1723 3030 1812 3062 enim
1836 3030 1872 3066 is,
1892 3029 1950 3070 qui

188 3104 281 3134 Idem
303 3102 439 3133 verbum
462 3100 593 3131 additur
615 3108 655 3139 ep
690 3098 736 3134 11,
761 3098 790 3128 2.
814 3096 863 3133 16,
887 3095 918 3125 2.
942 3094 989 3131 17,
1011 3100 1042 3125 et
1090 3093 1124 3123 in
1147 3090 1375 3131 respondendo
1398 3088 1460 3119 sibi
1484 3091 1620 3122 constat,
1643 3084 1700 3125 qui
1717 3082 1846 3124 saepius
1859 3091 1950 3121 roga-

187 3168 244 3197 pro
267 3156 326 3186 eri!
349 3154 586 3186 restituendum
610 3153 738 3183 videtur
761 3149 857 3189 eqeril
881 3157 928 3187 ep.
953 3148 1001 3183 14,
1014 3148 1042 3177 2.

1066 3137 1067 3153 ¹
1091 3150 1143 3175 tus
1167 3143 1254 3173 idem
1279 3141 1406 3181 saepius
1425 3139 1608 3179 respondet,
1629 3137 1812 3166 eowstanter
1828 3143 1950 3174 respon-

2024 347 2049 389 ’Σῇ-
2016 204 2050 338 -κρᾖέιέ-,ίθμ
2029 158 2032 163 ·
2019 142 2023 147 ’

2030 393 2046 439 πεῖ

2026 667 2049 713 uf.—
2026 546 2051 661 »31:353
2027 445 2051 502 2300„

2036 801 2057 1059 ’‘Avus-athaa-w'mffl
2040 772 2044 777 1
2046 728 2053 743 ,,

2040 1178 2054 1309 ...Α-α’-Μθ
