2062 3565
719 156 822 198 LIB.
859 157 933 199 [X.
970 157 1053 199 ΕΡ.
1094 159 1130 198 l.
1169 160 1209 198 2.
1793 163 1844 198 45

78 291 339 348 proficiscitur
383 298 501 341 sorte,
549 293 608 334 vel
652 308 743 334 cum
784 308 930 347 genero
974 292 1151 342 honeste,
1199 293 1255 333 vel
1292 296 1501 335 Caesarem
1536 294 1639 347 fugit
1674 294 1845 344 i1·atum;

77 364 259 408 Marcelli
299 364 477 419 quidem,
526 366 603 406 uisi
636 365 817 420 gladium
851 366 1032 407 Caesaris
1066 366 1312 416 timuissent,
1349 376 1582 417 manerent,
1620 368 1776 422 Appius
1809 376 1849 408 et

77 436 216 479 eodem
258 437 401 478 timore
445 446 486 478 et
530 438 833 480 inimicitiarum
879 439 1124 489 recentium3
1159 446 1200 479 et
1232 444 1366 480 tamen
1400 445 1554 495 praeter
1590 438 1695 481 hunc
1729 450 1768 479 etv
1801 441 1847 479 (γ’.

75 510 258 553 Cassium
301 511 445 567 reliqui
493 512 630 566 legati,
681 512 849 553 Faustus
891 528 960 568 pro
1002 519 1224 567 quaestore,
1269 527 1342 567 ego
1386 527 1503 563 unus,
1551 512 1617 553 cui
1650 512 1848 553 utrumvis

75 583 226 626 liceret.
260 584 400 626 Frater
433 584 609 635 accedet,
644 600 763 640 quem
798 585 950 626 socium
989 585 1108 627 liuius
1134 587 1316 627 fortunae
1340 602 1425 627 esse
1450 602 1530 627 non
1554 592 1639 627 erat
1661 601 1847 640 aequum,
1890 600 1902 623 5

76 647 301 712 cui⁰magis
333 658 453 699 etiam
489 658 633 700 Caesar
665 659 885 709 irascetur3
921 659 989 700 sed
1024 659 1235 715 impetrare
1271 675 1349 701 nou
1383 675 1560 715 possum,
1597 667 1641 700 ut
1675 668 1847 700 maneat.

77 728 273 771 Dabimus
308 730 381 772 hoc
416 731 622 787 Pompeio,
658 732 765 786 quod
800 731 1007 773 debemus.
1044 732 1152 773 Nam
1188 748 1248 774 me
1283 732 1446 787 quidem
1480 733 1583 774 alius
1617 749 1733 775 nemo
1769 750 1848 774 mo-

77 808 143 845 vet
154 822 166 854 3
212 818 293 845 non
335 819 463 845 sermo
504 803 715 855 bonorum,
764 806 832 860 qui
879 805 978 846 nulli
1024 815 1132 856 suut,
1167 821 1246 847 uon
1282 821 1416 856 causa,
1451 821 1551 861 quae
1586 812 1673 848 acta
1707 807 1847 848 timide

76 885 149 928 est,
194 882 335 932 agetur
382 877 577 934 improbe.
629 879 725 930 L'ni,
771 879 841 920 uui
885 879 960 920 hoc
1001 879 1157 930 damus,
1200 895 1248 921 ue
1289 879 1331 920 id
1375 880 1535 934 quidem
1570 881 1741 935 roganti,
1776 895 1847 921 nec

76 965 188 992 suam
232 965 407 1000 causam,
449 958 494 992 ut
538 952 608 1002 ait,
653 953 803 1008 agenti,
847 953 915 994 sed
959 951 1173 1008 publicani.
1228 954 1288 993 Tu
1323 953 1419 1007 quid
1455 954 1606 1007 cogites
1639 953 1687 993 de
1721 962 1847 994 trans-

76 1023 210 1066 eundo
241 1024 286 1065 in
322 1025 491 1080 Epirum
525 1026 626 1067 scire
659 1041 753 1067 sane
788 1026 920 1068 velim.

3 1202 21 1254 .
78 1203 325 1236 communicare
339 1209 555 1236 consueverat
569 1202 677 1244 (Caes.
694 1202 860 1235 B.C.111.
874 1203 941 1245 18),
990 1203 1038 1234 M.
1063 1203 1178 1236 Caelio
1199 1204 1285 1237 Rufo
1308 1211 1339 1237 et
1362 1205 1399 1237 C.
1421 1205 1597 1237 Scribonio
1620 1204 1774 1241 Curione,
1792 1205 1849 1246 qui

10 1266 15 1272 ·
76 1257 166 1288 hunc
188 1257 230 1288 ad
251 1257 379 1288 bellum
400 1257 499 1288 civile
523 1257 723 1288 excitabant.
990 1256 1139 1288 sentiunt
1160 1267 1237 1288 cum
1260 1256 1408 1296 Caesare,
1447 1257 1541 1289 Fam.
1563 1267 1658 1299 saepe
1681 1257 1798 1297 (VIII.
1829 1258 1849 1288 6

118 1310 137 1350 ξ
159 1311 191 1342 4.
213 1309 295 1341 Nam
318 1309 425 1350 Scipio
447 1315 508 1342 cet.
543 1310 607 1342 His
639 1309 748 1341 verbis
778 1310 940 1341 rationem
990 1314 1021 1340 et
1043 1309 1097 1349 12)
1121 1315 1153 1341 et
1177 1310 1242 1341 Dio
1264 1310 1339 1341 XL.
1365 1311 1404 1342 63
1427 1312 1498 1352 sq.''
1527 1311 1555 1342 I.
1578 1310 1616 1341 F.
1642 1310 1742 1341 Gron.
1773 1309 1849 1341 Per-

78 1364 194 1402 reddit,
217 1373 278 1395 cur
298 1364 375 1395 odia
396 1363 572 1395 hominum
600 1364 635 1394 in
665 1372 700 1394 se
730 1363 939 1399 accenderet;
989 1362 1171 1403 spicuitatis
1204 1373 1302 1394 causa
1331 1364 1437 1395 multa
1473 1364 1577 1401 aliter,
1616 1373 1715 1404 quam
1748 1363 1849 1403 vulgo

77 1427 148 1448 nam
172 1417 246 1448 aliis
269 1426 320 1449 res
342 1416 471 1457 integra
503 1426 568 1447 non
600 1421 677 1454 erat,
707 1416 770 1447 sibi
799 1415 857 1446 uni
888 1415 941 1447 vel
988 1417 1035 1454 fit,
1058 1417 1209 1449 distinxi.

77 1479 213 1502 manere
237 1470 291 1501 vel
314 1469 513 1511 Pompeium
535 1469 628 1510 sequi
650 1469 781 1500 licebat.
805 1468 877 1499 Cum
889 1479 941 1510 qe·
1035 1470 1102 1508 Uni,
1133 1471 1190 1501 uni
1211 1471 1269 1502 hoc
1291 1472 1412 1503 damus.
1447 1472 1583 1503 Malim:
1614 1473 1668 1503 um'
1705 1472 1756 1502 illel
1792 1472 1850 1502 hoc

78 1533 154 1555 nero
175 1533 212 1555 οι
247 1533 325 1555 cum
346 1523 519 1565 Pompeio,
541 1523 599 1564 qui
620 1523 721 1554 huius
745 1523 788 1562 Q.
810 1522 941 1554 Metelli
989 1523 1110 1556 damus.

3 1575 7 1578 ”
36 1580 41 1585 “
78 1575 244 1619 Scipionis
266 1576 370 1626 {iliam
383 1575 586 1613 Corneliam,
602 1576 724 1607 amissa
743 1575 843 1614 Iulia,
860 1585 940 1607 uxo-
1034 1577 1072 1608 Ut
1096 1578 1154 1616 ait,
1178 1588 1210 1609 οε
1241 1585 1278 1610 ut
1307 1588 1383 1620 prae
1413 1589 1447 1611 se
1482 1579 1553 1616 fert,
1587 1589 1788 1620 quamquam
1809 1580 1849 1611 (le

78 1639 149 1663 rem
171 1631 322 1664 duxerat.
964 1669 967 1672 ἡ
988 1631 1127 1663 verita-te
1149 1632 1300 1664 dubitare
1326 1632 1412 1664 licet.

65 1687 69 1690 '
121 1684 362 1716 Ialazicitiarum
387 1684 566 1722 recentium,
593 1693 693 1715 ‘tcum
715 1683 891 1715 Dolabella
908 1689 941 1715 et
963 1676 968 1715 ,Ῑ

705 1783 768 1844 JJ'.
836 1804 900 1855 (A.
943 1803 988 1855 U.
1027 1805 1068 1844 C.
1108 1804 1224 1858 705.)

143 1932 234 1974 Etsi
266 1933 303 1974 N
310 1932 399 1973 om‘s
432 1932 551 1972 Mart.
585 1930 650 1972 die
684 1937 772 1981 tuo,
808 1941 853 1972 ut
885 1930 1040 1986 opinor,
1083 1929 1364 1986 exspectabam
1397 1931 1607 1987 epistolam
1641 1947 1661 1972 a
1694 1938 1732 1973 te
1766 1932 1851 1973 lon-

81 2005 247 2060 giorem,
281 2010 417 2046 tamen
450 2005 500 2046 ad
534 2019 622 2046 eam
654 2005 783 2060 ipsam
817 2003 992 2054 brevem,
1027 2018 1146 2058 quam
1180 2015 1242 2044 IV.
1277 2003 1418 2045 Nonas
1452 2001 1547 2048 ὑπὸ
1581 2004 1667 2057 τὴν
1699 2001 1854 2059 λῆψιν

83 2077 244 2130 dedisti,
294 2078 594 2120 rescribendum
627 2078 782 2134 putavi.
843 2077 1028 2120 Gaudere
1063 2078 1121 2119 ais
1153 2087 1192 2119 te
1226 2078 1417 2119 mansisse
1453 2093 1528 2129 me,
1562 2084 1602 2120 et
1635 2078 1779 2142 scribis¹
1810 2079 1853 2121 iu

83 2152 283 2194 sententia
314 2158 354 2194 te
387 2167 561 2194 manere.
612 2152 719 2194 Mihi
752 2158 888 2194 autem
922 2150 1197 2206 superioribus
1230 2151 1356 2193 literis
1391 2152 1576 2193 videbare
1612 2168 1690 2194 non
1735 2151 1853 2193 dubi-

83 2230 183 2278 tare,
216 2226 316 2282 quin
365 2226 560 2278 cederem,
606 2228 661 2268 ita
708 2227 741 2268 si
786 2235 827 2268 et
867 2226 1027 2268 Gnaeus
1072 2224 1173 2267 bene
1214 2226 1428 2267 comitatus
1473 2226 1771 2267 conscendisset
1813 2232 1853 2267 et

84 2300 268 2342 consules
299 2301 553 2342 transissent.
590 2301 737 2342 [trum
772 2301 848 2342 hoc-
881 2311 929 2342 tu
964 2315 1103 2355 parum
1139 2300 1462 2350 commeministi,
1498 2316 1548 2342 an
1582 2315 1655 2354 ego
1689 2315 1768 2340 nou
1793 2315 1852 2341 sa-

83 2373 137 2415 tis
169 2373 365 2425 intellexi,
400 2389 449 2416 an
485 2376 652 2416 mutasti
685 2374 953 2416 sententiam?
987 2373 1065 2415 Sed
1100 2380 1170 2415 aut
1203 2389 1249 2414 ex
1284 2374 1466 2428 epistola,
1501 2389 1620 2429 quam
1650 2380 1851 2428 exspecto,

84 2446 336 2502 perspiciam,
371 2446 470 2502 quid
502 2448 666 2499 sentias,
701 2453 772 2489 aut
805 2447 902 2488 alias
936 2446 1007 2487 abs
1040 2454 1080 2487 te
1115 2447 1248 2487 literas
1283 2445 1454 2487 elic-iam.
1492 2446 1706 2487 Brundisio
1733 2445 1854 2488 nihil-

86 2518 182 2560 dum
215 2525 300 2560 erat
333 2518 512 2561 allatum.

265 2627 415 2634 ——-.—
435 2630 468 2631 ..7
481 2628 502 2632 ‚m

127 2692 146 2723 3
167 2687 340 2736 διάλειψιν
365 2708 404 2715 -··

127 2850 189 2884 Die
209 2854 274 2884 tuo.
296 2852 338 2884 cf.
361 2853 401 2884 ad
426 2853 508 2885 VII.
529 2854 560 2891 8,
584 2854 613 2884 2.
970 2884 972 2888 ,
1038 2853 1213 2885 Nihildum.
1250 2853 1383 2889 Similia
1404 2860 1483 2887 sunt
1511 2854 1678 2897 nequedum
1711 2855 1739 2885 1.
1766 2856 1793 2891 5,
1823 2856 1852 2884 3.

129 2904 182 2937 Ad
201 2916 268 2938 eam
290 2906 401 2947 ipsam.
423 2907 586 2939 Maiorem
611 2914 738 2948 partem
770 2908 860 2940 illius
885 2911 948 2951 epi·
996 2907 1166 2940 etiamdum
1188 2907 1293 2940 XIII.
1304 2909 1354 2947 31,
1369 2909 1396 2940 l.
1419 2909 1543 2940 vixdum
1559 2919 1609 2950 ep.
1625 2918 1692 2949 seq.
1707 2909 1736 2939 3.
1760 2907 1852 2938 Fam.

88 2958 192 2990 stolae
212 2959 374 2992 habemus
395 2959 482 2991 infra
512 2960 562 2998 10,
589 2960 618 2998 8,
641 2961 728 2992 unde
750 2961 850 2992 simul
882 2958 948 2996 ὑπὸ
970 2990 972 2994 ,
995 2959 1078 2992 XII.
1101 2962 1131 2998 4,
1154 2960 1183 2998 2,
1207 2970 1292 3001 quae
1314 2962 1428 2993 omnia
1450 2962 1603 2993 videntur
1633 2970 1702 2992 esse
1735 2969 1853 2991 sermo-

89 3009 153 3048 τὴν
176 3009 278 3058 λῆψιν
290 3023 367 3046 cum
379 3013 546 3046 Lambino
561 3014 676 3056 scripsi
689 3025 749 3057 pro
766 3011 948 3061 διάληψιν,
969 3001 974 3086 i
997 3013 1050 3044 nis
1073 3012 1256 3045 familiaris.

90 3068 180 3108 quod
199 3068 242 3101 de
262 3067 364 3101 febris
385 3070 532 3102 advent-u
553 3071 620 3102 dici
642 3081 710 3104 non
732 3077 852 3114 potest.
969 3094 975 3119 1

91 3118 385 3206 Vgogncendiuet.
428 3123 593 3156 Absolute
613 3124 758 3165 positum
781 3125 877 3166 attigi
909 3126 950 3157 ad
969 3122 975 3178 f

195 3198 204 3212 ,
227 3177 258 3207 4.

1871 969 1904 995 10

1876 2539 1909 2565 10
