2062 3565
685 163 793 206 LIB.
826 165 879 206 Χ.
915 165 998 207 ΕΡ.
1038 168 1075 208 7.
1113 170 1153 208 a.

1718 168 1790 209 10]

27 299 85 344 ad
126 313 217 342 eum
256 298 522 341 transiturum
570 299 738 355 putem?
782 298 823 341 Si
858 298 900 340 id
934 299 1108 342 trahitur
1141 299 1304 352 bellum,
1339 303 1436 358 quid
1470 308 1695 359 exspectem
1729 311 1799 345 aut

8 386 153 430 gfluam
184 371 285 415 diu?
317 372 577 428 Relinquitur
609 377 669 425 ut,
704 373 738 414 si
772 372 970 414 vincimur
1002 373 1044 414 in
1079 374 1291 430 Hispania,
1327 376 1593 430 quiescamus.
1642 376 1689 417 Id
1724 392 1797 432 ego

5 441 170 493 ‘Zmntra
200 450 324 502 puto,
357 446 482 488 istum
515 446 622 488 enim
655 446 847 488 victorem
879 447 1007 502 magis
1042 447 1349 503 relinquendum
1367 456 1463 505 puto
1487 465 1605 505 quam
1629 451 1794 502 victum,

0 494 75 608 {st
111 517 367 560 dubitantem
411 518 540 574 magis
584 533 704 572 quam
737 517 927 560 fidentem
961 520 1044 561 suis
1076 519 1210 562 rebus.
1262 522 1312 562 N·
1305 536 1368 563 1111
1401 522 1563 564 caedem
1596 522 1725 573 video,
1761 523 1794 564 si

119 652 243 706 nbvas
273 668 314 706 et
344 664 669 719 turpissimorum
701 665 871 706 honores
905 670 945 706 et
976 680 1144 721 regnum
1179 682 1256 708 non
1279 667 1397 709 modo
1422 669 1601 710 Romano
1625 669 1792 720 homini,

131 750 182 778 ne
214 736 359 778 Persae
402 735 564 792 quidem
605 737 792 792 cuiquam
827 737 1050 779 tolerabile.
1086 740 1126 779 3.
1160 739 1289 781 Tanta
1322 755 1405 781 esse
1440 741 1586 796 poterit
1618 741 1794 796 indigni-

0 586 186 827 Εθῐίἠ,
229 595 270 632 et
301 590 496 646 impetum
528 591 572 632 in
605 591 850 646 privatorum
885 593 1078 647 pecunias
1111 598 1152 633 et
1182 593 1365 635 exsulum
1400 594 1573 636 reditum
1607 602 1647 637 (t
1678 596 1794 638 tabu·
1833 608 1848 633 ⁵

0 804 92 865 gina
129 810 295 852 nostra?
334 810 419 866 pati
458 814 649 866 poterunt
691 809 797 852 ocuh'
837 826 900 852 me
944 826 1036 852 cum
1080 812 1256 854 Gabinio
1290 815 1531 856 sententiam
1563 814 1722 856 dicere?
1755 818 1796 855 et

4 1151 5 1154 Ἴ
40 1101 222 1144 -edecore
273 1107 425 1159 potero.

32 1890 488 1899 -——-———---———

32 2159 126 2186 esset.
150 2153 238 2185 Nam
261 2154 295 2185 in
317 2154 379 2185 hac
391 2154 642 2186 enumeratione
654 2154 683 2184 si
692 2154 835 2194 pelletur
850 2172 892 2178 —

28 2205 62 2237 εἰ
88 2206 231 2237 trahitur
259 2205 369 2237 bellum
391 2224 432 2228 ——
454 2205 483 2236 si
503 2205 658 2237 vincimur
689 2216 757 2238 non
786 2210 894 2248 potest

3 2300 16 2306 Ι,
56 2274 68 2286 -..
86 2261 216 2292 undum
259 2261 446 2292 membrum
487 2266 646 2302 tanquam
689 2261 891 2293 contrarium

42 2313 138 2345 rimo
159 2314 292 2355 opponi.
343 2313 382 2344 Id
403 2313 523 2351 addidi,
546 2313 704 2355 quoniam
727 2314 891 2355 praecedit

30 2365 120 2398 trahi
139 2365 176 2397 id
195 2366 318 2404 bellum,
352 2376 414 2398 nec
445 2366 536 2397 aliud
570 2366 652 2398 latet
680 2367 715 2398 in
749 2366 891 2399 Medicei

11 2431 14 2435 ·
42 2420 153 2452 nendo
176 2418 228 2450 ad.

30 2495 34 2501 .
72 2470 113 2503 Et
133 2471 328 2504 dubitantem
349 2472 448 2514 mayis
468 2482 558 2513 quam
576 2472 732 2513 sidentem
758 2472 824 2504 suis
845 2481 892 2503 re·

25 2540 44 2570 s
76 2538 97 2556 ι.
117 2525 304 2557 Levissima
325 2524 527 2556 correctione
549 2524 653 2556 iustae
674 2524 832 2556 Lambini
859 2529 892 2556 et

32 2613 38 2616 Α
88 2578 163 2610 ·esti
184 2579 226 2610 de
246 2579 280 2610 h.
303 2579 324 2609 l.
357 2578 512 2618 querelae
545 2578 708 2609 removeri
740 2583 889 2619 possunt,

23 2641 52 2659 ’π
81 2635 114 2664 et
134 2639 208 2675 post
229 2633 344 2664 victum
365 2643 442 2665 cum
463 2633 625 2674 particula
645 2633 802 2674 negativa
833 2643 890 2665 nec

30 2691 264 2728 permutamus.
289 2687 392 2718 Recte
413 2686 460 2717 sic
483 2685 661 2727 opponitur
683 2685 804 2717 Caesar
825 2685 890 2717 vie-

31 2752 82 2766 >·:
107 2743 140 2771 et
160 2739 315 2771 dubitans
338 2739 470 2770 Caesari
492 2739 612 2770 victori
634 2743 666 2770 et
693 2739 810 2770 fidenti
840 2748 888 2770 re-

35 2791 94 2824 bus
115 2793 194 2824 suis.
217 2793 258 2823 In
281 2791 430 2824 Schutzii
452 2791 530 2823 edit.
556 2792 632 2822 mai.
659 2801 716 2822 neo
727 2800 889 2823 excusum

1 2847 4 2852 ’
52 2864 53 2867 =
101 2845 195 2877 nulla
215 2845 428 2877 correctionis
453 2845 580 2876 ratione
603 2844 721 2876 addita.

38 2918 42 2919 γ
74 2897 94 2938 ξ
114 2899 143 2930 3.
170 2897 272 2929 Tanta
301 2907 368 2928 esse
391 2897 510 2937 poterit
541 2896 718 2938 indiffinitae
751 2895 889 2927 nostra?

26 2948 148 2991 .Vulgo
169 2949 235 2990 leg.
257 2949 368 2980 tacita.
392 2948 532 2980 Correxi
554 2950 657 2980 tanta.
680 2949 789 2980 Voces
811 2948 888 2980 illae

12 3024 14 3027 v
33 3003 221 3044 saepissime
242 3012 262 3033 a
282 3002 426 3033 librariis
439 3001 597 3033 confusae
607 3009 694 3033 sunt.
716 3002 796 3033 Vid.
814 3002 877 3034 intt

10 3054 75 3094 μὶ
95 3055 207 3088 Ovidii
230 3056 365 3087 Metam.
389 3055 431 3086 V.
454 3055 526 3086 498.
561 3054 744 3095 Indiqnitas
765 3062 815 3087 est
835 3055 888 3086 tle-

73 3117 127 3139 m
147 3108 202 3140 vel
223 3107 395 3148 turpitudo.
428 3107 477 3138 At
504 3108 539 3138 in
570 3107 628 3138 illa
656 3108 796 3140 lectione
825 3108 888 3148 pri-

12 3162 20 3199 ἴ
35 3165 127 3194 mum
148 3160 285 3194 offendit
305 3160 406 3192 tacita
421 3170 497 3199 esse,
512 3171 569 3203 pro
581 3171 648 3203 quo
661 3160 776 3194 Cicero
791 3161 889 3203 scrip-

5 882 192 925 uidem
222 882 339 924 iilum
371 883 502 938 rogari
535 883 673 939 prius?
705 888 863 939 praesto
896 898 980 925 esse
1014 883 1200 925 clientem
1232 890 1347 926 tuum
1383 886 1584 938 Clodium,
1619 887 1666 928 C.
1686 887 1794 928 Ateii

29 954 297 1011 Plaguleium,
341 956 522 998 ceteros?
565 955 643 997 Sed
687 970 758 997 6111·
807 956 992 998 inimicos
1035 957 1206 1012 colligo?
1250 959 1319 1013 qui
1352 974 1460 1001 meos
1493 961 1738 1002 necessarios
1772 970 1847 1001 a10

2 1031 10 1060 ἶ
30 1043 93 1072 1116
141 1028 324 1071 defensos
373 1045 447 1071 nec
492 1029 626 1071 videre
676 1030 718 1071 in
752 1030 862 1071 curia
889 1023 981 1072 'sine
1015 1030 1150 1072 dolore
1183 1046 1257 1072 nec
1292 1033 1438 1074 versari
1470 1033 1576 1074 inter
1609 1049 1676 1075 eos
1709 1035 1794 1076 sine

480 1103 605 1155 Quid,
650 1104 683 1144 si
727 1118 777 1145 ne
827 1102 870 1144 id
913 1103 1075 1158 quidem
1110 1108 1170 1145 est
1203 1105 1466 1160 exploratum,
1501 1107 1582 1148 fore
1615 1113 1663 1149 ut
1694 1109 1795 1150 mihi

27 1175 163 1227 liceat,
212 1199 269 1206 —-
313 1175 499 1218 scribunt
538 1177 646 1218 enim
691 1176 740 1218 ad
786 1191 848 1218 me
890 1176 1007 1217 amici
1040 1176 1126 1218 eius
1159 1192 1221 1218 me
1254 1177 1314 1219 illi
1347 1178 1458 1220 nullo
1491 1180 1609 1222 modo
1643 1182 1796 1223 satisfe-

35 1247 149 1299 cisse,
195 1248 303 1304 quod
344 1249 388 1290 in
437 1254 622 1291 senatum
654 1264 735 1291 non
769 1249 945 1290 venerim
981 1273 1038 1279 —-
1071 1254 1257 1291 tamenne
1291 1250 1537 1303 dubitemus,
1572 1268 1621 1295 an
1655 1255 1692 1296 ei
1726 1269 1798 1296 nos

31 1320 155 1362 etiam
187 1335 280 1363 cum
313 1322 490 1377 periculo
523 1322 790 1372 venditemus,
825 1322 988 1377 quicum
1022 1323 1228 1364 coniuncti
1250 1338 1300 1364 ne
1324 1338 1414 1365 cum
1438 1322 1612 1380 prafinio
1635 1327 1799 1381 quidem
1819 1336 1855 1363 1⁵

32 1393 233 1437 voluimus
275 1395 390 1437 esse?
435 1398 476 1437 4.
517 1395 675 1437 Deinde
716 1395 792 1437 hoc
836 1395 940 1445 vide,
973 1410 1057 1437 non
1088 1410 1173 1437 esse
1205 1396 1403 1438 iudicium
1436 1397 1484 1439 de
1517 1402 1603 1440 tota
1636 1404 1798 1441 conten-

32 1468 142 1510 tione
173 1469 218 1510 in
251 1469 476 1524 Hispaniis,
509 1469 589 1511 nisi
621 1468 723 1511 forte
754 1469 805 1510 iis
827 1469 983 1511 amissis
1007 1483 1116 1510 arma
1138 1469 1376 1525 Pompeium
1398 1470 1648 1513 abiecturum
1666 1477 1797 1527 putas,

27 1540 148 1594 [6111115
180 1556 297 1584 0111116
330 1541 544 1584 consilium
575 1541 913 1583 Themistocleum
935 1547 1010 1583 est.
1045 1541 1262 1583 Existimat
1284 1543 1406 1594 enim,
1431 1544 1502 1598 qui
1523 1559 1630 1586 mare
1649 1550 1797 1595 teneat,

23 1627 126 1674 'eum
157 1623 318 1656 necesse
349 1629 434 1656 esse
467 1629 599 1656 rerum
632 1615 768 1671 potiri.
803 1615 947 1670 Itaque
980 1629 1188 1670 nunquam
1220 1614 1262 1656 id
1296 1615 1393 1670 egit,
1417 1621 1464 1658 ut
1487 1617 1708 1672 Hispaniae
1729 1633 1797 1673 per

6 1675 7 1678 Ἴ
33 1701 74 1730 56
115 1692 371 1739 tenerentur3
415 1687 568 1729 navalis
611 1694 825 1744 apparatus
872 1690 909 1730 ei
943 1703 1097 1744 semper
1131 1688 1412 1743 antiquissima
1444 1704 1540 1731 cura
1572 1690 1664 1731 fuit.
1714 1691 1797 1732 Na·
1817 1696 1852 1723 20

7 1759 187 1816 vigabit
227 1761 365 1816 igitur,
411 1775 536 1816 quum
576 1763 652 1804 erit
682 1767 856 1818 tempus,
891 1763 1076 1804 maximis
1110 1760 1303 1803 classibus
1336 1767 1378 1803 et
1409 1762 1459 1804 ad
1493 1763 1653 1804 Italiam
1687 1778 1796 1805 acce-

76 1959 92 1990 1
116 1958 171 1990 Sin
199 1959 340 1991 trahitur
365 1978 404 1984 -
426 1959 443 1994 7
471 1959 588 1993 Tacita⁴
605 1970 672 1993 esse
699 1980 741 1985 —
763 1962 782 1993 9
804 1963 821 2000 †
846 1961 950 1994 Cateiz'
974 1981 1015 1986 —

940 2156 1035 2188 sisset
1057 2159 1180 2191 lacere;
1205 2162 1275 2188 tum
1298 2156 1482 2198 indiqnitas,
1505 2158 1594 2198 quod.
1604 2166 1698 2199 saepe
1714 2160 1799 2199 apud

939 2209 1086 2247 Livium,
1109 2220 1270 2251 nusquam
1293 2211 1380 2251 apud
1413 2210 1566 2242 Tullium
1593 2220 1653 2252 pro
1685 2211 1799 2242 dolore

939 2267 971 2293 et
999 2262 1227 2303 indignatione
1257 2263 1400 2304 ponitur.
1439 2263 1481 2294 cf.
1510 2262 1730 2295 Menckenius
1761 2263 1797 2294 in

938 2313 1016 2346 Obs.
1039 2315 1114 2346 Lat.
1135 2316 1218 2356 ling.
1241 2326 1270 2356 p.
1293 2317 1357 2347 484
1378 2325 1424 2357 sq.
1456 2320 1542 2348 recte
1571 2316 1612 2347 de
1643 2316 1675 2346 h.
1707 2315 1728 2346 l.
1751 2316 1796 2346 di-

937 2371 1083 2408 sputans.

979 2421 1114 2453 Praesto
1136 2431 1205 2453 esse
1226 2422 1371 2454 clientem
1383 2424 1469 2453 tuum
1484 2421 1634 2454 Clodium.
1657 2420 1796 2453 Sextum

938 2474 1093 2506 Clodium
1115 2485 1192 2506 cum
1214 2475 1356 2508 Gabinio
1379 2476 1519 2517 aliisque
1542 2477 1583 2507 ab
1606 2475 1725 2507 exsilio
1748 2484 1794 2506 re-

937 2534 1092 2561 vocatum
1114 2536 1211 2561 vocat
1232 2530 1338 2562 Attici
1360 2531 1526 2568 clientem,
1549 2530 1642 2561 cuius
1663 2529 1795 2561 fratrem

936 2582 1095 2614 Publium
1117 2593 1215 2624 supra
1236 2583 1284 2614 ΙΙ.
1307 2585 1336 2621 9,
1360 2585 1379 2615 3
1412 2583 1506 2614 zetum
1539 2585 1624 2614 tuum
1655 2582 1794 2613 sodalem

935 2636 1087 2677 appellat.
1109 2637 1190 2668 Erat
1212 2637 1247 2668 in
1270 2638 1409 2668 alicuius
1423 2638 1487 2668 fide
1502 2642 1535 2668 et
1555 2636 1718 2673 clientela,
1736 2636 1792 2676 qui

935 2689 1005 2720 eius
1026 2689 1168 2730 hospitio
1191 2694 1224 2721 et
1245 2690 1389 2721 amicitia
1411 2690 1572 2721 utebatur.
1595 2688 1634 2719 cf.
1653 2699 1684 2729 p.
1698 2688 1792 2719 Rosc.

934 2742 1014 2774 Am.
1037 2743 1076 2774 93
1099 2747 1131 2774 et
1154 2743 1223 2774 106.
1246 2761 1288 2766 —-
1314 2743 1347 2774 O.
1371 2742 1458 2773 Ateii
1479 2743 1615 2774 debetur
1637 2741 1738 2773 Bosio
1760 2745 1792 2772 et

936 2795 1032 2826 facile
1054 2795 1163 2836 prodit
1196 2805 1213 2827 e
1243 2796 1404 2836 scriptura
1432 2795 1522 2826 Med.
1557 2793 1681 2825 Catelli.
1712 2794 1791 2825 Eius

935 2848 1039 2880 cliens
1061 2847 1246 2889 Playuceius
1276 2849 1363 2880 inter
1394 2847 1571 2880 Clodianos
1602 2847 1792 2879 nominatur

935 2910 1065 2942 quoque
1087 2901 1122 2932 in
1145 2900 1234 2933 Orat.
1258 2911 1290 2942 p.
1311 2901 1410 2932 domo
1432 2900 1480 2931 89.

978 2955 997 2994 ξ
1017 2955 1049 2985 4.
1071 2953 1112 2984 In
1133 2953 1302 2995 Hispaniis
1335 2954 1540 2994 iungendum
1571 2959 1618 2984 est
1648 2962 1723 2982 cum
1757 2962 1788 2982 v.

936 3016 1014 3038 esse.
1035 3007 1149 3048 Atque
1175 3015 1243 3038 esse
1265 3006 1412 3038 iudicium
1435 3006 1523 3038 valet
1553 3006 1571 3036 i.
1593 3016 1624 3045 q.
1655 3004 1789 3037 decerni,

935 3057 1116 3090 diiudicari.

977 3112 1040 3144 Per
1061 3123 1105 3145 se.
1129 3113 1306 3154 Pompeius
1329 3114 1418 3145 euim
1441 3112 1642 3154 provinciam
1665 3119 1721 3151 pei·
1748 3110 1790 3140 le-

935 3171 1027 3208 gatos
1050 3166 1310 3199 administrabat.
