2062 3565
695 126 954 197 LIB.XV1.
989 155 1073 198 ΕΡ.
1109 158 1151 196 5.
1185 158 1228 197 6.
1754 158 1839 197 355

82 284 191 343 ριῶ,
234 284 403 340 legenda
442 303 522 330 non
567 290 710 344 putet?
743 290 798 331 Et
830 290 902 341 ais,
935 289 1041 348 μετ’
1075 289 1335 349 ἀμύμονα.
1383 292 1446 334 Τ11
1480 306 1570 333 vero
1601 288 1840 349 άμύμωνι

80 357 146 398 ille
179 357 338 412 quidem
374 356 655 420 ἄμβροτος.
707 363 889 404 Mearmn
925 365 1183 420 epistolarum
1216 365 1328 408 nulla
1359 371 1420 407 est
1453 365 1739 426 συναγωγή,
1773 363 1842 406 sed

82 429 203 472 habet
233 431 326 473 'Piso
358 433 484 476 instar
517 437 785 491 septuaginta.
840 439 892 480 Et
933 437 1095 493 quidem
1129 445 1226 481 sunt
1257 455 1280 480 a
1311 444 1350 481 te
1385 440 1579 495 quaedam
1612 439 1842 482 sumendae.

82 504 161 546 Eas
193 519 266 560 ego
300 510 457 561 oportet
488 508 741 564 perspiciam,
776 511 996 566 corrigam;
1029 516 1117 553 tum
1150 511 1324 568 denique
1357 512 1543 555 edentur.

124 677 274 712 Meorum.
302 681 436 714 Rectius
459 683 540 715 haec
574 694 592 715 a
623 684 776 723 Rinckio‚
808 686 943 726 Proleg.

81 733 123 764 ad
143 733 242 765 Aem.
265 733 410 767 Probum
433 747 451 767 a
482 736 605 769 Rothio
628 738 762 776 editum,
791 750 820 780 p.
845 739 884 777 L,
898 749 944 771 re-

83 786 234 819 feruntur
258 790 299 820 ad
321 790 441 832 scripta
464 790 633 824 Ciceronis
655 793 820 832 historica,
843 805 862 826 a
880 795 943 826 Ne-

83 846 159 880 pote
181 841 396 874 vehementer
416 844 610 882 desiderata,
634 856 732 887 quam
756 845 943 888 aScioppio

82 892 198 925 Parad.
220 895 322 927 Liter.
337 905 388 938 ep.
403 899 432 935 5,
447 898 589 939 aliisque
607 899 648 929 ad
669 899 834 940 epistolas.
856 900 944 931 Nam

80 946 108 977 si
130 956 169 978 ea
189 957 273 989 quse
295 956 481 991 sequuntur
501 960 578 982 cum
600 951 743 993 Nepotis
774 953 945 985 mentione

81 1000 315 1042 coniungenda
350 1010 453 1041 erant,
490 1003 607 1035 Cicero
641 1015 707 1036 non
745 1005 944 1047 scripsisset:

82 1052 223 1084 Mearum
247 1053 461 1095 epistolarum,
478 1063 541 1089 cet.
566 1056 633 1089 Sed
648 1058 777 1099 potius:
803 1058 946 1091 Mearum

81 1110 186 1139 autem
209 1109 424 1150 epistolarum.
448 1111 514 1142 Pro
536 1122 678 1150 meorum,
701 1113 730 1144 si
751 1114 813 1145 1100
825 1114 945 1146 voluis-

80 1169 138 1200 set,
160 1174 296 1195 mearum
318 1165 384 1196 dici
406 1167 587 1207 oportuisse
617 1178 684 1199 non
714 1169 812 1200 credo
845 1169 940 1208 (Vid.

80 1218 198 1250 Rinck.
223 1220 245 1251 1.
271 1220 293 1252 1.
317 1226 349 1252 et
369 1221 494 1253 Moseri
517 1222 632 1263 Symb.
657 1222 737 1255 Crit.
762 1224 886 1265 V11.p.
903 1224 942 1257 17

80 1275 182 1314 seq.);
215 1284 292 1305 nam
315 1275 473 1316 epistolae
495 1286 627 1318 quoque
650 1279 819 1310 communi
841 1279 938 1320 scrip-

79 1327 180 1357 torum
204 1327 340 1360 nomine
362 1328 488 1360 includi
510 1334 671 1371 poterant.

122 1377 180 1417 Ea,
201 1379 310 1421 quibus
338 1380 471 1412 maa-ime
504 1384 650 1427 γαυριῶ.
683 1383 794 1415 Etiam
826 1384 859 1415 in
890 1384 942 1415 his

81 1435 287 1476 explicandis
310 1436 509 1469 dissentiunt
531 1438 593 1469 viri
622 1439 721 1470 docti.
755 1439 942 1480 Heusinge-

83 1497 140 1519 rus
165 1494 297 1530 propter
318 1489 430 1521 locum
451 1490 592 1532 Nepotis
614 1492 701 1533 apud
729 1491 942 1523 Lactantium

80 1541 148 1573 div.
181 1543 258 1574 inst.
291 1543 357 1574 111.
389 1544 437 1582 15,
469 1544 518 1582 10,
548 1545 582 1576 in
615 1555 680 1586 quo
715 1546 942 1587 philosophiae

80 1602 306 1638 contemptum
329 1598 466 1639 reperiri
495 1599 640 1640 putabat,
674 1599 755 1631 haee
778 1601 878 1632 verba
900 1602 941 1632 ad

80 1653 199 1695 scripta
221 1654 326 1685 Tullii
355 1655 396 1686 de
429 1655 637 1697 philosophia
665 1655 837 1688 referebat.
875 1656 941 1689 Sed

79 1713 116 1738 ut
136 1712 223 1740 recte
258 1708 341 1740 vidit
369 1709 531 1741 Rinckius
563 1720 592 1751 p.
615 1710 665 1741 LI
698 1720 737 1742 eo
766 1711 840 1742 1000
873 1722 940 1744 11011

985 693 1038 719 tur
1083 687 1235 720 Ciceroni
1278 690 1460 731 scripserat,
1505 689 1668 731 Nepotem
1704 689 1844 721 alterum

985 752 1003 772 a
1021 742 1179 774 Cicerone
1207 753 1286 782 esse,
1320 750 1356 775 ut
1381 744 1521 776 Aiacem
1548 744 1590 775 ab
1614 744 1766 781 Achille;
1791 743 1844 775 cui

985 797 1161 837 respondet
1183 796 1308 836 Cicero,
1339 798 1493 830 Atticum
1516 808 1593 829 cum
1622 798 1768 835 Achille,
1781 798 1844 829 Ne-

985 855 1095 891 potem
1131 861 1209 882 vero
1244 862 1320 883 cum
1356 852 1493 884 numine
1537 852 1718 893 comparari
1750 862 1845 893 opor·

984 909 1062 942 tere,
1096 905 1158 936 sibi
1190 905 1299 937 locum
1332 906 1445 937 Aiacis
1489 906 1588 938 tacite
1619 906 1845 947 relinquens.''

985 957 1105 989 Riuck.
1129 968 1160 999 p.
1184 958 1224 989 L.
1255 959 1413 990 Adiicere
1443 959 1603 1000 potuisset
1635 968 1711 990 vere
1741 966 1774 990 et
1803 968 1846 990 ex

987 1011 1092 1042 animi
1114 1011 1278 1042 sententia
1300 1011 1347 1043 sic
1369 1011 1510 1044 scribere
1540 1012 1684 1053 potuisse
1719 1011 1845 1044 Cicero·

987 1073 1075 1101 nem,
1100 1064 1128 1094 si
1150 1063 1204 1095 hic
1228 1064 1281 1105 agi
1304 1065 1345 1096 de
1367 1064 1496 1105 scriptis
1518 1064 1682 1096 historicis
1711 1070 1846 1102 statuas,

988 1117 1022 1148 iu
1046 1126 1113 1158 quo
1136 1126 1257 1158 genere
1280 1117 1392 1158 Nepos
1414 1117 1590 1158 insignem,
1623 1117 1756 1149 Atticus
1778 1128 1845 1149 non

988 1170 1146 1211 exiguam
1170 1170 1302 1201 laudem
1325 1175 1499 1208 meruerat,
1531 1180 1633 1212 quum
1663 1170 1697 1202 in
1731 1180 1770 1202 eo
1793 1171 1846 1202 Ci-

987 1232 1062 1254 cero
1084 1223 1234 1254 nondum
1257 1222 1499 1261 elaboravisset,
1523 1224 1590 1261 sed,
1613 1223 1642 1254 si
1662 1223 1773 1261 vellet,
1785 1223 1846 1255 ali·

986 1275 1065 1317 quid
1087 1276 1227 1316 dignum
1250 1276 1377 1307 efficere
1393 1285 1488 1317 posse
1504 1276 1678 1308 videretur.
1702 1276 1752 1308 Cf.
1776 1276 1846 1308 Cic.

989 1329 1070 1369 Leg.
1093 1329 1121 1367 I,
1146 1329 1176 1360 2.
1198 1329 1276 1360 Non
1299 1329 1482 1361 audiendus
1505 1329 1606 1370 igitur
1618 1329 1772 1367 Peckius,
1791 1330 1846 1371 qui

988 1382 1009 1413 l.
1034 1382 1056 1413 1.
1080 1388 1231 1413 metuens
1254 1391 1296 1413 ne
1319 1381 1434 1413 Cicero
1455 1381 1579 1423 Nepoti
1601 1382 1740 1414 nimiam
1779 1383 1847 1413 lau-

987 1436 1063 1466 dem
1087 1435 1256 1473 tribueret,
1289 1435 1369 1466 haec
1395 1435 1440 1466 ita
1469 1435 1664 1476 corrigenda
1694 1435 1845 1476 putabat:

990 1489 1034 1521 Tu
1057 1500 1130 1521 vero
1153 1488 1295 1535 ἀμύμων
1324 1489 1390 1527 ille,
1422 1489 1495 1531 quin
1524 1489 1629 1520 dicam
1658 1485 1844 1537 ἄμβροτος.

1029 1546 1134 1578 Habet
1159 1546 1233 1578 Tiro
1255 1547 1359 1578 instar
1391 1547 1605 1588 septuaqinla.
1639 1547 1848 1579 Vocabulum

985 1599 1101 1638 instar,
1124 1601 1213 1642 quod
1236 1600 1304 1632 fere
1339 1600 1592 1631 similitudinem
1623 1600 1676 1631 vel
1705 1601 1847 1641 speeiem

986 1654 1118 1692 indicat,
1141 1655 1227 1696 apud
1249 1655 1401 1696 probatos
1424 1654 1598 1695 scriptores
1629 1664 1704 1685 cum
1736 1664 1848 1685 nume-

985 1708 1109 1738 ralibus
1130 1707 1176 1738 ita
1197 1707 1424 1748 coniungitur,
1459 1713 1494 1738 ut
1521 1707 1647 1738 circiter
1669 1707 1766 1738 illum
1788 1718 1846 1739 nu-

79 1760 223 1801 carpitur
251 1770 328 1792 vera
350 1761 569 1803 philosophia,
593 1764 650 1794 sed
673 1763 698 1794 ii
719 1769 860 1801 tantum,
883 1764 940 1805 qui
960 1762 963 1795 l
986 1770 1114 1792 merum
1137 1759 1281 1792 adfuisse
1316 1760 1450 1791 indicet.
1482 1759 1635 1791 Vorstius
1665 1761 1706 1792 de
1736 1760 1848 1791 Latin.

78 1813 290 1856 philosophos
312 1825 347 1847 se
369 1825 439 1848 esse
470 1816 641 1854 simulent,
677 1827 779 1858 quum
809 1818 842 1849 in
873 1801 963 1886 ‘'m-i

81 1867 174 1898 nium
196 1867 374 1899 libidinum
396 1869 575 1910 cupiditate
597 1870 722 1902 vivant.
756 1870 848 1909 Quin
873 1871 936 1902 Ne·
961 1891 963 1902 ι

986 1815 1106 1846 selecta
1127 1825 1158 1855 p.
1181 1814 1222 1845 24
1244 1824 1332 1855 seqq.
1358 1815 1398 1845 de
1420 1814 1483 1845 hoc
1506 1814 1669 1846 vocabulo
1691 1815 1768 1855 egit,
1802 1815 1845 1846 ci-

984 1869 1133 1910 tavitque
1168 1869 1266 1899 Varr.
1290 1869 1330 1900 de
1347 1868 1387 1900 R.
1410 1868 1449 1900 R.
1472 1869 1500 1899 I.
1523 1869 1540 1899 1
1575 1869 1616 1900 de
1650 1868 1782 1900 Graecis
1810 1869 1847 1898 li-

78 1929 136 1960 pos
159 1920 193 1951 in
216 1921 329 1962 aliquo
350 1921 537 1963 fragmento
560 1921 755 1954 Ciceronem
774 1923 888 1955 laudat
900 1933 940 1955 eo
961 1938 963 1969 1
985 1921 1048 1953 bris
1071 1940 1111 1946 -—
1133 1921 1253 1952 adiecit
1276 1932 1336 1952 non
1354 1930 1462 1962 pauca
1486 1923 1517 1952 et
1529 1921 1569 1952 de
1580 1921 1728 1963 Mayonis
1748 1921 1847 1962 demp-

80 1973 225 2010 nomine,
255 1973 340 2014 quod
353 1974 584 2015 philosophiam
607 1977 683 2006 ante
705 1986 771 2006 eum
804 1975 938 2016 incomp-
961 1974 963 2022 1
985 1975 1027 2005 sit
1050 1975 1155 2005 instar
1175 1973 1321 2005 librorum
1331 1975 1410 2005 octo.
1433 1973 1583 2005 Hirtium
1599 1974 1677 2006 bell.
1693 1975 1794 2006 Alex.
1807 1975 1846 2006 19

79 2028 143 2058 lam
165 2027 310 2060 Latinam
332 2039 390 2060 sua
413 2030 620 2071 conformavit
641 2031 794 2063 oratione.
824 2031 939 2071 Quum
960 2040 963 2071 1
992 2027 1113 2060 Caesar
1135 2027 1305 2059 cohortium
1328 2027 1421 2057 trium
1445 2027 1550 2058 instar
1583 2027 1616 2058 in
1646 2029 1763 2058 terram
1795 2038 1847 2059 ea·-

80 2086 191 2112 autem
213 2081 294 2113 alibi
315 2081 426 2124 Nepos
449 2083 616 2124 scripsisse
638 2084 786 2116 tradatur
805 2085 940 2126 locuple·
962 2096 963 2114 1
979 2084 1142 2123 posuerat.
1165 2081 1254 2113 Vell.
1278 2080 1349 2112 Pat.
1372 2081 1420 2112 II.
1442 2080 1492 2118 20,
1522 2083 1543 2111 4
1579 2079 1682 2112 Cinna
1713 2081 1846 2122 triqinta

79 2137 138 2166 tem
161 2137 308 2167 naturam
331 2146 393 2168 non
405 2137 461 2168 uni
472 2137 576 2168 omnia
589 2137 667 2168 dare
680 2138 826 2177 voluisse,
845 2144 939 2171 acute

81 2191 242 2224 Rinckius
264 2193 449 2234 suspicatur
460 2194 680 2235 intelligenda
695 2204 765 2226 esse
777 2196 938 2236 poemata.
960 2228 962 2233 Α

78 2244 163 2276 Cum
185 2246 326 2278 Rinckio
350 2245 429 2277 facit
451 2246 566 2278 Herm.
600 2247 691 2279 Peck
719 2248 754 2278 in
785 2248 868 2289 disq.
898 2249 939 2281 de

80 2299 236 2341 scriptore
259 2301 402 2331 vitarum
427 2310 500 2332 exc.
523 2301 649 2342 imper„
683 2302 807 2334 inserta
828 2303 937 2334 Tabu-
960 2318 961 2321 ¹

79 2352 161 2383 lario
187 2351 311 2384 Philol.
332 2357 364 2384 et
385 2351 528 2394 Paedag.
552 2353 596 2384 X.
619 2354 649 2392 1,
671 2364 701 2395 p.
725 2355 776 2393 86,
798 2355 856 2386 ubi
886 2366 937 2387 co·
959 2377 961 2382 ¹

81 2406 172 2446 piose
192 2406 229 2437 h.
250 2406 273 2438 l.
295 2406 485 2448 explicavit.

123 2454 162 2486 Ει
185 2456 234 2486 ais
257 2454 431 2502 ἀμύμονα.
462 2456 610 2498 Respicit
633 2472 647 2484 n
657 2457 855 2496 Homerum,
879 2458 937 2499 qui
959 2492 961 2495 ,

78 2507 218 2540 Aiacem
254 2509 471 2541 fortissimum
517 2511 671 2542 describit
713 2513 780 2544 τῶν
822 2505 935 2542 ἄλλων
959 2535 961 2542 .

78 2562 220 2594 Δαναῶν
240 2556 311 2608 μετ’
329 2561 489 2609 ἀμύμονα
503 2560 694 2598 Πηλειῶνα.
719 2565 853 2596 Atticus
875 2564 934 2605 igi-

700 2686 773 2728 VI.

985 2136 1138 2176 leqionum
1156 2135 1261 2166 instar
1276 2134 1471 2175 impleverat.
1495 2133 1616 2165 Colum
1639 2134 1687 2165 ΙΙ.
1706 2136 1723 2165 5
1741 2135 1846 2165 acervi

984 2188 1132 2220 stercoris
1152 2188 1256 2218 imtar
1277 2186 1410 2229 quinque
1431 2186 1599 2218 modiorum
1629 2186 1846 2227 disponentur.

984 2243 1085 2275 Addo
1107 2241 1233 2274 Catulli
1255 2241 1359 2282 epigr.
1383 2240 1490 2273 CXV.
1514 2251 1545 2272 v.
1569 2241 1585 2271 1
1619 2239 1767 2272 Mentula
1791 2241 1846 2271 ha-

984 2295 1033 2326 bet
1055 2294 1159 2326 instar
1189 2293 1323 2336 triqinta
1356 2293 1466 2333 iuqera
1489 2293 1592 2334 prati.
1633 2293 1710 2324 Non
1743 2293 1846 2334 igitur

984 2354 1042 2386 est,
1064 2358 1122 2380 0111-
1143 2349 1232 2379 hunc
1255 2357 1352 2378 usum
1375 2345 1528 2378 Ciceroni
1549 2347 1762 2387 denegemus,
1784 2347 1843 2378 etsi

974 2402 1046 2433 ’11οο
1069 2412 1136 2433 11110
1158 2401 1232 2432 1000
1257 2410 1347 2431 1111110
1364 2400 1544 2437 invenitur,
1562 2408 1669 2440 neque
1683 2400 1842 2440 scriptura

982 2456 1054 2486 cod.
1076 2455 1166 2486 Med.
1189 2454 1223 2484 in
1245 2453 1348 2485 instar
1370 2452 1453 2484 mihi
1472 2453 1654 2493 persuadet,
1666 2459 1703 2484 ut
1717 2453 1841 2493 aliquid

982 2509 1126 2550 corrupti
1147 2508 1201 2540 hic
1224 2508 1325 2540 latere
1349 2506 1475 2540 Orellio
1497 2507 1684 2538 concedam.

1025 2561 1097 2593 Pam
1120 2561 1260 2603 denique.
1284 2560 1332 2592 Cf.
1356 2560 1397 2591 ad
1420 2560 1447 2591 Ι.
1470 2559 1499 2597 6,
1524 2560 1553 2590 2.

838 2686 904 2738 (A.
946 2683 992 2723 U.
1029 2681 1071 2721 C.
1110 2679 1228 2733 710.)

147 2814 185 2854 1.
235 2814 322 2869 Ego
365 2814 496 2855 adhuc
543 2838 600 2843 —
647 2812 810 2869 perveni
857 2810 964 2852 enim
999 2807 1198 2849 Vibonem
1232 2805 1282 2848 ad
1315 2805 1446 2848 Sicam
1482 2830 1537 2836 —
1572 2806 1699 2861 magis
1731 2821 1836 2848 com-

79 2885 195 2928 mode
237 2901 357 2942 quam
406 2892 567 2928 strenue
615 2884 801 2940 navigavi
814 2902 826 2935 3
878 2882 996 2924 remis
1049 2880 1155 2922 enim
1202 2893 1386 2933 magnam
1436 2885 1602 2933 partem,
1637 2879 1833 2934 prodromi

88 3032 90 3035 ·
119 3019 140 3050 2
161 3019 280 3052 Siccam
303 3021 396 3062 (item
419 3021 453 3053 in
475 3021 579 3063 seqq.)
602 3039 642 3045 —

121 3136 142 3174 ς
163 3135 193 3166 1.
216 3135 270 3167 Ad
289 3135 402 3168 Sicam.
427 3136 476 3168 De
499 3144 539 3167 eo
561 3135 629 3168 vid.
651 3136 692 3168 ad
707 3136 772 3168 111.
789 3136 819 3168 2.
843 3135 936 3168 Eius·
960 3134 963 3177 Ι
983 3136 1099 3178 Itaque
1121 3135 1175 3168 hic
1198 3135 1320 3168 Siccam
1344 3132 1376 3164 in
1403 3131 1504 3162 Sr'cnm
1529 3129 1663 3160 mutavi.

80 3187 156 3219 dem
177 3187 323 3219 hominis
345 3197 467 3220 nomen
492 3198 558 3219 non
582 3189 679 3220 debet
709 3190 798 3221 varie
829 3189 939 3220 scribi.
957 3181 962 3229 1

1023 3189 1188 3222 Prodromi
1210 3187 1417 3229 appellantur
1439 3184 1634 3224 Aquiloues‚
1656 3182 1712 3222 qui
1736 3181 1832 3212 ‹jani-

1564 3235 1651 3278 23*
