2062 3565
102 929 135 955 10

99 1298 131 1323 15

161 128 246 167 298
559 128 642 169 ΕΡ.
676 128 752 168 AD
784 128 831 168 Τ.
864 126 1215 168 POMPONIUM
1248 126 1513 168 ATTICUM.

158 268 254 303 tuus
302 261 532 303 tabellarius
574 262 618 302 in
666 261 893 303 Cumanum
938 261 1120 302 attulisse
1164 260 1374 302 dicebatur
1407 261 1539 304 Nonis
1572 261 1672 304 Mai.
1705 262 1832 305 datas.
1883 265 1919 304 A

158 335 327 376 Lucullo
359 334 551 390 postridie
584 334 723 376 eadem
764 334 843 376 fere
877 335 974 376 hora
1008 335 1099 376 veni
1132 335 1175 376 in
1209 335 1493 377 Puteolanum.
1550 335 1616 378 Ibi
1650 336 1788 393 accepi
1819 335 1919 378 duas

160 408 360 463 epistolas,
406 409 570 450 alteram
612 409 758 459 Nonis,
805 409 970 450 alteram
1012 422 1094 451 VII.
1127 409 1228 451 Idus
1260 410 1444 452 Lanuvio
1477 409 1604 452 datas.
1654 410 1764 452 Audi
1796 409 1920 464 igitur

161 481 211 522 ad
255 496 404 522 omnes.
458 484 499 522 2.
543 481 739 533 Primum,
781 497 881 537 quae
931 482 980 524 de
1030 498 1071 524 re
1121 498 1209 524 mea
1251 488 1364 538 gesta
1404 488 1445 525 et
1490 483 1534 525 in
1575 483 1772 525 solutione
1805 487 1846 524 et
1877 483 1919 524 in

160 553 334 595 Albiano
382 554 558 608 negotio,
603 559 730 609 grata.
776 555 836 596 De
880 560 951 596 tuo
1001 560 1136 597 autem
1179 556 1394 607 Buthroto,
1441 571 1567 611 quum
1599 556 1643 597 in
1674 556 1920 612 Pompeiano

160 643 299 677 essem,
334 628 539 669 Misenum
572 629 683 670 venit
715 630 943 681 Antonius;
978 629 1073 671 inde
1107 635 1199 672 ante
1235 630 1433 682 discessit,
1469 647 1590 686 quam
1623 631 1738 673 illum
1765 630 1920 672 venisse

159 700 372 750 audissem,
423 701 448 743 †
476 717 499 742 a
547 717 626 757 quo
675 702 718 743 in
768 703 990 744 Samnium.
1048 703 1153 745 Vide
1197 704 1294 759 quid
1339 720 1485 760 speres.
1530 705 1680 746 Romae
1712 704 1838 758 igitur
1871 703 1920 745 de

158 773 371 815 Buthroto.
426 774 474 815 L.
521 776 691 816 Antonii
740 776 943 818 horribilis
988 778 1136 827 contio,
1182 777 1413 819 Dolabellae
1463 778 1678 834 praeclara.
1728 777 1816 819 Iam
1860 776 1921 819 vel

159 846 236 888 sibi
281 846 427 888 habeat
473 863 630 899 numos,
676 849 793 890 modo
839 855 1023 891 numeret
1065 850 1223 892 Idibus.
1272 851 1473 893 Tertullae
1513 852 1661 893 nollem
1708 850 1919 903 abortum3

158 925 238 961 tam
282 920 388 961 enim
434 920 563 962 Cassii
607 928 702 963 sunt
734 923 812 963 iam
857 939 976 978 quam
1009 923 1127 965 Bruti
1161 924 1333 965 serendi.
1384 925 1446 966 De
1478 925 1616 980 regina
1648 925 1768 966 velim
1802 929 1921 978 atque

159 994 277 1034 etiam
327 993 375 1035 de
420 994 587 1036 Caesare
636 995 719 1036 illo.
771 996 949 1038 Persolvi
991 997 1141 1052 primae
1191 997 1396 1052 epistolae,
1441 998 1558 1039 venio
1603 997 1654 1039 ad
1688 997 1920 1039 secundam.

161 1068 201 1106 3.
248 1067 308 1107 ¹De
353 1067 532 1118 Quintis,
585 1068 662 1123 (de)
698 1069 912 1120 Buthroto,
949 1085 1072 1124 quum
1109 1086 1265 1121 venero,
1301 1075 1346 1111 ut
1379 1069 1534 1112 scribis.
1584 1071 1706 1117 Quod
1738 1070 1923 1112 Ciceroni

158 1139 405 1195 suppeditas,
450 1146 623 1196 gratum.
679 1143 796 1193 Quod
847 1158 976 1184 errare
1019 1158 1081 1185 me
1131 1149 1263 1199 putas,
1309 1144 1379 1199 qui
1422 1159 1505 1185 rem
1549 1143 1752 1200 publicam
1785 1148 1921 1200 putem

157 1212 329 1268 pendere
378 1230 398 1255 e
440 1215 580 1266 Bruto,
623 1216 679 1257 sic
720 1232 759 1257 se
799 1232 861 1258 res
910 1216 1051 1258 habet:
1104 1222 1174 1259 aut
1216 1217 1328 1259 nulla
1371 1217 1447 1258 erit
1491 1222 1562 1259 aut
1592 1217 1642 1259 ab
1674 1218 1752 1259 isto
1784 1218 1921 1260 istisve

157 1285 392 1328 servabitur.
441 1288 559 1339 Quod
605 1305 667 1331 me
711 1290 882 1332 hortaris
930 1296 977 1332 ut
1020 1291 1209 1347 scriptam
1254 1291 1482 1332 contionem
1516 1292 1688 1342 mittam,
1725 1292 1862 1348 accipe
1896 1308 1919 1334 a

155 1376 232 1410 me,
282 1361 336 1401 mi
377 1363 527 1413 Attice,
573 1360 860 1408 καθολικὸν
907 1362 1143 1423 θεώρημα
1195 1380 1331 1406 earum
1371 1380 1518 1416 rerum,
1567 1365 1611 1406 in
1645 1365 1791 1423 quibus
1824 1365 1922 1407 satis

156 1434 362 1475 exercitati
396 1450 548 1478 sumus.
584 1438 714 1479 Nemo
749 1454 927 1494 unquam
961 1454 1090 1494 neque
1125 1443 1242 1494 poeta
1275 1453 1405 1493 neque
1430 1442 1562 1479 orator
1585 1437 1675 1489 fuit,
1700 1439 1770 1494 qui
1786 1454 1922 1494 quem-

157 1523 275 1562 quam
317 1509 519 1552 meliorem
563 1527 682 1566 quam
717 1528 757 1554 se
792 1512 1066 1554 arbitraretur.
1119 1513 1208 1553 Hoc
1243 1513 1362 1554 etiam
1398 1512 1513 1553 malis
1547 1512 1762 1567 contingit.
1811 1511 1922 1564 Quid

156 1586 202 1622 tu
251 1582 377 1624 Bruto
418 1589 533 1638 putas
582 1590 623 1626 et
664 1586 874 1640 ingenioso
924 1592 963 1627 et
996 1586 1183 1627 erudito?
1235 1585 1296 1627 De
1331 1600 1409 1640 quo
1443 1584 1563 1626 etiam
1598 1585 1750 1640 experti
1785 1599 1922 1627 sumus

200 1748 218 1781 7
241 1747 417 1784 auclissem;
442 1760 461 1779 a
483 1759 542 1790 quo
563 1768 605 1773 --

198 1909 216 1949 ξ
240 1910 270 1940 2.
299 1908 388 1945 Quae
411 1910 450 1940 de
471 1919 506 1940 re
528 1920 593 1940 mea
614 1911 716 1950 qesta.
740 1909 897 1950 Suspicor
920 1909 953 1940 in
967 1918 1015 1939 ar·
1065 1908 1223 1939 nicidium
1246 1916 1278 1940 et
1300 1914 1414 1950 pergat
1427 1918 1540 1949 gerere
1556 1909 1680 1940 bonum
1691 1907 1833 1940 civem?
1848 1907 1922 1939 Hoc

154 1963 295 2004 chetypo
316 1963 416 1995 fuisse
434 1964 519 2005 yesti
540 1974 573 1995 o:
597 1965 737 2005 gessisti.
1064 1971 1142 1993 sane
1164 1962 1270 1993 multo
1291 1963 1439 2003 argutius
1462 1962 1531 1993 illo.
1555 1962 1706 1993 Fortasse
1730 1960 1922 1993 0100103111-

198 2019 215 2056 †
235 2019 264 2048 A
291 2028 349 2058 quo
377 2018 409 2048 in
438 2017 606 2050 Samnium..
642 2019 804 2049 uNullatn
826 2019 924 2050 habet
945 2028 1015 2050 sel]-
1065 2015 1223 2055 biguitate
1246 2016 1326 2047 dicti
1348 2017 1461 2047 ludere
1483 2016 1598 2047 voluit.
1622 2015 1709 2046 Nam
1728 2013 1921 2046 totun1lllde

155 2071 293 2103 tentiam
325 2082 344 2101 a
373 2082 439 2112 qm),
471 2072 535 2102 nisi
558 2072 679 2103 excidit
701 2082 823 2104 nomen
847 2073 917 2103 eius
940 2072 1015 2110 loci,
1063 2070 1192 2110 pendet,
1214 2070 1417 2102 habeaturne
1440 2069 1549 2101 [dibus
1571 2069 1734 2101 ablativus
1764 2067 1920 2108 temporis

155 2134 221 2164 quo
252 2134 271 2154 a
302 2124 433 2155 Miseno
462 2125 630 2156 Antonius
661 2125 852 2156 discesserat
874 2124 1037 2166 indeque*
1063 2132 1105 2153 311
1122 2123 1341 2154 instrumenti.

155 2177 190 2208 in
214 2176 390 2208 Samnium
413 2178 573 2218 proficisci
592 2180 767 2219 cogitabat.
792 2179 1015 2210 Verisimilius
1037 2192 1038 2198 1
1108 2175 1269 2207 Tertullae
1291 2177 1403 2208 nollem
1425 2176 1574 2207 abortum.
1596 2175 1780 2207 Tertullam
1794 2170 1921 2207 ὑποκο-

156 2238 266 2262 tamen
294 2231 377 2262 mihi
411 2232 540 2263 videtur
562 2233 773 2264 scribendum
796 2242 884 2264 esse:
909 2232 1017 2262 audis·
1037 2238 1039 2278 l
1062 2235 1221 2277 ριστικῶς
1243 2234 1395 2274 appellat,
1419 2243 1503 2275 quae
1525 2238 1594 2265 erat
1615 2233 1739 2271 Tertia,
1761 2238 1826 2265 ute
1843 2233 1921 2264 Tul-

156 2296 229 2325 sem,
250 2286 284 2316 in
306 2285 474 2317 Samnium.
514 2288 541 2317 Α
571 2297 629 2328 quo
653 2287 815 2327 (homine)
847 2286 919 2317 vide
940 2285 1017 2327 quid
1037 2281 1040 2327 1
1064 2289 1109 2320 lia
1131 2290 1167 2320 fit
1188 2289 1344 2320 Tulliola.
1374 2289 1455 2320 Erat
1476 2289 1523 2320 M.
1546 2289 1643 2321 Bruti
1666 2299 1758 2321 soror
1780 2289 1919 2326 uterina,

155 2349 259 2380 speres
283 2342 326 2378 (te
348 2340 388 2372 dc
411 2341 450 2371 B.
475 2346 530 2371 tuo
554 2341 688 2381 negotio
718 2341 874 2381 consequi
896 2341 1018 2380 posse).
1037 2330 1040 2384 l
1065 2342 1103 2374 C.
1126 2341 1231 2373 Cassii
1252 2352 1349 2379 uxor,
1371 2352 1455 2383 quae
1468 2342 1530 2374 sub
1545 2342 1681 2374 Tiberio
1696 2342 1829 2382 grandis
1842 2348 1921 2374 natu

157 2392 206 2424 (fif.
237 2402 286 2434 ep.
318 2392 368 2430 17,
400 2393 429 2423 2.
461 2393 508 2430 12,
546 2394 573 2424 1.
596 2393 675 2424 xv.
700 2394 728 2430 1,
753 2394 782 2424 2.
817 2394 857 2424 In
882 2393 1017 2434 vulgata
1038 2387 1040 2438 ζ
1064 2396 1158 2427 obiit.
1181 2396 1259 2427 vid.
1283 2397 1360 2427 Tac.
1383 2397 1477 2428 Anu.
1498 2397 1564 2428 111.
1587 2396 1637 2429 76.

157 2446 299 2477 lectione
330 2456 349 2476 a
371 2446 465 2476 nullo
489 2446 653 2487 explicata
674 2458 694 2477 a
716 2457 774 2488 quo
798 2447 884 2478 male
907 2457 1017 2488 super-
1038 2442 1039 2470 ἕ
1105 2448 1154 2479 De
1175 2449 1287 2490 reyina
1309 2449 1350 2480 cf.
1386 2450 1427 2481 ad
1449 2459 1499 2490 ep.
1521 2450 1550 2487 8,
1575 2450 1604 2480 1.
1638 2450 1756 2481 Caesar
1787 2449 1844 2480 ille
1873 2455 1923 2480 est

156 2510 337 2531 vacaneum
360 2501 442 2532 est.”
467 2499 681 2541 Wesenberg,
707 2501 847 2532 Emend.
870 2512 900 2542 p.
923 2503 975 2533 48.
1038 2476 1041 2536 l
1064 2502 1231 2533 dictatoris
1254 2512 1271 2534 e
1294 2501 1470 2543 Cleopatra
1490 2503 1590 2540 filius,
1613 2503 1653 2533 de
1674 2512 1741 2543 quo
1762 2502 1830 2534 vid.
1842 2501 1920 2534 Sue-

199 2552 369 2584 Romae—
384 2553 423 2583 de
434 2552 591 2584 Buthroto
607 2563 640 2584 o:
654 2554 812 2594 quoniam
824 2554 864 2585 de
876 2555 1018 2585 Buthro·
1038 2562 1041 2608 .
1064 2556 1173 2587 tonius
1196 2557 1230 2587 in
1254 2557 1352 2594 Iulio,
1376 2557 1426 2587 52.
1451 2556 1540 2595 Quid
1561 2557 1644 2587 velit
1665 2557 1706 2588 (10
1729 2556 1769 2587 iis
1792 2557 1920 2597 ignora·

158 2606 212 2637 tiis
241 2616 317 2636 cum
345 2606 495 2636 Antonio
525 2616 622 2646 agere
650 2617 716 2638 non
749 2607 850 2647 potui,
886 2608 945 2638 illa
966 2617 1018 2639 res
1039 2611 1041 2628 ἵ
1066 2615 1126 2640 tm·.
1162 2610 1303 2641 Videtur
1325 2615 1434 2641 tamen
1457 2615 1603 2651 spectare
1625 2610 1667 2640 ad
1695 2610 1841 2651 aliquem
1870 2620 1922 2640 ru-

157 2660 282 2691 Romae
304 2664 429 2700 agetur.
1039 2674 1041 2694 t
1065 2673 1201 2694 morem.
1227 2662 1276 2694 Cs.
1299 2663 1379 2694 XV.
1403 2664 1419 2693 1
1441 2673 1469 2701 a,
1486 2668 1571 2694 extr.
1584 2669 1617 2694 et
1630 2665 1660 2700 4,
1679 2664 1714 2693 4:
1745 2662 1790 2694 De
1800 2662 1922 2704 reyina,

200 2716 234 2747 L.
265 2715 397 2746 Antonii
427 2715 590 2746 horribilis
623 2717 734 2747 contio.
763 2717 801 2748 L.
835 2718 1017 2756 Antonius,
1039 2734 1041 2742 ε
1064 2717 1153 2749 velim
1178 2728 1282 2748 verum
1304 2717 1358 2748 sit.

158 2769 208 2800 M.
252 2769 360 2806 frater,
389 2769 539 2800 tribunus
576 2770 690 2810 plebis,
727 2771 767 2801 de
796 2771 883 2810 agris
915 2781 1018 2811 quum
1038 2787 1041 2815 5
1108 2771 1125 2809 ἓ
1149 2772 1178 2801 23,
1203 2770 1246 2800 De
1271 2770 1396 2811 Quintis
1418 2780 1450 2801 o:
1474 2771 1514 2801 de
1540 2770 1666 2808 Quinto
1687 2776 1778 2811 patre
1798 2776 1829 2802 et
1841 2771 1922 2802 filio.

159 2823 242 2860 aliis,
267 2829 337 2854 tum
360 2822 548 2863 Pomptinis
570 2822 761 2854 dividundis
782 2824 845 2854 hoc
869 2832 1016 2865 tempore
1039 2829 1041 2852 2
1065 2822 1106 2853 ef.
1129 2833 1178 2864 ep.
1205 2822 1252 2860 17,
1277 2824 1306 2854 3.
1342 2823 1437 2853 Ν11111
1465 2823 1505 2854 iis
1537 2828 1606 2854 erat
1637 2832 1713 2854 011111
1749 2823 1922 2855 Buthroto.

158 2879 246 2909 tulit.
269 2879 348 2909 Vid.
371 2878 504 2910 Cassius
525 2877 589 2908 Dio
607 2877 716 2916 XLV,
732 2879 760 2909 9.
777 2878 826 2911 Cf.
847 2878 913 2911 Cic.
929 2880 1017 2911 Phil.
1066 2877 1185 2916 Itaque
1207 2882 1284 2907 ante
1304 2876 1367 2907 hoe
1389 2885 1511 2907 nomen
1540 2885 1648 2917 praep.
1677 2875 1716 2907 de
1745 2877 1922 2917 repetenda

159 2932 202 2962 V.
226 2931 254 2964 7.
278 2931 379 2962 XIII.
403 2930 452 2964 37.
1067 2931 1207 2962 videtur.

204 2985 297 3017 Modo
319 2987 459 3016 numeret
482 2984 600 3015 Idibus.
614 2985 814 3025 Intelligunt
830 2986 933 3027 vulgo
945 2997 1018 3018 usu·
1110 2985 1148 3015 Ut
1169 2985 1317 3026 scriptam
1340 2985 1511 3017 contionem
1533 2985 1653 3016 mittam
1676 2995 1709 3017 οε
1733 2990 1770 3016 ut
1790 2985 1920 3017 mittam

160 3048 224 3076 ras,
253 3048 336 3079 quae
365 3047 457 3069 more
485 3038 636 3069 Romano
658 3038 773 3069 Idibus
796 3039 1017 3070 solvebantur.
1063 3040 1170 3071 Bruto
1193 3039 1387 3077 orationem,
1411 3050 1476 3080 qua
1500 3044 1608 3070 utatur
1628 3045 1703 3081 post
1723 3040 1868 3071 reditum
1885 3040 1919 3071 in

161 3094 279 3133 Longe
302 3093 396 3124 aliter
417 3092 562 3134 explicat
590 3091 794 3124 Gronovius:
821 3108 834 3119 υ
844 3095 942 3124 modo
967 3104 1015 3125 sa·
1061 3092 1189 3124 urbem.

162 3146 301 3177 tisfaciat
324 3146 438 3176 Idibus
466 3145 603 3182 Martiis,
635 3147 732 3176 modo
755 3151 886 3177 tueatur
908 3152 1016 3187 tyran-
1038 3136 1041 3165 ’-
1106 3145 1201 3177 Nemo
1225 3156 1355 3186 unquam
1380 3156 1475 3186 neque
1492 3148 1587 3185 poeta
1609 3150 1669 3177 cet.
1699 3145 1817 3177 Simile
1840 3146 1919 3185 legi-
