2062 3565
156 136 245 177 254
555 134 640 176 ΕΡ.
672 133 750 175 AD
781 133 829 173 T.
863 131 1214 174 POMPONIUM
1246 129 1512 173 ATTICUM.

154 271 268 322 afuit,
302 285 431 324 neque
461 270 585 312 uuam
616 269 775 310 literam
808 267 858 309 ad
890 282 968 308 me.
1014 267 1092 309 Sed
1122 272 1258 308 tamen
1291 267 1391 308 scire
1425 281 1521 307 aveo
1555 266 1684 322 qualis
1718 267 1755 308 ei
1788 253 1914 308 totius

152 344 308 386 itineris
342 359 497 386 summa
528 343 664 384 fuerit.
697 341 841 383 Libros
875 341 990 392 mihi,
1026 340 1074 381 de
1109 339 1257 395 quibus
1291 340 1342 381 ad
1374 344 1414 381 ‘te
1447 344 1565 381 antea
1607 340 1763 395 scripsi,
1797 339 1915 381 velim

152 418 302 468 mittas,
337 422 377 458 et
409 416 580 458 maxime
616 408 848 473 Φαίδρου
882 410 988 473 περὶ
1022 413 1158 457 θεῶν
1191 418 1231 455 et
1267 406 1557 465 ΙῙαλλόεδος.

150 596 241 628 venit
265 605 284 626 a
307 593 456 626 Caesare.
479 592 619 623 Mallem
641 601 716 622 eum
741 591 1009 622 venisseabonis

149 649 238 686 viris,
261 648 319 689 qui
341 646 490 679 Caesaris
511 644 639 676 inimici
661 651 749 675 sunt.

189 698 342 745 Φαίδρου
371 695 447 744 περὶ
475 688 570 730 θεῶν
593 699 623 728 et
647 692 839 734 Παλλάδος.
870 697 921 727 Ita
935 696 1009 727 scri-

152 759 294 790 bendum
328 765 398 788 esse
427 763 499 796 post
530 758 695 794 repertum
716 753 900 784 Herculani
922 752 1008 793 frag-

151 817 299 843 mentum
322 809 465 840 Phaedri
486 806 642 848 Epicurei
664 807 704 837 de
727 812 844 837 natura
861 807 1007 842 deorum,

150 866 238 907 quod
261 863 299 896 C.
321 864 519 895 Petersenus
542 871 569 891 a.
594 861 674 891 1833
686 860 874 901 Hamburgi
888 860 1009 891 instau-

150 919 237 951 ravit
268 924 300 950 et
329 915 515 952 illustravit,
552 923 651 944 nemo
682 913 817 954 negabit
849 913 1012 953 facileque

150 982 297 1006 caremus
325 968 569 1012 suspicionibus
590 967 708 998 Fuhrii
736 968 777 998 de
799 967 1010 1008 DicaearchO,

152 1058 184 1088 p.
207 1049 257 1077 54.
281 1046 372 1077 Ante
394 1037 592 1082 Παλλάδος,
613 1037 708 1070 facile
722 1038 830 1069 omitti
849 1038 958 1078 potuit
975 1024 1009 1081 τερ

771 1173 858 1215 XL.
925 1173 990 1226 (A.

1057 601 1122 631 quo
1151 591 1348 631 compendio
1379 591 1583 622 scribebatur
1614 588 1705 634 περί.
1730 589 1920 621 Scribarum

1058 655 1184 678 errores
1206 647 1241 677 in
1266 646 1370 677 literis
1402 645 1535 677 Graecis
1558 645 1642 676 mira
1664 648 1851 677 commenta
1873 643 1920 674 in-

1059 706 1238 742 terpretum
1276 706 1547 741 provocaverunt.
1581 698 1672 740 Opus
1705 704 1774 731 erat
1807 698 1921 729 Tullio

1060 754 1110 785 his
1147 754 1241 785 libris
1275 755 1317 785 ad
1353 754 1563 785 scribendum
1602 762 1684 794 opus
1716 753 1756 783 de
1794 751 1923 783 Natura

1063 807 1219 844 Deorum,
1245 807 1278 837 in
1301 816 1366 847 quo
1388 816 1488 847 quam
1510 806 1616 836 multa
1638 804 1768 846 petierit
1790 813 1834 835 ex
1855 803 1923 835 illis

1059 861 1204 892 fontibus
1239 862 1506 892 demonstrarunt
1539 859 1748 891 Petersenius
1784 863 1816 890 et
1844 857 1921 888 Kri-

1058 915 1176 952 schius,
1200 914 1437 955 Forschungen
1462 913 1521 944 auf
1539 914 1614 944 dem
1628 912 1767 945 Gebiete
1783 912 1841 944 der
1857 911 1922 943 alte

1059 969 1283 1010 Philosopffie,
1308 968 1384 999 Vol.
1409 969 1435 998 I.

1034 1171 1079 1212 U.
1115 1169 1157 1211 0.
1197 1171 1316 1224 709.)

221 1299 260 1338 1.
294 1296 409 1338 Itane
444 1293 607 1336 nuntiat
640 1292 790 1332 Brutus
823 1289 938 1330 illum
972 1287 1021 1328 ad
1055 1285 1181 1327 bonos
1216 1286 1350 1326 viros?
1389 1281 1687 1344 Εἰῖαγγέλια.
1739 1283 1817 1325 Sed
1851 1281 1924 1324 ubi

156 1372 248 1413 eos?
296 1370 389 1412 Nisi
434 1369 533 1410 forte
582 1380 622 1407 se
671 1363 894 1420 suspendit.
946 1361 1025 1402 Hic
1071 1365 1205 1401 autem
1254 1365 1299 1400 ut
1345 1359 1369 1400 †
1387 1357 1533 1399 fultum
1584 1363 1657 1407 est,
1692 1356 1764 1398 ubi
1796 1356 1921 1411 igitur

157 1442 508 1502 φιλοτέχνημα
541 1438 641 1481 fflud
675 1444 806 1487 tumn,
836 1435 942 1491 quod
977 1434 1059 1476 vidi
1093 1435 1134 1475 in
1170 1433 1436 1481 Parthenone,
1465 1431 1632 1472 Ahalam
1656 1435 1696 1472 et
1720 1430 1924 1472 Brutum?

205 1612 222 1643 3
248 1610 312 1641 Ηῗσ
337 1612 441 1641 autem
464 1610 497 1638 ut
515 1607 640 1648 fultum
677 1606 744 1636 ests
776 1602 832 1634 Ubi
854 1620 894 1625 -—

205 1761 223 1799 ξ
255 1760 283 1790 l.
312 1757 406 1790 Illum
437 1755 481 1786 ad
502 1754 595 1785 honos
616 1753 700 1784 viros
723 1762 756 1782 o:
781 1753 955 1782 Caesarem
978 1747 1018 1778 ad
1068 1746 1244 1778 Serviliam
1283 1750 1420 1776 matrem
1461 1744 1611 1780 habebat,
1642 1748 1735 1774 erant
1773 1741 1926 1772 maiores.

165 1813 340 1855 optimates
371 1809 476 1841 redire
505 1807 602 1838 velle.
638 1806 748 1845 Negat
770 1813 824 1836 eos
848 1802 964 1834 Cicero
987 1801 1018 1831 in
1070 1801 1201 1832 Horum
1225 1800 1361 1831 nomina
1387 1799 1521 1830 Atticus
1543 1797 1641 1829 Bruti
1663 1800 1779 1837 rogatu
1797 1795 1928 1827 videtur

163 1866 258 1898 terris
292 1863 444 1899 inveniri,
479 1860 640 1902 quamdiu
680 1858 800 1890 Caesar
836 1856 1023 1886 libertatem
1070 1854 1283 1885 coniunxisse
1307 1853 1340 1884 in
1364 1852 1494 1893 generis
1517 1850 1631 1882 tabula
1652 1850 1721 1881 sive
1743 1854 1926 1884 stemmate,

163 1920 339 1961 opprimat:
371 1917 480 1957 itaque
512 1914 539 1945 si
570 1923 625 1945 eos
656 1913 766 1943 videre
802 1909 881 1941 velit
914 1908 955 1938 ad
977 1907 1024 1938 in·
1071 1909 1161 1950 quod
1185 1908 1301 1940 Cicero
1323 1907 1405 1938 olim
1429 1907 1463 1937 in
1486 1906 1584 1937 Bruti
1612 1904 1833 1940 Parthenone,
1863 1911 1929 1943 quo

163 1974 248 2005 feros
272 1971 334 2013 ipsi
356 1979 425 2001 esse
449 1968 604 2000 eundum.

208 2025 270 2055 Hic
307 2025 411 2055 aulem
443 2024 477 2052 ut
509 2019 633 2061 fultum
669 2019 725 2047 esi.
761 2015 826 2045 Hic
858 2013 1023 2050 omnibus,

164 2090 244 2121 quos
267 2078 347 2112 vidi,
370 2073 602 2116 interpretibus
625 2070 817 2102 adverbium
840 2069 948 2098 visum
965 2071 1022 2103 est,

165 2133 223 2175 qui
252 2132 305 2163 vel
336 2132 607 2170 interpretantur:
640 2126 751 2163 Quam
781 2122 890 2154 valide
911 2121 965 2151 hie
988 2120 1022 2150 in

1071 1964 1207 1994 nomine
1230 1968 1285 1993 aut
1307 1962 1423 1993 villam
1446 1966 1502 1992 aut
1524 1960 1655 1991 aedium
1675 1963 1802 2000 partem
1813 1965 1930 1988 ornare

1071 2017 1185 2058 potuit,
1209 2016 1344 2046 viderat.
1368 2014 1418 2045 De
1442 2014 1499 2045 illo
1522 2013 1628 2044 Attici
1645 2012 1754 2043 studio
1773 2010 1932 2042 disertum

1072 2072 1232 2102 habemus
1257 2075 1375 2101 testem
1399 2068 1594 2100 Cornelium
1622 2067 1787 2108 Nepotem
1809 2065 1844 2096 in
1861 2064 1930 2096 eius

1072 2125 1140 2155 vita
1161 2134 1188 2155 c.
1212 2124 1262 2161 18,
1292 2123 1344 2154 his
1377 2122 1503 2153 verbis:
1540 2120 1627 2151 Fecit
1660 2120 1717 2151 hoc
1745 2119 1829 2151 idem
1860 2118 1930 2158 (np.

164 2187 263 2219 Italia
296 2183 446 2216 Caesaris
478 2180 652 2222 imperium
682 2176 901 2208 constitutum
920 2179 969 2204 θεῖ
992 2178 1024 2203 et
1046 2172 1050 2226 Ι
1072 2177 1273 2208 familiarum
1295 2175 1461 2215 originem
1490 2174 1674 2210 subtexere,
1705 2177 1742 2203 ut
1763 2172 1928 2204 clarorum

166 2240 259 2282 qllaSl
289 2238 401 2269 fillCl‘lS
434 2234 634 2276 ifflPOSltum‚
666 2231 718 2262 vel
748 2239 825 2261 Cum
847 2226 1025 2259 Tunstallo
1072 2231 1219 2261 virorum
1240 2229 1438 2270 propagines
1460 2232 1592 2269 possent
1614 2226 1784 2267 cognosci)
1802 2235 1929 2266 separa-

167 2305 216 2336 ep,
249 2293 290 2324 ad
317 2291 469 2324 Middlet.
498 2299 530 2329 p.
565 2287 606 2318 22
635 2285 805 2325 corrigunt
834 2281 964 2312 stallum
994 2284 1025 2310 et
1072 2284 1126 2314 tz'm
1148 2284 1182 2314 in
1206 2283 1282 2314 aliis
1304 2282 1402 2319 libris,
1425 2284 1460 2312 ut
1484 2281 1527 2312 Μ.
1551 2281 1646 2312 Bruti
1667 2282 1780 2322 royatu
1803 2279 1931 2311 Iuniam

168 2348 268 2380 verba
288 2347 335 2378 sic
357 2344 538 2385 accipiunt:
559 2341 615 2372 hic
637 2343 756 2375 autem>
774 2345 876 2377 quam
886 2333 1026 2365 StUltum
1064 2338 1229 2379 familiam
1251 2349 1271 2368 a
1293 2337 1390 2377 stirpe
1414 2337 1458 2367 ad
1479 2337 1561 2367 banc
1582 2338 1719 2367 aetatem
1734 2334 1845 2366 ordine
1858 2345 1930 2366 euu-

169 2408 217 2434 est
237 2400 360 2436 venire,
383 2397 441 2429 ubi
462 2395 549 2427 nulli
572 2399 650 2425 sunt
673 2391 752 2422 boni
767 2390 840 2421 viri.
863 2388 1026 2419 Neutrum

169 2458 289 2501 probo:
313 2464 391 2486 nam
413 2453 440 2484 si
463 2451 546 2482 illud
568 2449 727 2480 voluisset
749 2445 857 2477 dicere
880 2443 1027 2484 scriptor,

169 2511 308 2544 dixisset
329 2508 446 2540 saltem
459 2504 580 2546 fuItuS,
604 2502 631 2534 si
653 2499 725 2538 h‘oc,
748 2499 890 2531 scribere
911 2497 1030 2528 debue-

170 2569 220 2597 rat
242 2564 312 2595 huc.
334 2560 421 2593 Mihi
441 2559 522 2590 haec
545 2555 677 2597 gravius
700 2558 852 2594 corrupta
875 2551 1029 2582 videntur

172 2624 205 2649 et
232 2622 268 2647 ut
296 2623 386 2655 seqq.
408 2608 640 2657 φιλοτέχνημα
668 2613 700 2639 et
726 2605 801 2648 quid
825 2603 966 2645 faciat?
989 2602 1030 2633 ad

172 2673 342 2706 neminem
373 2669 475 2701 alium
508 2667 571 2698 nisi
605 2667 646 2696 ad
682 2665 823 2696 Brutum
853 2661 1029 2703 pertinent,

174 2729 220 2760 ita
247 2726 311 2758 Hic
339 2724 481 2756 eundem
510 2721 653 2752 indicare
682 2719 822 2754 videtur,
844 2715 1030 2757 oppositum

174 2781 226 2813 illi
255 2780 276 2811 i.
299 2788 327 2810 e.
349 2775 491 2809 Caesari.
524 2774 601 2804 Non
623 2772 723 2804 nimis
744 2771 927 2802 violentam
950 2773 1031 2809 puto

176 2833 393 2866 mutationem
421 2830 523 2861 hanc:
559 2827 622 2857 Hic
644 2828 746 2856 autem
769 2826 803 2854 ut
816 2823 952 2864 futurus
975 2823 1031 2858 est,

177 2890 229 2921 ubi
260 2886 433 2919 intuebitur
469 2893 500 2924 φ.
532 2882 614 2913 illud
648 2884 733 2911 tuum
761 2898 802 2902 -—
836 2877 1031 2908 Ahalam-et

178 2942 342 2975 Brutum?
369 2941 410 2972 In
440 2938 576 2979 vulgata
604 2935 746 2967 lectione
771 2931 1032 2965 accusativorum

180 2998 331 3040 (Ahalam
353 2998 384 3027 et
407 2992 554 3029 Brutum)
579 3000 712 3022 causam
733 2989 863 3020 nullam
884 2986 991 3017 video.

220 3044 463 3092 Φιλοτέχνημα
500 3041 585 3076 illud
617 3043 701 3071 tuum
730 3057 771 3062 -—
801 3036 962 3068 Brutum?
997 3034 1033 3066 C.

180 3105 342 3139 Servilius
370 3101 482 3134 Ahala
514 3105 546 3130 et
577 3097 616 3129 L.
638 3097 756 3128 Iunius
785 3095 918 3130 Brutus,
950 3102 1035 3124 acer-

183 3161 260 3194 rimi
281 3157 442 3192 libertatis
463 3155 660 3190 defensores,
685 3153 731 3184 M.
756 3150 846 3182 Iunii
861 3149 967 3186 Bruti,
980 3148 1035 3195 qui

1075 2391 1217 2429 meravil,
1240 2393 1354 2422 notans
1378 2391 1430 2433 qui
1453 2401 1472 2421 a
1494 2400 1611 2432 quoque
1632 2392 1721 2421 ortus
1742 2399 1817 2430 quoe
1839 2389 1932 2420 hono-

1075 2456 1126 2477 res
1147 2445 1311 2487 quibusque
1335 2443 1520 2484 temporibus
1553 2442 1695 2483 cepisset,
1725 2447 1785 2474 cet.
1818 2442 1932 2484 Atque

1076 2499 1236 2531 Sewiliae
1272 2507 1403 2539 quoque
1437 2498 1545 2539 gentis
1579 2502 1718 2528 stemma
1746 2497 1787 2527 ab
1817 2496 1933 2528 eodem

1076 2553 1263 2584 confectum
1286 2561 1365 2589 esse,
1391 2561 1430 2582 eo
1452 2551 1558 2592 magis
1581 2550 1738 2582 credibile
1767 2555 1826 2588 est,
1856 2549 1934 2590 quia

1077 2617 1120 2638 ex
1143 2607 1258 2638 eodem
1293 2605 1448 2637 Cornelio
1483 2609 1619 2641 constat,
1649 2614 1726 2635 eum
1757 2602 1934 2635 Serviliam

1077 2661 1174 2691 valde
1202 2659 1352 2696 coluisse,
1375 2668 1403 2689 c.
1427 2658 1476 2695 11,
1498 2659 1529 2688 4.
1564 2657 1682 2688 Malim
1704 2661 1791 2688 certe
1812 2656 1854 2688 de
1875 2655 1935 2687 tali

1078 2724 1176 2755 opere
1198 2713 1353 2754 cogitare,
1375 2722 1476 2753 quam
1497 2711 1587 2752 quod
1609 2709 1682 2741 aliis
1704 2710 1866 2751 placuisse
1888 2709 1934 2741 vi-

1078 2769 1140 2798 deo
1161 2767 1202 2798 de
1224 2765 1426 2806 imaginibus
1448 2764 1579 2795 Ahalae
1601 2768 1634 2794 et
1656 2764 1764 2801 Bruti,
1787 2764 1848 2795 sub
1863 2763 1934 2804 qui-

1081 2822 1140 2852 bus
1162 2820 1295 2852 Atticus
1319 2828 1431 2850 versus
1456 2818 1510 2849 vel
1533 2817 1770 2858 epigrammata
1794 2816 1936 2858 scripsis-

1080 2880 1137 2912 set,
1160 2875 1200 2905 de
1222 2884 1286 2915 quo
1310 2873 1374 2904 vid.
1397 2873 1439 2903 ad
1459 2872 1517 2903 lib.
1533 2872 1561 2903 Ι.
1578 2871 1627 2909 16,
1641 2871 1691 2902 15.
1713 2872 1831 2912 Neque
1846 2871 1936 2902 enim

1080 2929 1142 2960 hoc
1164 2927 1343 2959 conciliare
1364 2935 1500 2967 possum
1523 2935 1598 2956 cum
1630 2934 1758 2955 summa
1791 2924 1936 2956 hominis

1081 2981 1264 3024 prudentia,
1287 2981 1340 3012 vel
1363 2980 1391 3011 si
1402 2980 1506 3011 mavis
1522 2978 1710 3010 timiditate.
1730 2978 1937 3010 Parthenona

1083 3037 1226 3078 denique
1256 3036 1344 3078 quod
1371 3035 1434 3067 feci
1469 3034 1578 3068 Bruti,
1616 3044 1686 3066 non
1723 3033 1839 3072 Attici,
1874 3033 1937 3065 feci

1083 3097 1261 3134 propterea,
1285 3091 1374 3131 quod
1386 3089 1503 3122 Cicero
1522 3089 1580 3130 qui
1591 3088 1686 3120 toties
1703 3088 1801 3120 huius
1820 3088 1936 3120 Amal-

1084 3147 1197 3177 theum
1220 3145 1413 3181 nominavit,
1438 3153 1599 3183 nusquam
1623 3147 1788 3183 praeterea
1800 3142 1937 3174 Parthe-
