2062 3565
77 947 105 971 10

70 1311 102 1337 15

66 1689 100 1715 20

133 143 218 182 288
532 139 615 181 ΕΡ.
651 137 726 178 AD
758 137 804 177 T.
839 136 1198 178 POMPONIUM·
1223 105 1498 179 ATTICUMJ

131 275 199 318 sed
233 275 352 316 etiam
386 289 434 315 ne
467 288 678 328 passurum
711 271 870 327 quidem
905 271 1043 313 fuisse.
1067 272 1264 326 Sequetur
1286 272 1404 314 Rufio
1433 272 1710 323 Vestorianus,
1748 272 1888 314 Victor

129 363 335 403 nunquam
371 347 557 402 scriptus,
593 346 728 396 ceteri,
763 345 854 401 quis
885 346 995 388 non?
1028 345 1106 386 Cui
1148 345 1293 387 servire
1325 345 1405 401 ipsi
1436 361 1519 387 non
1551 346 1772 402 potuimus,
1805 347 1891 389 eius

128 421 274 463 libellis
315 434 513 475 paremus.
554 419 662 460 Nam
708 417 964 460 Liberalibus
1008 419 1098 474 quis
1138 418 1272 474 potuit
1309 419 1353 460 in
1394 424 1576 460 senatum
1609 434 1692 461 non
1725 419 1892 462 venire?

128 496 207 536 Fac
250 493 293 534 id
338 493 516 548 potuisse
562 492 696 548 aliquo
728 492 871 533 modo:
906 507 1019 543 num,
1053 493 1175 533 etiam
1209 507 1334 547 quum
1368 493 1628 544 venissemus,
1663 492 1788 534 libere
1822 508 1891 549 po·

127 568 279 608 tuimus
328 567 569 607 sententiam
619 566 776 607 dicere?
825 567 973 608 Nonne
1024 566 1133 607 omni
1181 566 1336 607 ratione
1384 567 1577 617 veterani,
1627 567 1698 621 qui
1748 567 1891 608 armati

127 640 306 691 aderant,
357 655 482 694 quum
522 639 712 696 praesidii
744 655 818 681 nos
850 640 953 682 nihil
986 639 1238 692 haberemus,
1273 640 1516 682 defendendi
1549 640 1740 682 fuerunt?
1773 641 1891 683 Elam

127 714 344 755 sessionem
388 713 658 769 Capitolinam
702 713 804 754 mihi
846 729 928 754 non
968 713 1166 769 placuisse
1199 719 1246 755 tu
1277 714 1392 755 testis
1425 728 1482 755 es.
1516 712 1627 765 Quid
1660 714 1780 769 ergo?
1813 715 1891 756 ista

127 788 244 844 culpa
277 788 521 829 Brutorum?
555 787 727 829 Minime
768 787 929 829 illorum
964 787 1142 843 quidem,
1178 787 1248 829 sed
1281 787 1448 828 aliorum
1483 786 1709 838 brutorum,
1744 787 1814 842 qui
1847 803 1888 829 se

126 867 265 903 cautos
298 876 343 902 ac
377 862 577 917 sapientes
610 866 778 917 putant:
813 861 962 917 quibus
996 862 1092 903 satis
1124 861 1203 903 fuit
1235 861 1389 912 laetari,
1422 860 1630 902 nonnullis
1663 861 1783 903 etiam
1800 876 1889 917 gra-

125 934 260 985 tulari,
305 934 427 976 nullis
469 950 715 990 permanere.
763 936 804 976 3.
850 934 929 977 Sed
972 935 1187 990 praeterita
1231 934 1487 976 omittamus:
1522 934 1621 975 istos
1654 935 1764 975 omni
1794 949 1890 975 cura

126 1008 403 1064 praesidioque
435 1014 620 1050 tueamur
653 1015 707 1060 et,
741 1008 1079 1064 quemadmodum
1111 1014 1159 1050 tu
1175 1009 1385 1065 praecipis,
1410 1008 1590 1049 contenti
1613 1007 1756 1049 Idibus
1780 1008 1888 1050 Mar-

125 1081 193 1123 tiis
226 1082 364 1132 simus,
415 1097 517 1137 quae
564 1081 727 1136 quidem
759 1082 907 1123 nostris
941 1082 1094 1133 amicis,
1129 1081 1278 1123 divinis
1311 1081 1420 1133 viris,
1456 1080 1612 1123 aditum
1645 1082 1696 1123 ad
1732 1082 1886 1124 caelum

125 1154 336 1206 dederunt,
369 1154 596 1197 libertatem
630 1155 778 1211 populo
812 1155 993 1198 Romano
1026 1171 1108 1198 11011
1126 1155 1338 1197 dederunt.
1374 1154 1596 1197 Recordare
1616 1160 1701 1197 tua.
1736 1155 1885 1198 Nonne

124 1228 344 1270 meministi
377 1229 547 1271 clamare
577 1235 618 1270 te
651 1230 786 1271 omnia
819 1231 983 1285 perisse,
1019 1231 1052 1272 si
1085 1230 1152 1272 1110
1187 1230 1326 1272 funere
1360 1230 1490 1271 elatus
1513 1230 1644 1272 esset?
1677 1230 1887 1286 Sapienter

122 1302 165 1344 id
200 1302 375 1358 quidem.
409 1303 553 1357 Itaque
587 1318 634 1344 ex
676 1319 722 1345 eo
756 1319 857 1358 quae
890 1305 1093 1358 manarint
1126 1304 1250 1346 vides.
1290 1308 1331 1345 4.
1366 1304 1480 1356 Quae
1513 1303 1656 1345 scribis
1689 1301 1886 1345 Kalendis

122 1377 254 1418 Iuniis
298 1377 522 1418 Antonium
566 1376 615 1418 de
658 1377 876 1432 provinciis
918 1377 1153 1429 relaturum,
1200 1383 1247 1419 ut
1290 1382 1330 1419 et
1361 1377 1447 1433 ipse
1482 1377 1635 1419 Gallias
1667 1367 1888 1418 habeat'et

121 1452 302 1506 utrisque
343 1450 428 1492 dies
470 1456 720 1506 prorogetur,
755 1450 946 1492 licebitne
981 1450 1142 1492 decerni
1176 1450 1328 1492 libere?
1379 1450 1422 1492 Si
1453 1450 1627 1500 licuerit,
1660 1448 1888 1490 libertatem

121 1541 205 1567 esse
239 1530 512 1580 recuperatam
544 1524 745 1576 laetabor,
781 1526 814 1566 si
848 1541 929 1566 non
962 1525 1136 1576 licuerit,
1172 1523 1270 1579 quid
1303 1523 1404 1565 mihi
1427 1522 1609 1564 attulerit
1632 1522 1710 1564 ista
1732 1521 1887 1563 domini

121 1598 292 1640 mutatio
325 1605 480 1653 praeter
512 1599 722 1650 laetitiam,
758 1614 878 1654 quam
912 1599 1038 1640 oculis
1073 1599 1160 1654 cepi
1193 1599 1301 1639 iusto
1333 1598 1502 1639 interitu
1534 1596 1722 1653 tyranni?
1748 1598 1789 1637 5.
1808 1595 1886 1638 Ra-

119 1672 235 1727 pinas
268 1671 409 1713 scribis
443 1672 493 1713 ad
527 1673 627 1728 Opis
660 1673 758 1723 fieri,
795 1687 893 1727 quas
928 1687 998 1713 nos
1033 1687 1191 1727 quoque
1224 1677 1311 1713 tum
1347 1669 1595 1712 videbamus.
1637 1669 1702 1711 Ne
1734 1684 1807 1710 nos
1842 1673 1884 1710 et

121 1744 279 1786 liberati
324 1745 374 1787 ab
421 1747 590 1802 egregiis
635 1747 729 1787 viris
773 1762 845 1787 nec
888 1745 1005 1787 liberi
1039 1761 1191 1787 sumus.
1240 1746 1305 1787 Ita
1338 1745 1425 1786 laus
1458 1744 1619 1786 illorum
1653 1747 1728 1794 est,
1763 1742 1882 1797 culpa

119 1824 268 1859 nostra.
325 1819 379 1860 Et
422 1819 594 1860 hortaris
637 1834 699 1860 me
745 1825 791 1860 ut
836 1819 1024 1860 historias
1069 1818 1267 1860 scribam?
1300 1824 1347 1860 ut
1379 1817 1564 1872 colligam
1597 1820 1712 1857 tanta
1746 1829 1883 1856 eorum

120 1892 282 1944 scelera,
317 1909 339 1934 a
373 1893 520 1949 quibus
553 1894 785 1936 etiamnunc
817 1892 1074 1935 obsidemur?
1117 1893 1313 1935 Poterone
1347 1907 1414 1933 eos
1447 1892 1555 1947 ipsos
1586 1905 1667 1932 non
1701 1887 1880 1939 laudare,

121 2087 273 2128 exempla
295 2088 382 2128 apud
404 2086 598 2119 Ciceronem
630 2086 710 2118 haec
740 2091 833 2117 sunt:
867 2084 975 2115 hebdo-
996 2072 1000 2104 ¹
1022 2081 1218 2114 Ciceronem
1241 2081 1300 2112 illo
1326 2081 1379 2112 die
1402 2085 1458 2111 aut
1480 2080 1515 2111 in
1548 2083 1700 2111 senatum
1729 2087 1798 2109 non
1832 2085 1884 2109 ve·

120 2140 212 2172 suada
234 2140 328 2172 Fam.
351 2141 451 2172 XVI.
473 2142 501 2178 9,
525 2142 554 2178 3,
570 2151 696 2182 paeoua
719 2139 775 2172 Or.
799 2139 872 2170 191.
996 2136 999 2165 ἓ
1021 2135 1093 2166 nire
1115 2134 1278 2171 debuisse,
1309 2140 1365 2164 aut
1395 2133 1499 2164 libere
1520 2132 1560 2163 de
1590 2141 1625 2163 re
1649 2130 1784 2172 publica
1805 2129 1885 2171 quid

161 2193 249 2234 Rufio
279 2192 491 2224 Vestorianus.
514 2194 667 2224 Eundem
690 2198 815 2234 putant,
845 2192 903 2233 qui
935 2191 976 2222 V.
996 2173 1000 2219 1
1021 2187 1157 2218 sentiret
1180 2187 1298 2217 dicere.
1322 2185 1488 2216 Neutrum
1510 2184 1573 2216 sibi
1596 2184 1766 2224 integrum
1781 2182 1882 2214 fuisse

120 2248 149 2285 2,
172 2247 192 2278 2
213 2247 470 2278 controversiam
494 2257 568 2278 cum
592 2247 746 2278 Vestorio
762 2246 916 2277 habuisse
931 2245 977 2276 di·
997 2222 1000 2271 i
1020 2240 1196 2280 respondet
1219 2237 1344 2270 Cicero.

121 2302 215 2340 citur,
238 2303 326 2333 unde
350 2302 412 2333 ioci
434 2311 532 2333 causa,
554 2311 739 2342 cognomen
764 2301 794 2332 ei
816 2301 978 2342 imposue-
998 2282 1000 2318 1
1063 2293 1173 2324 Nonne
1194 2292 1276 2323 omni
1300 2291 1425 2323 ratione
1448 2290 1591 2322 veterani
1621 2309 1662 2314 --
1684 2289 1885 2331 defendendi

120 2355 162 2386 rit
185 2354 312 2386 Cicero.
998 2343 1000 2365 ³
1012 2346 1181 2387 fuerunt?
1203 2356 1236 2377 οε
1260 2355 1372 2377 11011110
1397 2345 1521 2382 omnia,
1544 2353 1630 2385 quae
1655 2344 1777 2376 Caesar
1800 2349 1885 2375 vete-

162 2408 326 2450 Nunquam
348 2408 486 2449 scriptus
507 2418 541 2438 o:
572 2408 665 2438 cuius
687 2407 833 2439 hominis
856 2416 977 2438 nomen
999 2397 1001 2457 j
1021 2402 1110 2432 ranis
1133 2405 1348 2438 concesserat,
1373 2406 1506 2432 senatus
1528 2399 1660 2430 decreto
1694 2398 1885 2430 confirmari

121 2472 291 2504 nunquam
315 2462 446 2503 scripsit
457 2461 585 2493 Caesar.
608 2461 702 2501 Nihil
716 2468 794 2499 erat,
808 2471 867 2492 cur
883 2459 976 2493 Orel-
1000 2460 1001 2469 ¹
1023 2453 1234 2487 debuerunt?

121 2517 167 2547 lio
188 2516 335 2557 placeret
354 2517 526 2556 spectatus.
999 2496 1003 2547 1
1065 2508 1161 2538 Illam
1183 2508 1350 2538 sessionem
1375 2506 1584 2547 Capitolinam
1614 2516 1647 2537 o:
1680 2505 1765 2536 illud
1801 2511 1883 2537 tern-

163 2569 243 2600 Nam
266 2567 463 2600 Liberalibus
483 2568 552 2610 quis
567 2567 674 2608 potuit
696 2568 730 2598 in
751 2569 894 2598 senatum
917 2577 978 2598 non
1001 2566 1003 2615 j
1023 2573 1092 2606 puS,
1116 2562 1205 2604 quod
1237 2561 1349 2592 statim
1378 2567 1452 2602 post
1482 2559 1631 2592 Caesaris
1662 2569 1778 2592 necem
1808 2558 1885 2590 boni

120 2624 256 2655 venire?
285 2623 440 2665 Speciosa
461 2628 509 2655 est
532 2622 674 2664 suspicio
698 2621 835 2666 Coi-radi
857 2622 915 2663 qui
937 2621 980 2652 ob
1001 2617 1003 2630 ²
1023 2617 1087 2648 viri
1110 2616 1195 2648 nihil
1217 2616 1348 2656 agendo
1370 2614 1569 2656 praeterlabi
1591 2614 1680 2655 passi
1700 2620 1787 2650 sunt,
1822 2622 1887 2654 qua

123 2678 293 2719 sequentia
316 2678 408 2708 etiam
431 2688 519 2719 quum
543 2676 725 2708 venissz'mus
747 2677 926 2714 dubitabat,
938 2686 979 2706 an
1024 2669 1151 2700 desidia
1173 2668 1400 2709 improborum
1423 2667 1559 2698 audacia
1583 2666 1681 2698 valde
1703 2671 1801 2697 aucta
1822 2671 1882 2697 est-

123 2733 256 2772 negatio
277 2737 363 2763 esset
385 2732 554 2763 servanda.
586 2730 651 2762 Sed
683 2732 789 2762 obstat
821 2730 980 2762 disertum
1001 2728 1005 2760 l
1023 2722 1232 2764 Frequenter
1254 2721 1364 2752 Smer&
1388 2722 1512 2752 indicat
1534 2720 1680 2752 Otiosum
1702 2728 1782 2757 esse,
1800 2717 1886 2749 Uihil

124 2787 292 2819 Ciceronis
314 2787 542 2819 testimonium
573 2787 607 2818 in
631 2786 717 2817 Phil.
742 2787 788 2817 Π.
811 2786 867 2817 89;
903 2786 980 2816 Post
1002 2761 1004 2804 ¹,
1025 2778 1154 2818 agendo
1186 2782 1316 2817 tempus
1350 2782 1464 2806 terere·
1502 2773 1710 2806 SUbSfflntiVi
1743 2772 1886 2804 verbalis

123 2840 202 2871 diem
226 2841 352 2872 tertium
385 2842 433 2882 (οι
464 2840 542 2882 ipsis
571 2840 792 2877 Liberalibus,
826 2839 881 2880 qui
919 2838 982 2869 fuit
1002 2849 1005 2886 Ι
1024 2833 1113 2864 hunc
1135 2842 1232 2864 usum
1254 2841 1321 2863 non
1346 2831 1412 2862 alio
1437 2830 1592 2872 exemplo
1606 2829 1801 2861 confirmare
1813 2837 1886 2869 pos-

125 2894 240 2925 tertius
262 2894 332 2925 dies
355 2904 373 2925 a
395 2894 494 2925 caede
518 2892 677 2931 Caesaris)
714 2893 785 2923 veni
817 2892 850 2922 in
872 2891 982 2922 aedem
1003 2891 1005 2915 l
1026 2897 1110 2919 sum.

129 2945 264 2978 Telluris
291 2948 322 2977 et
343 2946 465 2988 quidem
486 2944 613 2981 invitm,
636 2956 725 2986 quum
748 2955 851 2976 omnes
874 2944 982 2974 aditus
1067 2942 1256 2973 Permanere
1278 2951 1380 2982 quum
1402 2941 1438 2972 in
1460 2940 1632 2977 sententia,
1643 2945 1714 2971 tum
1736 2939 1772 2969 in
1794 2938 1885 2969 urbe.

125 3001 241 3032 armati
262 3001 450 3032 obsiderent.
475 3000 542 3038 Qui
564 3001 656 3031 locus
678 3010 782 3041 paene
804 3000 918 3030 suadet
931 2998 982 3030 Ci-
1070 2996 1089 3036 ξ
1111 2996 1140 3026 3.
1162 2994 1273 3026 Nonne
1294 2994 1460 3025 meministi
1482 2998 1543 3025 cet.
1564 2993 1663 3025 Idem
1677 2992 1791 3024 Attico
1808 2991 1885 3022 scri·

126 3064 279 3086 ceronem
300 3054 355 3085 hic
377 3053 562 3095 scripsisse:
588 3053 669 3084 Nam
692 3053 726 3083 L.
750 3061 809 3089 Qm
830 3061 936 3082 Portu
948 3051 983 3082 in
1006 3081 1007 3086 ,
1029 3050 1147 3090 bit-ep.
1171 3049 1220 3087 10,
1245 3049 1275 3079 1.

126 3109 268 3138 senatum
291 3117 352 3137 non
362 3105 496 3137 venire?
517 3107 667 3147 Apparet
683 3106 760 3142 iam,
780 3115 838 3136 cur
848 3104 983 3136 Atticus
1005 3089 1008 3136 1
1071 3104 1090 3143 ξ
1111 3104 1142 3133 4.
1169 3101 1324 3143 Utrisque,
1338 3102 1443 3133 sibiet
1451 3101 1646 3133 Dolabellae
1657 3099 1805 3140 collegae
1813 3108 1886 3130 suo.

130 3170 293 3193 accusaret
323 3162 491 3192 Liberalia
525 3170 573 3201 ep.
607 3161 655 3197 10,
687 3161 701 3190 l
735 3161 766 3191 h.
791 3161 812 3191 l.
846 3159 985 3190 Dicebat
1072 3158 1089 3197 ξ
1113 3159 1140 3187 5.
1167 3155 1307 3196 Rapina-r
1328 3156 1440 3186 scribis
1461 3155 1505 3186 ad
1529 3154 1604 3195 Opis
1614 3154 1703 3193 fieri.
1727 3152 1814 3183 Phil.
1835 3151 1882 3182 ΙΙ.

2046 3521 2056 3565 ⁴⁴-
2043 3436 2060 3497 *³³4
2043 3366 2062 3414 a«
2042 3190 2062 3350 mndnvxzss
2047 3131 2057 3172 ·-·-
2039 3035 2042 3041 “
