2062 3565
764 175 870 218 LIB.
906 177 959 218 X.
995 176 1078 218 ΕΡ.
1116 180 1155 218 9.
1759 178 1839 217 lm»

81 313 185 370 quod
219 313 428 368 cogitares,
463 312 654 368 aperuisti
691 336 747 342 -—
794 311 865 353 has
897 311 946 352 ad
980 321 1019 353 tc
1052 312 1145 354 ilico
1178 312 1312 355 literas
1347 311 1501 368 scripsi.
1554 312 1628 355 Per
1661 314 1840 354 fortunas

80 392 183 439 tuas,
217 386 371 436 Cicero,
406 401 475 441 per
508 385 655 428 liberos
687 391 726 427 te
761 401 829 426 oro
863 390 904 426 et
936 384 1114 437 obsecro,
1150 401 1198 427 ne
1233 386 1330 440 quid
1363 386 1525 441 gravius
1559 385 1607 426 de
1641 385 1768 426 saluti¹
1802 392 1841 425 ct

79 459 355 503 incolumitate
399 463 470 500 tua
510 459 709 500 consulas.
762 459 867 500 Nam
913 458 1007 500 deos
1040 459 1300 515 hominesque
1335 459 1632 514 amicitiamque
1666 465 1840 501 nostram

21 555 29 560 -
80 532 270 576 testificor
301 547 364 574 me
396 532 473 573 tibi
507 532 748 588 praedixisse
781 547 910 588 neque
943 537 1089 574 temere
1133 533 1345 585 monuisse,
1381 533 1464 584 sed,
1499 538 1710 588 postquam
1744 532 1840 573 Cae-

81 620 206 678 sarem
250 605 503 647 convenerim
547 605 866 660 sententiamque
908 605 1008 656 eius,
1051 605 1180 661 qualis
1213 606 1347 648 futura
1379 612 1483 647 esset
1516 611 1628 662 parta
1660 605 1840 656 victoria,

81 678 298 734 cognorim,
332 683 372 719 te
405 679 613 720 certiorem
646 678 799 719 fecisse.
835 678 876 719 Si
910 679 1114 720 existimas
1147 680 1313 720 eandem
1337 680 1530 721 rationem
1557 678 1638 719 fore
1662 678 1842 720 Caesaris

79 751 124 793 in
155 750 408 792 dimittendis
442 752 678 793 adversariis
711 758 752 793 et
785 751 1090 793 condicionibus
1125 753 1310 802 ferendis,
1345 768 1464 794 erras.
1499 751 1615 794 Nihil
1634 752 1711 793 nisi
1731 759 1841 792 atrox

17 878 23 884 ι
81 829 122 866 01
164 838 326 865 saevum
369 824 521 879 cogitat
563 829 683 879 atque
727 824 847 865 etiam
879 823 1070 879 loquitur.
1117 825 1250 866 Iratus
1283 826 1440 867 senatui
1473 825 1592 876 exiit;
1627 824 1690 865 his
1721 824 1843 865 inter-

7 926 22 959 ·.-‚
81 896 328 939 cessionibus
371 897 488 953 plane
531 897 724 938 incitatus
768 903 841 938 est.
887 898 983 939 Non
1027 897 1251 940 mehercule
1294 899 1370 940 erit
1414 897 1683 954 deprecationi
1716 897 1842 938 locus.

7 974 26 1028 J-
84 972 124 1012 2.
165 969 312 1022 Quare,
357 971 391 1012 si
435 969 512 1012 tibi
556 976 617 1021 tu,
663 971 695 1011 si
740 970 846 1012 filius
889 971 1048 1021 unicus,
1096 970 1129 1011 si
1163 970 1318 1022 domus,
1354 971 1386 1012 si
1421 986 1509 1026 spes
1542 976 1635 1012 tuae
1670 970 1842 1024 reliquae
1866 979 1900 1005 10

80 1042 157 1085 tibi
189 1058 302 1085 carae
335 1050 445 1095 sunt,
480 1043 514 1084 si
547 1042 700 1098 aliquid
734 1042 841 1098 apud
874 1048 913 1084 te
947 1058 1033 1094 nos,
1069 1043 1103 1084 si
1138 1043 1196 1084 vir
1229 1044 1418 1099 optimus,
1453 1059 1573 1099 gener
1605 1049 1714 1094 tuus,
1740 1043 1842 1084 vale-

81 1131 183 1167 muS,
219 1130 389 1170 quorum
423 1116 626 1157 fortunam
658 1131 739 1157 non
773 1115 894 1157 debes
929 1116 1028 1157 velle
1062 1116 1328 1158 conturbare.
1355 1150 1362 1158 .
1385 1150 1424 1158 ..
1470 1124 1516 1158 ut
1549 1132 1634 1159 eam
1668 1131 1842 1167 causam,

18 1197 21 1204 '
81 1189 125 1232 in
169 1190 285 1231 cuius
329 1189 496 1231 victoria
539 1189 646 1230 salus
690 1194 826 1230 nostra
870 1195 943 1239 est,
989 1189 1117 1231 odisse
1163 1195 1232 1231 aut
1275 1190 1496 1245 relinquere
1546 1205 1733 1245 cogamur
1776 1195 1844 1230 aut

81 1262 246 1319 impiam
279 1261 542 1317 cupiditatem
575 1267 715 1303 contra
747 1261 916 1302 salutem
940 1268 1060 1304 tuam
1093 1261 1324 1304 habeamus.
1358 1263 1542 1318 Denique
1575 1263 1675 1304 illud
1699 1263 1845 1317 cogita,

0 1461 21 1520 ΧΨ.

0 1644 25 1911 ’ξ

0 1916 25 2087 ξ

84 1335 191 1391 quod
225 1335 396 1377 offensae
429 1334 551 1376 fuerit
581 1335 625 1376 in
657 1335 736 1376 ista
762 1335 1032 1386 cunctatione,
1066 1339 1105 1376 te
1139 1335 1307 1377 subisse.
1341 1336 1464 1377 Nunc
1495 1319 1541 1377 tss
1570 1342 1707 1377 contra
1725 1336 1899 1376 victo-1⁵

85 1423 169 1451 rem
200 1409 411 1451 Caesarem
444 1407 586 1458 facere,
622 1423 740 1462 quem
773 1406 910 1448 dubiis
942 1407 1062 1449 rebus
1094 1408 1250 1450 laedere
1284 1408 1463 1460 noluisti,
1497 1415 1538 1450 et
1570 1408 1620 1449 ad
1654 1424 1719 1451 eos
1736 1408 1847 1464 fuga·

85 1487 147 1524 tos
178 1480 379 1533 accedere,
414 1496 514 1537 quos
546 1481 777 1523 resistentes
810 1482 923 1537 sequi
955 1482 1146 1533 1101110118,
1181 1497 1358 1524 summae
1392 1481 1586 1524 stultitiae
1619 1488 1693 1523 est.
1745 1480 1848 1523 Vide

85 1570 150 1607 ne,
184 1553 283 1596 dum
314 1553 442 1610 pudet
474 1560 514 1596 te
546 1569 688 1610 parum
722 1554 956 1610 optimatem
989 1570 1089 1606 esse,
1123 1570 1263 1610 parum
1297 1555 1510 1611 diligenter
1533 1555 1631 1610 quid
1654 1555 1849 1610 optimum

85 1628 138 1670 sit
181 1624 318 1683 eligas.
366 1629 407 1669 3.
452 1627 573 1680 Quod
617 1627 651 1669 si
695 1632 825 1669 totum
862 1626 940 1668 tibi
971 1627 1209 1683 persuadere
1242 1643 1324 1670 non
1356 1644 1531 1684 possum,
1566 1628 1719 1679 saltem,
1753 1627 1849 1668 dum

87 1700 185 1756 quid
218 1699 267 1741 de
301 1701 513 1757 Hispaniis
547 1716 712 1757 agamus
747 1701 886 1753 scitur,
920 1706 1119 1757 exspecta,
1154 1717 1252 1757 quas
1284 1701 1360 1744 tibi
1393 1702 1538 1743 nuntio
1561 1701 1736 1743 adventu
1754 1701 1850 1742 Cae·
1872 1713 1906 1738 20

87 1774 186 1816 saris
239 1773 321 1815 fore
368 1780 538 1816 nostras.
583 1774 716 1826 Quam
761 1774 830 1815 isti
878 1790 987 1830 spem
1031 1773 1206 1816 habeant
1251 1775 1406 1816 amissis
1452 1774 1661 1830 Hispaniis
1703 1774 1850 1816 nescio.

88 1847 209 1899 Quod
241 1862 358 1903 porro
389 1852 507 1889 tuum
540 1848 755 1889 consilium
788 1848 841 1889 sit
874 1848 924 1889 ad
959 1848 1188 1904 desperatos
1221 1848 1422 1898 accedere,
1457 1863 1537 1889 non
1578 1847 1853 1889 mediusfidius

89 1921 258 1977 reperio.
307 1924 347 1962 4.
382 1921 488 1973 Hoc,
523 1921 630 1977 quod
663 1927 708 1963 tu
743 1936 823 1964 non
857 1921 1027 1963 dicendo
1061 1921 1160 1963 mihi
1193 1921 1442 1976 significasti,
1475 1921 1619 1962 Caesar
1652 1920 1833 1962 audierat
1841 1938 1852 1970 3

104 2103 105 2107 =
133 2087 149 2118 1
172 2086 262 2119 illico
282 2105 324 2110 —-
348 2087 365 2117 5
391 2086 519 2117 Caesari
540 2104 582 2109 —
604 2085 643 2116 12
665 2086 862 2122 conturbare,
886 2087 921 2116 ut
943 2103 985 2108 —
1009 2086 1045 2116 15
1070 2088 1181 2117 contra
1204 2085 1349 2117 victorem
1364 2086 1483 2126 faeere
1505 2103 1545 2109 —

92 2233 173 2266 sitis.
205 2233 270 2265 vid.
307 2233 435 2265 Handii
463 2233 562 2264 Turs.
609 2232 671 2264 IV.
705 2242 735 2273 p.
766 2232 825 2263 111
860 2242 950 2274 seqq.

134 2285 299 2328 Postquam
317 2285 486 2318 Caesarem
498 2285 702 2317 convenerim.
727 2286 868 2317 Factum
882 2294 952 2316 esse

996 2232 1080 2265 forte
1105 2232 1237 2265 Caelius
1259 2233 1387 2274 scripsit
1408 2233 1516 2263 caveto
1538 2241 1606 2262 eam
1635 2239 1760 2262 causam
1789 2235 1850 2261 cet.

1040 2284 1130 2326 Quod
1148 2285 1288 2328 offensae
1301 2285 1410 2326 fuerit
1431 2303 1473 2308 —
1495 2286 1526 2315 te
1547 2283 1664 2315 subisse
1684 2293 1719 2314 οε
1749 2283 1776 2314 si
1801 2291 1852 2314 ve-

93 2340 240 2372 Arimini
262 2350 305 2372 ex
327 2340 393 2371 8118
415 2338 519 2371 Caelii
532 2339 670 2380 epistola
687 2338 782 2370 Fam.
794 2339 895 2370 VIII.
912 2338 950 2371 17

94 2392 258 2426 Corradus
286 2393 425 2425 monuit.
471 2392 578 2424 Paulo
607 2398 683 2424 ante
712 2393 801 2433 quod
831 2392 954 2432 legitur

88 2456 150 2487 per
164 2446 321 2487 fortunas
343 2464 384 2470 —
405 2448 436 2476 te
458 2455 523 2483 oro,
554 2445 587 2476 id
621 2445 785 2476 illustravi
815 2445 856 2476 ad
886 2444 953 2475 ΙΙΙ.

116 2499 136 2530 0
191 2524 197 2530 .

95 2499 115 2531 2
135 2500 277 2584 :E'tindem
308 2550 461 2583 rationem
483 2550 559 2591 sore
591 2549 746 2581 Caesaris.
780 2536 954 2580 Genitivus

96 2605 317 2637 restituendus
354 2605 389 2636 in
419 2604 522 2636 altero
553 2603 718 2644 exemplo,
748 2603 806 2634 ubi
835 2612 853 2634 e
882 2603 977 2634 0011.4

97 2658 185 2691 Petr.
207 2659 361 2690 scribitur
387 2657 528 2688 caesari.
562 2657 725 2688 Dicebant
747 2656 853 2688 enim:
877 2656 955 2687 haec

97 2716 143 2745 est
164 2715 250 2746 ratio
272 2724 349 2752 mea,
372 2724 440 2745 non
463 2714 540 2744 haec
563 2715 610 2744 est
632 2712 709 2743 milti
730 2711 824 2743 ratio.
849 2711 954 2744 Casti-
976 2718 978 2750 Q

976 2761 977 2770 ¹
1000 2764 1055 2795 det
1076 2765 1226 2806 sequenti
1255 2775 1316 2802 eos,
1349 2770 1446 2806 atque
1475 2770 1511 2795 ut
1539 2764 1639 2795 verba
1666 2772 1740 2804 quos
1766 2759 1853 2802 sequi

99 2767 193 2808 gavit
212 2766 483 2807 Wesenbergius,
507 2765 647 2796 Emend.
670 2775 691 2805 p
727 2764 799 2795 126.

139 2819 249 2851 Iratus
269 2817 395 2850 senatui
417 2817 496 2848 exiit
519 2827 562 2848 sc.
585 2826 628 2848 ex
650 2817 745 2848 urbe.
766 2815 954 2848 Gronovius

97 2873 229 2906 volebat
249 2870 374 2904 senatu'.
397 2890 438 2895 —
459 2870 522 2901 His
543 2870 819 2902 intercessionibus
833 2871 954 2904 L.Me-
976 2868 977 2875 ¹

98 2927 178 2964 teni,
201 2927 325 2959 tribuni
346 2927 391 2968 pl.
413 2925 454 2957 cf.
477 2924 570 2957 Caes.
593 2925 634 2956 B.
656 2924 692 2956 C.
715 2925 744 2956 I.
767 2926 816 2958 33.

101 3189 276 3224 inserimus
311 3199 395 3227 eave,
431 3189 483 3220 eui
524 3189 640 3220 subiici
675 3194 781 3230 potest
818 3191 863 3228 vt,
893 3183 980 3221 nisii

998 2338 1078 2369 reris
1107 2347 1148 2369 ne
1178 2338 1378 2370 remanendo
1409 2337 1606 2378 Pompeium
1634 2336 1788 2372 offendas,
1819 2335 1851 2366 id

997 2392 1065 2423 iam
1085 2393 1271 2424 cunctando
1282 2392 1484 2424 commisisti.
1508 2391 1669 2423 Similiter
1691 2390 1778 2421 Plin.
1791 2389 1850 2430 Ep.

999 2446 1046 2477 ΙΙ.
1070 2446 1120 2477 18.
1142 2446 1208 2477 III.
1233 2447 1252 2477 9
1275 2446 1379 2478 subire
1411 2447 1547 2488 offensas
1579 2445 1716 2485 scripsit.
1758 2443 1853 2474 Alibi

998 2499 1119 2531 dicitur
1140 2499 1298 2540 suscipere
1319 2501 1467 2542 offensas.

1043 2550 1159 2582 Contra
1181 2552 1325 2583 victorem
1340 2551 1512 2583 Caesarem.
1535 2551 1666 2582 Nomen
1685 2549 1852 2591 proprium

998 2605 1032 2636 11.
1056 2605 1078 2636 l.
1100 2615 1167 2636 non
1192 2606 1380 2643 delendum,
1417 2606 1474 2637 sed
1503 2606 1537 2636 in
1565 2605 1667 2636 altero
1701 2602 1853 2642 exemplo

999 2658 1078 2689 hinc
1100 2659 1287 2690 addendum
1311 2669 1380 2691 esse
1404 2659 1486 2690 bene
1519 2658 1630 2689 docuit
1660 2656 1854 2688 Wesenber-

1001 2711 1075 2751 gius
1097 2712 1237 2743 Emend.
1261 2723 1291 2753 p.
1315 2713 1385 2743 129.
1419 2712 1507 2742 Nam
1531 2711 1694 2741 Caesarem
1724 2717 1852 2748 respon-

1000 2817 1140 2849 nolueris
1163 2819 1349 2851 referuntur
1376 2819 1418 2850 ad
1445 2828 1506 2856 eos,
1536 2818 1582 2849 sic
1611 2827 1697 2859 quem
1727 2815 1853 2846 laedere

1000 2871 1132 2903 noluisti
1153 2883 1221 2904 non
1242 2873 1341 2904 habet
1363 2882 1428 2914 quo
1450 2872 1608 2904 referatur
1629 2871 1738 2902 deleto
1770 2868 1851 2899 Cae-

976 2927 977 2967 ]
1000 2923 1080 2955 saris
1102 2925 1245 2956 nomine.

141 2979 160 3020 ξ
182 2980 211 3011 2.
237 2978 351 3020 Quare,
373 2977 402 3008 si
422 2983 484 3009 cet.
507 2976 645 3008 Certum
667 2982 716 3009 est
737 2978 772 3009 in
794 2978 856 3009 hac
884 2987 956 3010 sen·
976 2972 979 3010 l

101 3034 205 3065 tentia
225 3032 352 3074 aliquid
379 3030 558 3063 desiderari
597 3031 651 3062 vel
686 3031 859 3063 scribentis
891 3032 978 3069 vel,'

101 3086 191 3126 quod
218 3085 329 3116 verius
363 3083 446 3115 mihi
487 3083 628 3120 videtur,
656 3083 783 3115 librarii
819 3082 979 3136 incuria.'3

101 3136 223 3170 Omnia
245 3137 327 3169 bene
348 3136 539 3178 procedunt,
570 3136 599 3167 si
619 3141 693 3177 post
716 3146 747 3167 v.
770 3136 958 3168 conturbate
977 3163 980 3177 Β
1002 3135 1036 3166 in
1059 3135 1221 3176 singulari
1244 3135 1419 3166 occurrit.''
1440 3133 1647 3174 Oudendorp.

1045 2975 1240 3017 optimatem.
1267 2991 1280 3003 υ
1292 2977 1406 3008 Unum
1428 2986 1471 3008 ex
1494 2977 1543 3014 iis,
1566 2975 1622 3016 qui
1644 2984 1678 3006 se
1700 2972 1788 3005 credi
1800 2981 1853 3002 vo-

1000 3029 1073 3060 lunt
1095 3030 1237 3071 optimos
1267 3031 1355 3062 cives
1385 3037 1416 3062 et
1448 3029 1699 3071 praestant-iores
1727 3025 1852 3062 ceteris,

1000 3082 1056 3123 qui
1079 3083 1252 3123 populares
1274 3083 1446 3114 habentur.
1487 3081 1662 3114 Rarissime
1683 3079 1764 3112 haec
1786 3088 1854 3110 vox

1045 3189 1064 3227 ξ
1087 3190 1116 3219 4.
1141 3188 1208 3220 Non
1232 3188 1362 3220 dicendo
1384 3198 1417 3222 ος
1440 3188 1648 3220 subobscure.
