2062 3565
674 144 782 186 LIB.
820 144 939 186 VIII.
974 144 1059 186 ΕΡ.
1098 148 1137 184 9.
1734 147 1788 187 19

9 292 129 333 vestri
173 291 323 334 similes
370 307 450 334 non
496 292 614 334 modo
656 292 883 348 frequentes
928 291 998 333 sed
1040 291 1147 334 laeto
1182 292 1298 334 vultu
1331 291 1582 348 gratulantes
1616 292 1791 334 viderit?

15 391 36 417 ,Ι
50 365 162 407 Ν11111
209 364 337 420 igitur
379 380 592 421 peccamus
602 366 650 408 ?''
685 366 857 408 Minime
892 381 960 408 vos
993 365 1172 421 quidem,
1207 365 1276 408 sed
1310 371 1447 408 tamen
1480 366 1596 422 signa
1630 370 1792 408 contur-

10 438 174 491 bantur,
209 438 357 494 quibus
390 439 577 482 voluntas
612 455 635 482 3
668 439 925 485 simulatione
959 439 1158 495 distingui
1191 445 1340 497 posset.
1374 440 1489 492 Quae
1513 454 1605 481 vero
1628 445 1791 482 senatus

10 513 194 556 consulta
238 514 381 556 video?
426 514 504 556 Sed
551 515 742 571 apertius,
793 529 914 570 quam
961 529 1260 570 proposueram.
1311 516 1353 556 3.
1400 515 1488 569 Ego
1521 513 1668 569 Arpini
1700 513 1791 555 volo

9 603 95 631 esse
137 587 266 646 pridie
300 589 409 640 Kal„
444 589 591 631 deinde
624 589 775 630 circum
810 588 970 630 villulas
1003 593 1161 630 nostras
1194 603 1337 639 errare,
1380 602 1480 643 quas
1513 586 1694 628 visurum
1728 602 1790 628 me

11 652 149 718 postea
188 661 411 718 desperavi.
458 659 644 721 Εὐγενῆ
678 667 749 703 tua
784 661 952 702 consilia
983 667 1024 703 et
1056 667 1191 703 tamen
1225 676 1296 718 pro
1329 659 1581 716 temporibus
1615 675 1696 702 non
1729 661 1790 702 in·

12 742 130 778 cauta
178 735 277 777 mihi
328 735 442 777 valde
487 735 722 792 probantur.
780 734 934 790 Lepido
978 734 1142 790 quidem
1188 759 1244 764 -—-
1290 749 1384 776 nam
1418 734 1498 776 fere
1533 728 1792 792 συνδιημε-

11 807 230 868 ρεύομεν,
265 809 373 865 quod
406 809 680 864 gratissimum
714 808 773 850 illi
807 814 868 850 est
911 833 967 838 -
1003 823 1211 864 nunquam
1245 809 1399 864 placuit
1431 824 1481 850 ex
1514 808 1636 850 Italia
1667 810 1790 859 exire,

12 883 129 926 'Pullo
162 883 290 925 multo
323 883 471 924 minus.
505 881 656 925 Crebro
690 882 797 924 enim
831 881 941 923 illius
974 881 1112 923 literae
1156 880 1205 922 ab
1240 881 1330 923 aliis
1361 881 1412 923 ad
1445 897 1518 923 nos
1552 888 1792 924 commeant.

13 957 90 999 Sed
141 973 204 999 me
242 956 402 998 illorum
449 956 670 998 sententiae
715 956 850 997 minus
893 954 1110 997 movebant
1119 974 1129 1006 ;
1175 955 1311 997 minus
1344 956 1472 998 multa
1505 956 1700 998 dederant
1733 956 1793 998 illi

14 1031 71 1072 rei
106 1029 289 1086 publicae
324 1031 512 1086 pignora:
547 1036 618 1072 tua
651 1046 714 1072 me
749 1030 909 1072 hercule
943 1030 1160 1071 auctoritas
1197 1030 1450 1072 vehementer
1483 1037 1617 1072 movet
1631 1050 1642 1083 3
1679 1031 1793 1073 affert

15 1104 122 1146 enim
155 1110 196 1146 et
228 1104 371 1159 reliqui
405 1104 596 1160 temporis
629 1104 892 1160 recuperandi
925 1104 1122 1146 rationem
1156 1109 1196 1145 et
1227 1104 1450 1160 praesentis
1482 1104 1641 1146 tuendi.
1697 1104 1790 1155 Sed,

17 1176 179 1219 obsecro
212 1182 266 1229 te,
301 1177 400 1232 quid
434 1178 508 1219 hoc
555 1178 740 1220 miserius
773 1193 895 1233 quam
930 1177 1099 1218 alterum
1133 1177 1299 1233 plausus
1331 1177 1375 1219 in
1408 1177 1640 1220 foedissima
1673 1192 1794 1219 causa

14 1264 217 1305 quaerere,
252 1249 420 1292 alterum
455 1250 694 1292 offensiones
726 1250 769 1291 in
803 1250 981 1305 optima?
1014 1249 1185 1292 alterum
1219 1250 1440 1292 existimari
1473 1257 1791 1294 conservatorem

14 1324 283 1375 inimicorum,
319 1323 489 1366 alterum
522 1322 766 1365 desertorem
800 1323 1046 1364 amicorum?
1080 1324 1135 1364 Et
1157 1323 1383 1366 mehercule
1407 1325 1591 1379 quamvis
1615 1341 1793 1373 amemus

14 1397 194 1439 Gnaeum
237 1402 434 1449 nostrum,
476 1402 523 1439 ut
568 1402 608 1438 et
651 1396 820 1438 facimus
862 1401 903 1438 et
943 1395 1150 1448 debemus,
1196 1402 1332 1439 tamen
1376 1397 1467 1450 hoc,
1502 1399 1610 1454 quod
1643 1399 1793 1441 talibus

15 1472 110 1514 viris
142 1487 224 1514 non
257 1471 460 1523 subvenit,
493 1471 658 1513 laudare
691 1487 773 1513 non
808 1486 985 1526 possum.
1020 1471 1129 1512 Nam
1162 1471 1245 1513 sive
1278 1471 1432 1523 timuit,
1459 1471 1557 1527 quid
1579 1473 1794 1528 ignavius?

17 1547 114 1598 sive,
148 1550 196 1587 ut
230 1545 394 1600 quidam
425 1550 587 1602 putant,
620 1545 826 1587 meliorem
860 1561 975 1587 suam
1009 1560 1171 1587 causam
1202 1546 1364 1587 illorum
1409 1545 1530 1588 caede
1564 1546 1647 1589 fore
1679 1553 1794 1603 puta-

19 1618 92 1669 vit,
128 1619 227 1674 quid
256 1621 490 1663 iniustius?
535 1621 613 1663 Sed
646 1621 745 1663 haec
779 1620 1034 1672 omittamus3
1069 1635 1262 1676 augemus
1296 1620 1406 1662 enim
1439 1619 1616 1662 dolorem
1649 1625 1794 1662 retrac-

18 1692 155 1735 tando.
192 1696 233 1736 4.
269 1708 329 1737 VI.
364 1696 458 1738 Kal.
492 1696 646 1751 vesperi
680 1694 832 1736 Balbus
865 1695 996 1736 minor
1029 1694 1079 1736 ad
1114 1710 1175 1736 me
1211 1695 1334 1745 venit,
1369 1694 1525 1736 occulta
1551 1694 1612 1734 via
1631 1709 1796 1735 currens

61 1871 101 1902 19
124 1871 328 1903 retrectando
350 1890 391 1894 —
414 1871 454 1902 20
477 1880 645 1902 accurrens
669 1890 708 1894 -

22 2046 69 2072 est
84 2040 271 2081 promittere
293 2048 326 2070 se
348 2041 529 2080 ficturum.
557 2040 636 2072 Vid.
659 2042 700 2072 ad
723 2041 771 2072 11.
795 2040 845 2080 22,
869 2044 887 2074 3
908 2067 909 2070 ¹
936 2043 988 2075 bet
1010 2043 1189 2074 sollicitari.
1210 2043 1341 2076 Omissa
1353 2049 1400 2075 est
1416 2043 1506 2075 enim
1524 2042 1709 2074 enuntiatio
1721 2052 1797 2073 con-

22 2099 55 2126 et
87 2093 128 2125 cf.
150 2093 226 2124 Liv.
250 2092 326 2124 XL.
346 2093 396 2124 35.
419 2092 453 2123 Si
475 2103 572 2136 neque
594 2093 634 2124 de
647 2093 719 2135 fide
740 2095 887 2126 barbaro·
908 2104 910 2140 Ἰ
932 2097 1118 2128 ditionalis:
1140 2097 1168 2127 si
1192 2107 1251 2128 noa
1275 2097 1552 2135 conturbarentur,
1583 2096 1610 2126 si
1641 2099 1728 2128 certa
1752 2106 1798 2127 es-

21 2158 88 2179 rum
109 2146 274 2189 quidquam
298 2148 437 2189 recipere
458 2150 515 2179 aut
538 2148 697 2190 offirmare
728 2149 815 2180 nobis
831 2160 887 2190 po·
908 2162 911 2197 j
933 2154 1014 2182 sent.

21 2203 79 2232 les.
101 2219 141 2224 —
164 2202 277 2240 Vides,
303 2212 401 2243 quam
422 2206 510 2234 reete
544 2202 657 2233 omnia
686 2203 884 2243 procedant:
979 2204 1068 2246 Quae-
1089 2215 1161 2236 vero
1183 2205 1264 2236 SCta
1288 2204 1406 2236 video?
1430 2214 1531 2246 quam
1554 2203 1736 2235 honorifica.
1757 2205 1798 2235 de

25 2268 38 2280 ν
49 2253 191 2287 Obviam
228 2255 334 2286 ivistis
363 2254 507 2292 Caesari,
546 2254 626 2295 quid
655 2264 746 2286 nunc
779 2255 888 2295 ipsum
909 2292 910 2295 Ἰ
935 2258 1075 2290 Caesare
1097 2265 1130 2290 et
1152 2259 1250 2299 plane
1273 2260 1314 2290 ad
1336 2259 1406 2290 eius
1429 2258 1603 2289 arbitrium
1626 2257 1756 2298 scripta.

22 2309 202 2350 pollicenti,
225 2310 304 2351 quid
327 2309 450 2350 agenti,
474 2309 554 2349 quid
577 2313 689 2340 actm-o
699 2308 739 2339 ’δ”
760 2309 887 2340 Rursus
908 2303 911 2317 ¹
976 2311 1040 2343 Sed
1058 2313 1208 2352 apertius,
1231 2324 1321 2354 quam
1340 2322 1564 2353 proposueram
1580 2322 1615 2342 o:
1634 2312 1692 2343 sed
1709 2320 1798 2352 aper—

22 2362 99 2394 vide
121 2362 292 2403 vulgatam
323 2362 518 2394 lectionem:
561 2360 646 2402 Quid
673 2372 757 2392 nuno
788 2361 911 2407 ipsum,
938 2365 1002 2396 tius
1024 2366 1065 2396 de
1087 2365 1139 2396 his
1163 2365 1260 2397 rebus
1283 2366 1402 2403 scribo,
1425 2375 1525 2406 quam
1553 2365 1595 2396 ab
1622 2364 1718 2396 initio
1746 2364 1800 2395 de·

24 2413 106 2446 unde
127 2425 161 2446 se
181 2414 357 2455 recipienti,
379 2413 456 2455 quid
491 2414 610 2455 ayenii,
643 2413 720 2455 quid
747 2413 888 2445 acturo?
908 2408 912 2463 1
934 2427 1111 2449 creveram,

25 2467 58 2498 in
81 2478 146 2509 qua
167 2467 312 2509 primum
344 2466 482 2498 offendit
514 2477 545 2498 v.
574 2466 659 2508 quid,
691 2467 821 2498 diversa
854 2467 888 2497 vi
908 2477 912 2493 ¹
977 2471 994 2511 ξ
1017 2472 1046 2502 3.
1073 2471 1175 2513 stffert
1192 2489 1232 2493 —-
1246 2471 1360 2502 tuendi
1375 2481 1411 2503 οι
1436 2471 1474 2503 Si
1499 2477 1594 2502 tuum
1618 2471 1795 2502 eonsilium

25 2521 178 2561 positum,
213 2520 318 2552 semel
340 2526 377 2551 ut
400 2520 443 2551 sit
471 2515 532 2552 ὃιά
560 2531 609 2560 τι,
643 2526 715 2551 tum
749 2520 798 2551 bis
832 2530 887 2561 τις
909 2544 911 2581 Ι
934 2534 1060 2566 sequar,
1083 2531 1197 2566 potero
1220 2533 1253 2556 et
1276 2532 1405 2567 tempus
1427 2526 1517 2566 quod
1529 2535 1633 2567 paene
1649 2525 1796 2566 elapsum

26 2585 98 2610 tum
119 2579 257 2618 recipere
279 2587 313 2608 se
336 2587 376 2609 ea·
397 2576 504 2619 aliquo
532 2577 601 2608 loco
628 2577 738 2618 inepte
768 2577 889 2608 dieitur
909 2597 911 2625 ἦ

29 2634 70 2665 de
90 2634 232 2666 Caesare
254 2634 378 2665 victore
400 2633 441 2664 311
452 2633 569 2664 urbem
586 2633 770 2670 accedente,
784 2643 888 2673 quum
910 2630 911 2663 ζ

28 2687 112 2720 illud
134 2688 273 2719 verbum
295 2697 363 2718 non
386 2687 452 2718 nisi
473 2687 514 2718 de
536 2685 752 2727 fugientibus,
776 2690 833 2717 aut
847 2687 888 2718 de

27 2741 77 2780 iis,
102 2742 160 2783 qui
182 2751 226 2773 ex
247 2747 371 2773 terrore
400 2741 572 2782 respirant,
605 2745 798 2782 usurpetur:
835 2750 890 2781 po-

28 2801 151 2828 stremo
173 2795 259 2827 illud
279 2795 400 2826 falsum
423 2793 598 2826 Caesarem
612 2803 646 2825 se
658 2798 729 2825 tum
743 2793 888 2834 recipere

28 2858 46 2880 e
67 2848 147 2880 bello
170 2859 235 2880 cum
259 2847 376 2879 civibus
402 2849 502 2888 qesto,
537 2852 574 2878 ut
603 2846 773 2887 explicant
806 2846 890 2877 illud

27 2900 121 2932 unde.
142 2901 232 2932 Nam
253 2906 322 2932 erat
345 2900 380 2931 in
403 2899 512 2931 medio
534 2899 634 2930 bello.
672 2898 768 2936 Unde,
803 2898 892 2939 quod

30 2958 138 2984 tantas
160 2953 272 2984 turbas
294 2952 394 2990 dedit,
418 2958 528 2983 ortum
551 2956 600 2983 est
622 2961 640 2983 e
671 2961 769 2992 prava
803 2959 892 2991 repe-

30 3008 148 3040 titione
184 3009 325 3039 duarum
361 3007 543 3044 literarum,
579 3015 665 3047 quae
694 3006 893 3047 praecedens

33 3071 104 3093 voe.
125 3062 295 3093 claudunt.

934 2583 982 2609 cst
1004 2579 1045 2609 ad
1068 2588 1182 2618 pacem
1198 2574 1384 2610 faciendam
1396 2579 1554 2610 adhibere
1570 2586 1601 2609 et
1615 2578 1798 2619 periculum

934 2633 1020 2673 quod
1043 2633 1134 2663 adest
1156 2631 1271 2663 vitare.

980 2687 1139 2728 Quaerere
1165 2687 1354 2729 offensiones
1369 2688 1489 2719 dieitur
1507 2687 1695 2728 Pompeius,
1711 2687 1798 2728 quod

936 2741 1089 2772 homines
1111 2751 1130 2772 3
1152 2750 1186 2772 se
1209 2741 1388 2772 alienabat.

985 2794 1077 2831 Quod
1104 2794 1221 2825 talibus
1250 2794 1327 2824 viris
1360 2804 1421 2825 non
1450 2793 1602 2825 subvenit.
1627 2794 1677 2825 Cf.
1700 2803 1797 2835 supra

935 2847 976 2878 ad
998 2856 1046 2888 ep⁴
1071 2847 1100 2885 7,
1124 2847 1152 2878 1.

979 2899 1144 2932 Meliorem
1160 2899 1335 2940 -putavit
1351 2909 1384 2931 a:
1409 2899 1536 2941 putavit
1552 2899 1687 2931 illorum
1703 2899 1800 2931 caede

938 2952 1114 2985 Caesarem
1134 2953 1199 2984 sibi
1221 2953 1441 2984 conflaturum
1465 2953 1636 2984 invidiam.

981 3007 1000 3047 ξ
1022 3008 1053 3038 4.
1077 3006 1221 3038 currens.
1244 3006 1354 3047 Magis
1371 3006 1478 3047 placet
1491 3006 1630 3037 verbum
1645 3005 1799 3046 simplex,

942 3059 1032 3100 quod
1053 3059 1088 3090 in
1111 3059 1227 3091 eadem
1248 3068 1283 3090 re
1306 3059 1428 3099 legitur
1451 3057 1515 3089 IX.
1537 3059 1566 3096 2,
1590 3060 1619 3089 3.
1648 3064 1680 3089 ct
1712 3060 1741 3094 3,
1772 3058 1799 3094 l,

78 3113 195 3156 Quibus
216 3133 259 3138 —
272 3115 390 3156 posset.
412 3112 547 3154 Imperf.
570 3113 658 3144 coni.
680 3113 715 3144 in
731 3111 896 3144 sententia
942 3121 1044 3154 quam
1071 3113 1291 3155 compositum
1317 3123 1499 3151 accurrens,
1532 3113 1621 3154 quod
1654 3112 1800 3144 Orellius

32 3169 175 3201 relativa
203 3175 278 3211 post
310 3177 463 3210 praesens
493 3167 720 3199 conturbantur
749 3177 814 3198 non
843 3167 898 3198 de·
918 3204 920 3206 v
942 3166 1095 3207 reposuit,
1117 3176 1217 3207 quum
1241 3175 1258 3198 e
1282 3166 1371 3197 Med.
1388 3165 1525 3197 etlibris
1540 3164 1649 3198 Oxou.
1669 3172 1798 3195 notetur

1487 3218 1541 3259 2*

1815 966 1848 994 lo

1818 1342 1848 1367 15

1818 1705 1853 1730 20
