2062 3565
26 2331 30 2335 .
83 2304 126 2336 ad
156 2304 305 2336 Tulliam
337 2303 460 2341 referri,
495 2313 561 2335 non
595 2305 637 2335 ad
664 2314 846 2346 pronomen
879 2315 944 2347 eqo,

761 156 868 199 LIB.
903 158 955 199 X.
990 159 1074 200 ΕΡ.
1111 164 1150 200 S.
1753 167 1834 206 105

81 292 221 336 tricas!
255 296 432 346 quantus
465 298 599 333 autem
632 292 789 334 animus
822 293 866 334 in
899 293 1077 336 discessu
1111 298 1266 337 nostro!
1307 297 1360 337 L't
1378 302 1588 357 στοργῆς
1611 299 1663 340 sit
1685 283 1836 342 summa

82 362 330 418 σύντηξις,
376 369 512 406 tamen
555 379 628 406 nos
671 371 778 407 recte
820 366 946 408 facere
991 372 1031 409 et
1076 367 1177 409 bene
1218 369 1355 410 audire
1396 370 1496 412 vult.
1542 373 1611 413 10.
1654 373 1730 414 Sed
1767 373 1838 414 hae

81 451 198 494 super
239 450 281 478 re
324 436 458 488 nimis,
504 451 553 478 ne
595 452 722 479 meam
754 438 839 493 ipse
873 437 1200 496 συμπάθειαν
1232 441 1311 482 iam
1344 457 1517 484 evocem.
1566 445 1641 494 Tu,
1677 445 1708 486 si
1743 446 1839 500 quid

80 510 130 554 de
171 509 382 565 Hispaniis
425 511 572 552 certius
606 515 646 552 et
679 511 712 552 si
745 512 843 566 quid
877 513 1001 562 aliud,
1036 513 1132 554 dum
1166 514 1370 565 adsumus,
1406 516 1554 558 scribes
1586 522 1627 558 et
1659 533 1732 572 ego
1766 520 1842 560 for-

52 607 60 610 >
80 589 185 628 tasse
228 582 438 625 discedens
481 583 586 626 dabo
620 584 669 626 ad
702 590 742 626 te
775 586 942 641 aliquid,
977 602 1022 627 co
1056 587 1176 628 etiam
1210 588 1350 642 magis,
1386 589 1491 642 quod
1525 590 1657 632 Tullia
1689 597 1727 631 tc
1762 607 1841 633 non

0 708 13 716 ρ
37 654 46 659 ’
82 644 252 715 Ρῐιῶὺειῢ
284 655 360 697 hoc
392 661 570 712 tempore
604 672 651 698 ex
685 657 818 699 Italia.
859 658 960 700 Cum
995 659 1174 701 Antonio
1208 660 1302 701 item
1336 666 1397 702 est
1427 662 1640 716 agendum,
1674 670 1720 705 ut
1752 680 1843 706 cum

81 729 269 780 Curione,
303 728 468 771 Melitae
500 744 563 770 me
598 729 697 771 velle
731 745 829 781 esse,
865 731 958 772 huic
992 731 1096 773 bello
1129 732 1231 773 nolle
1265 733 1471 775 interesse.
1518 736 1576 776 Eo
1610 736 1725 778 velim
1761 744 1842 778 tam

20 794 29 800 ⁹
81 801 189 845 facili
235 802 294 843 uti
339 817 453 858 posse
497 807 538 844 et
572 808 652 844 tam
688 801 793 844 bono
826 804 868 845 in
900 819 962 846 me
996 820 1116 860 quam
1150 805 1336 847 Curione.
1387 807 1428 848 Is
1461 807 1508 848 ad
1545 808 1747 850 Misenum
1782 823 1842 852 vt.

18 869 42 886 ‘⁶
80 877 221 919 Nonas
253 881 448 918 venturus
482 876 705 927 dicebatur,
740 876 782 918 id
815 882 875 918 est
909 877 1041 928 hodie,
1077 878 1145 919 sed
1180 880 1385 934 praemisit
1408 880 1507 922 mihi
1531 881 1686 923 odiosas
1710 883 1843 925 literas

5 948 33 1005 1'.
80 950 156 992 hoc
188 949 370 1005 exemplo
386 967 393 990 ε

946 1059 993 1093 Α.

292 1143 556 1181 ANTONIUS
585 1144 718 1182 TRIB.
751 1144 822 1182 PL.
853 1143 952 1182 PRO
981 1144 1058 1182 PR.
1088 1145 1334 1182 CICERONI
1366 1146 1472 1183 IMP.
1505 1149 1539 1184 S.
1575 1148 1617 1183 l).

143 1234 182 1274 1.
217 1232 310 1274 Nisi
343 1237 383 1274 te
416 1232 530 1275 valde
565 1248 754 1285 amarem,
799 1238 839 1276 et
871 1235 1000 1276 multo
1034 1235 1195 1291 quidem
1227 1236 1331 1292 plus,
1367 1252 1485 1292 quam
1520 1245 1565 1280 tu
1597 1245 1728 1294 putas,
1764 1255 1844 1281 non

21 1303 30 1340 ²-
81 1305 356 1347 extzimuissem
398 1320 614 1357 rumorem,
659 1306 730 1362 qui
770 1306 819 1348 de
862 1312 902 1348 te
946 1308 1125 1363 prolatus
1169 1315 1242 1360 est,
1278 1325 1403 1365 quum
1437 1312 1666 1377 prafertim
1701 1311 1846 1353 falsum

27 1391 29 1393 ’
78 1393 164 1421 esse
196 1379 480 1422 existimarem.
516 1379 594 1422 Sed
628 1380 724 1435 quia
756 1386 796 1422 te
828 1381 954 1422 nimio
987 1381 1078 1437 plus
1112 1382 1250 1437 dilige,
1286 1398 1366 1424 non
1399 1399 1562 1438 possum
1596 1383 1844 1425 dissimulare

78 1451 181 1493 mihi
209 1450 355 1494 famam
389 1467 564 1509 quoque,
599 1454 780 1509 quamvis
814 1454 868 1495 sit
900 1453 1012 1505 falsa,
1049 1456 1184 1510 magni
1217 1471 1316 1497 esse.
1350 1457 1404 1497 Te
1437 1457 1590 1498 iturum
1606 1462 1715 1498 trans
1739 1472 1845 1498 mare

80 1524 240 1566 credere
287 1540 370 1567 non
414 1541 591 1582 possum,
637 1542 760 1582 quum
803 1527 909 1568 tanti
952 1527 1074 1569 facias
1124 1527 1373 1570 Dolabellam
1417 1535 1457 1570 et
1505 1529 1675 1572 Tulliam
1718 1536 1844 1580 tuam,

79 1598 586 1650 ἔθι11111311υ1θο1315311113111,
630 1600 815 1656 tantique
856 1599 906 1642 ab
952 1600 1139 1643 omnibus
1171 1601 1289 1643 nobis
1322 1603 1406 1653 fias,
1441 1603 1588 1658 quibus
1622 1603 1845 1645 mehercule

80 1672 257 1728 dignitas
299 1672 604 1729 amplitudoque
647 1678 717 1715 tua
760 1689 885 1730 paene
933 1675 1060 1716 carior
1105 1682 1166 1717 est
1199 1691 1315 1731 quam
1350 1675 1426 1717 tibi
1459 1676 1550 1732 ipsi.
1601 1676 1678 1718 Sed
1711 1681 1846 1717 tamen

78 1761 161 1788 non
192 1761 282 1788 sum
315 1745 531 1789 arbitratus
565 1762 649 1789 esse
684 1748 803 1790 amici
834 1763 917 1790 non
950 1750 1190 1790 commoveri
1212 1751 1332 1792 etiam
1355 1750 1628 1806 improborum
1651 1762 1843 1798 sermone,

125 1928 141 1960 l
163 1927 218 1960 Sit
239 1931 390 1976 στοργῆς
416 1929 490 1961 licet
512 1940 631 1962 summa
654 1948 694 1954 —
717 1930 735 1961 8
759 1930 806 1960 uti
826 1939 949 1972 possem
969 1949 1010 1954 —

82 2089 160 2120 Non
182 2090 309 2131 reperio
331 2091 421 2131 quod
442 2089 594 2129 scribam,
618 2091 680 2124 etsi
703 2091 788 2123 nihil
801 2098 869 2123 tam
880 2092 944 2124 fuit
990 2095 1225 2128 Lahmeierum
1254 2097 1288 2127 in
1320 2095 1442 2127 Philol.
1471 2095 1570 2127 XXI.
1599 2106 1629 2136 p.
1653 2096 1712 2126 290
1749 2105 1847 2136 seqq„

81 2142 293 2174 scribendum
314 2147 376 2174 cet.
398 2143 521 2175 Melius
542 2148 667 2176 sta-rent
690 2150 763 2186 post
784 2145 859 2177 illa:
877 2145 944 2177 Tibi
963 2157 965 2189 :¹
989 2149 1046 2190 qui
1069 2155 1155 2181 recte
1178 2150 1323 2181 vindicat
1351 2149 1545 2190 scripturam
1568 2149 1729 2180 bonorum
1751 2149 1849 2180 libro·

81 2195 147 2227 tint
167 2195 271 2227 omnia
291 2195 516 2227 commendata-
963 2194 965 2224 ἶ
988 2214 1064 2235 rum
1086 2204 1121 2235 in
1145 2204 1214 2236 Cat.
1237 2204 1284 2235 M.
1308 2204 1349 2235 32
1370 2204 1479 2234 vellem
1501 2203 1638 2245 equidem
1660 2203 1740 2234 idem
1757 2212 1849 2243 posse

126 2249 221 2280 Cuius
253 2249 375 2291 quidem
405 2249 505 2280 virtus
533 2249 675 2291 mirzfica.
705 2250 835 2282 Debent
864 2251 945 2283 haec
963 2232 966 2272 l
986 2256 1132 2295 stay-iuri,
1162 2266 1265 2297 quum
1295 2256 1351 2287 alii
1379 2257 1459 2287 (lent
1482 2265 1614 2296 possem.
1639 2256 1678 2287 In
1701 2265 1790 2296 seqq.
1814 2254 1849 2285 Is

963 2278 966 2355 l
990 2308 1104 2340 referri
1126 2309 1224 2341 debet
1245 2309 1286 2340 ad
1308 2309 1488 2346 Antonium,
1518 2318 1583 2340 non
1614 2309 1655 2339 ad
1678 2307 1850 2339 Curionem.

84 2356 175 2398 quod
195 2355 347 2397 proxime
369 2356 543 2397 praecedit.
579 2356 619 2388 Id
640 2362 765 2388 mutata
787 2357 967 2410 distincti-¹!
1034 2361 1218 2392 Ais-Toxlus
1249 2370 1338 2393 rma.
1368 2368 1422 2393 PL.
1452 2370 1520 2392 PRO
1552 2369 1605 2392 PR.
1631 2360 1751 2392 Contra
1774 2370 1849 2390 con-

84 2418 148 2442 one
169 2409 324 2442 indicavi·
964 2413 967 2441 l
991 2415 1200 2447 suetudinem
1222 2416 1269 2446 M.
1294 2415 1462 2447 Antonius
1484 2415 1549 2446 duo
1568 2423 1704 2446 munera
1720 2413 1848 2454 publica

129 2461 168 2492 Ut
189 2463 339 2507 στοργῆς
364 2461 406 2492 ὃὶί
428 2471 546 2493 Summa
567 2460 742 2502 σύντηξῑς,
759 2465 862 2494 lamen
881 2468 941 2495 cet·
994 2468 1187 2500 cumulavit.
1227 2467 1341 2508 Quum
1376 2473 1462 2500 esset
1496 2468 1556 2499 illo
1585 2476 1672 2498 anno
1700 2466 1849 2497 tribunus

84 2518 178 2550 Haec
203 2518 305 2550 verba
327 2527 369 2550 ex
398 2528 472 2550 mea
493 2519 724 2551 emendatione
746 2519 845 2560 plane
868 2529 942 2551 ean·
994 2522 1110 2564 plebis,
1141 2532 1159 2553 a
1190 2521 1328 2554 Caesare
1357 2521 1392 2553 in
1427 2521 1605 2563 Hispanias
1627 2520 1850 2561 proficiscente

84 2572 161 2604 dem
181 2572 262 2603 dant
283 2572 491 2610 sententiam,
515 2582 615 2613 quam
637 2573 725 2614 quod
747 2573 838 2604 dedit
850 2572 943 2606 Orel-
996 2585 1056 2618 pro
1078 2579 1226 2616 praetore
1247 2575 1283 2606 in
1305 2575 1403 2606 Italia
1425 2575 1558 2606 relictus
1580 2580 1639 2611 est,
1657 2573 1708 2604 vel
1725 2579 1759 2604 ut
1775 2573 1848 2603 scri-

86 2623 166 2656 lius:
197 2624 246 2655 Sit
273 2627 422 2672 στοργῆς
460 2624 535 2656 licet
566 2635 683 2656 summa
727 2636 840 2666 συντ.,
887 2627 945 2657 sed
968 2660 972 2666 ⁸
996 2628 1043 2659 bit
1071 2627 1271 2658 Plutarchus
1302 2627 1336 2658 in
1366 2627 1448 2658 Ant.
1480 2627 1498 2657 6
1529 2625 1648 2658 Caesar
1681 2619 1847 2668 ’Δντωνίῳ

86 2681 193 2713 multo
219 2681 330 2714 minus
358 2683 517 2714 recedunt
547 2692 566 2713 a
587 2683 658 2714 cod.
681 2682 728 2714 M.
752 2682 786 2714 in
809 2692 875 2724 quo
897 2688 945 2714 est
994 2678 1234 2728 δημαρχοῦντι
1282 2679 1326 2716 τά
1383 2680 1626 2726 στρατεύματα
1680 2677 1737 2711 καὶ
1785 2677 1846 2714 τὴν

86 2733 130 2764 sit
151 2736 300 2780 στοργῆς
327 2735 371 2766 sit
391 2744 509 2765 summa
533 2746 629 2767 συντ.
661 2734 764 2766 Vides
785 2744 886 2776 quam
901 2735 946 2766 fa-
991 2729 1142 2770 Ἰταλίαν
1170 2735 1363 2783 ἐπέτρεψεν.

85 2789 149 2821 cile
170 2792 206 2820 ut
226 2789 262 2821 in
283 2790 327 2821 sit
348 2790 519 2831 depravari
541 2790 692 2831 potuerit.
967 2786 971 2825 Ῑ
1036 2794 1055 2834 ξ
1078 2793 1107 2824 1.
1130 2793 1200 2825 Non
1217 2793 1423 2824 extimuissem
1440 2802 1589 2824 rumorem
1610 2806 1622 2816 n
1635 2801 1667 2822 a:
1683 2801 1748 2821 uon
1761 2800 1846 2821 com-

130 2843 149 2882 §
171 2843 222 2874 10.
243 2842 373 2874 Evocem
387 2852 418 2873 οε
437 2843 591 2880 excitem,
603 2843 744 2874 eliciam.
759 2842 946 2875 Gronovius
993 2851 1101 2877 motus
1124 2845 1259 2878 fuissem
1281 2855 1411 2877 rumore
1433 2846 1473 2876 de
1495 2850 1526 2876 te
1548 2842 1717 2884 vulgato.''
1746 2841 1845 2873 Grou.

87 2891 207 2932 laudat,
237 2903 321 2935 quae
351 2894 479 2926 monuit
507 2895 548 2926 ad
577 2894 723 2927 Senecae
748 2904 797 2936 ep.
821 2895 872 2933 47,
897 2895 946 2932 17,
1036 2899 1119 2930 mhi
1131 2900 1257 2939 famam
1286 2910 1410 2941 quoque,
1444 2898 1581 2941 quamvis
1602 2897 1644 2928 sit
1659 2897 1848 2937 sal-samaq-

27 2947 30 2956 ’
89 2947 147 2978 ubi
167 2951 217 2979 est
236 2947 318 2979 iram
340 2958 478 2979 evocare.
994 2951 1028 2982 ni
1050 2962 1128 2984 esse.
1176 2952 1275 2991 Quod
1306 2957 1462 2993 tanquam
1497 2960 1515 2982 e
1548 2951 1640 2982 codd.
1675 2949 1744 2980 XZ.
1777 2958 1846 2989 pro-

128 2999 174 3032 E'o
205 3001 297 3032 velim
332 3019 375 3025 —
398 3011 504 3042 posse.
537 3000 662 3034 Omnes
688 3013 811 3044 possem
833 3009 949 3035 contra
994 3005 1072 3036 tulit
1093 3006 1213 3037 Bosius
1234 3006 1501 3046 supplementum
1523 3009 1594 3045 post
1606 3003 1709 3043 falsa,
1723 3001 1845 3042 falsum

88 3054 250 3085 sermonis
265 3055 365 3096 leges.
389 3054 469 3086 Post
481 3055 557 3092 volo,
569 3055 670 3093 velim,
681 3056 804 3088 similia
814 3057 948 3098 quando
994 3067 1172 3098 aqnoscere,
1202 3058 1319 3090 merito
1348 3063 1493 3098 spretum
1514 3062 1573 3087 est.
1604 3055 1702 3086 Recte
1724 3054 1846 3084 dicam:

90 3107 276 3140 subiectum
297 3109 376 3139 novi
398 3108 490 3139 verbi
512 3108 599 3140 idem
623 3113 680 3148 est,
707 3110 856 3151 sequitur
877 3110 948 3141 infi-
995 3109 1092 3147 fama,
1115 3119 1198 3150 quae
1230 3110 1270 3140 de
1304 3116 1335 3141 te
1366 3108 1476 3146 fertur,
1507 3107 1649 3139 multum
1681 3106 1765 3147 apud
1795 3114 1847 3136 me

91 3159 225 3199 nitivus,
255 3161 290 3193 in
319 3172 385 3204 quo
415 3163 603 3204 reponendo
632 3163 750 3195 ducem
783 3163 886 3195 habui
907 3162 947 3195 G.
996 3164 1092 3201 valet,
1124 3163 1274 3206 quamvis
1308 3163 1347 3194 sit
1380 3163 1476 3199 falsa
1510 3172 1576 3193 non
1606 3160 1712 3192 minus
1736 3164 1840 3191 recte:

1864 973 1899 999 10

1867 1469 1899 1495 15
