2062 3565
178 160 265 200 244
573 159 656 200 ΕΡ.
692 158 767 199 ΑΙ)
800 158 847 199 T.
881 156 1231 201 POMPONIUM
1265 159 1530 203 ATTICUM.

175 299 294 336 tanus
328 309 445 349 quam
480 293 619 334 consul
652 293 898 335 Mummius:
933 308 1015 334 non
1048 308 1143 335 sane
1166 294 1349 349 quadrat.
1386 296 1487 337 Volo
1511 297 1685 352 aliquem
1708 299 1734 343 †
1749 298 1936 354 Olympia

177 374 245 409 aut
278 367 347 408 ubi
380 368 510 408 visum
543 363 803 410 πολιτικὸν
838 363 1097 426 σύλλογον,
1131 383 1239 410 more
1272 369 1524 421 Dicaearchi,
1557 370 1765 413 familiaris
1796 372 1873 413 tui.

211 529 227 564 ἤ·
251 525 394 567 Olympia
416 529 472 557 aut
503 528 553 558 ubi
584 528 691 563 visum.
739 545 751 555 a
766 531 867 562 Recte
899 532 934 562 in
969 532 1031 563 hoc
1080 533 1263 574 Aptissime
1303 543 1382 564 sane
1410 535 1550 575 fingeret
1579 534 1756 565 consilium
1787 533 1874 566 illud
1899 534 1934 566 in

170 580 274 611 haesit
295 580 494 613 Lambinus:
521 593 600 613 nam
621 583 757 616 deberet
778 595 849 617 esse
874 600 888 612 n
902 588 958 616 aut
980 585 1031 616 ubi
1078 588 1206 619 Isthmo
1234 587 1420 619 deliberans
1450 589 1490 620 de
1518 588 1616 620 rebus
1648 589 1799 629 publicis.
1841 589 1934 621 Haec

169 633 258 673 (tibi)
282 634 379 664 visum
401 633 461 664 erit
483 635 536 666 vel
559 634 724 668 videbilur.
746 637 947 669 Emendavit
970 639 1034 679 igi-
1079 647 1190 673 autem
1221 637 1281 673 διὰ
1309 640 1457 686 σημείων
1486 642 1606 683 scripta
1640 640 1706 683 (ep.
1740 641 1790 680 32,
1825 642 1858 684 3)
1893 643 1934 673 ab

167 694 234 720 tur:
259 692 314 719 aut
338 689 444 721 ubivis.
467 689 534 722 Sed
554 691 617 722 hoc
629 692 728 723 nimis
745 693 948 725 i11finituln.⁸'
972 694 1028 726 Sic
1077 698 1156 740 ipsis
1178 699 1284 730 Attici
1307 698 1450 730 librariis
1482 699 1617 731 fortasse
1654 699 1740 732 male
1771 699 1935 740 explicata

167 742 241 772 adn.
264 741 408 774 Orellius
433 743 468 774 in
491 744 567 775 edit.
590 745 707 785 priore,
741 748 797 788 qui
819 748 954 788 putabat
976 747 1028 779 Ci-
1074 758 1161 783 sunt.

165 805 319 827 ceronem
341 796 525 837 scripsisse:
556 797 630 828 Volo
653 798 795 839 aliquem,
814 794 1026 846 Ὀλυμπίασι
1115 805 1206 837 More
1228 806 1431 844 Dicaearchi,
1455 807 1513 847 qui
1527 807 1699 848 scripserat
1713 807 1818 838 tribus
1839 807 1934 839 libris

164 851 246 890 πολ.
276 851 394 895 mixi„
443 853 571 894 reliqua
608 853 835 895 interpolatori
867 858 1024 889 tribuens.
1072 870 1259 892 sermonem
1283 860 1435 892 Corinthi
1456 861 1620 899 habitum,
1642 861 1741 893 Tuse.
1756 861 1785 892 Ι.
1804 861 1854 900 21,
1867 866 1934 893 tres

164 910 236 951 Ego
258 916 339 952 puto
362 910 557 943 Ciceronem
579 913 707 943 dedisse
720 913 846 953 potius:
877 912 952 943 Volo
964 911 1023 943 ali·
1071 915 1181 952 libros,
1199 916 1256 956 qui
1270 915 1425 946 Lesbiaci
1440 915 1652 953 vocabantur,
1665 914 1807 952 ibid.77‚
1819 914 1933 956 Olym-

163 973 248 1003 quem
281 962 469 1005 Olympicum
498 966 555 995 aut
583 963 768 995 Isthmicum
802 962 884 999 πολ.
915 962 1020 998 min.
1070 969 1191 1010 picum,
1215 968 1344 1000 Athen.
1368 967 1467 1000 XIV.
1490 979 1520 1009 p.
1545 968 1606 1000 620
1628 967 1668 999 D.

741 1099 898 1140 XXXI.
966 1099 1031 1152 (A.
1074 1099 1119 1140 U.
1159 1100 1200 1140 C.
1239 1099 1356 1153 709.)

225 1222 263 1263 l.
308 1236 349 1263 v.
393 1223 487 1265 Kal.
532 1239 648 1266 mane
692 1226 827 1281 accepi
861 1242 883 1267 a
917 1226 1067 1268 Demea
1098 1227 1234 1268 literas
1267 1226 1395 1282 pridie
1430 1226 1558 1277 datas,
1593 1241 1642 1267 ex
1676 1225 1826 1280 quibus
1859 1229 1930 1267 aut

160 1294 277 1337 hodie
324 1301 394 1337 aut
439 1312 524 1339 cras
569 1305 798 1354 exspectare
841 1307 881 1341 te
925 1300 1125 1342 deberem.
1176 1300 1268 1353 Sed,
1314 1308 1361 1342 ut
1406 1301 1562 1356 opinor,
1595 1299 1703 1341 idem
1736 1314 1823 1354 ego,
1859 1299 1928 1354 qui

158 1376 343 1425 exspecto
388 1376 505 1412 tuum
551 1371 782 1424 adventum,
828 1373 1012 1415 morabor
1054 1380 1108 1416 te.
1154 1375 1250 1416 Non
1293 1375 1400 1416 enim
1445 1380 1543 1430 puto
1576 1377 1659 1414 tam
1694 1372 1926 1429 expeditum

124 1458 138 1482 5
158 1441 425 1484 Faberianum
459 1446 663 1500 negotium
698 1446 879 1488 futurum
917 1473 972 1477 —
1008 1448 1128 1488 etiam
1162 1448 1195 1489 si
1219 1455 1280 1489 est
1302 1447 1485 1488 futurum
1510 1472 1583 1498 —‚
1607 1453 1653 1487 ut-
1675 1463 1758 1489 non
1776 1446 1926 1489 habeat

157 1516 310 1571 aliquid
342 1533 488 1559 morae.
523 1519 659 1571 Quum
694 1520 843 1574 poteris
876 1520 1014 1574 igitur,
1051 1521 1240 1575 quoniam
1275 1519 1495 1561 etiamdum
1528 1518 1637 1560 abes.
1672 1523 1713 1561 2.
1739 1520 1926 1562 Dicaear-

157 1591 236 1643 chi,
283 1607 381 1647 quos
425 1592 580 1645 scribis,
626 1593 748 1635 libros
783 1609 876 1634 sane
911 1594 1029 1635 velim
1064 1595 1220 1636 mittas:
1257 1593 1380 1636 addas
1414 1594 1535 1636 etiam
1569 1589 1920 1650 καταβάσεως.

157 1669 198 1707 3.
233 1667 293 1708 De
327 1667 495 1723 epistola
528 1666 577 1708 ad
612 1666 834 1718 Caesarem,
870 1666 1092 1727 κέκρικα.
1141 1670 1273 1723 Atque
1306 1668 1348 1710 id
1381 1669 1528 1724 ipsum,
1564 1667 1671 1722 quod
1703 1668 1774 1709 isti
1808 1667 1924 1709 aiunt

155 1740 268 1782 illum
303 1740 474 1783 scribere
508 1756 548 1782 se
582 1740 660 1781 nisi
694 1741 926 1783 constitutis
959 1741 1080 1783 rebus
1113 1758 1193 1783 non
1226 1743 1379 1784 iturum
1412 1742 1456 1783 in
1490 1739 1673 1792 Parthos,
1708 1739 1814 1781 idem
1848 1755 1921 1795 ego

106 1831 139 1858 10
156 1814 373 1856 suadebam
415 1815 458 1855 in
503 1813 572 1855 illa
616 1813 804 1869 epistola:
851 1815 928 1866 sin,
972 1820 1108 1856 utrum
1141 1816 1284 1858 liberet
1316 1816 1459 1866 facere,
1493 1830 1607 1870 posse
1641 1816 1711 1870 (se)
1744 1818 1920 1855 auctore.

159 1888 248 1930 Hoc
291 1888 397 1930 enim
442 1886 508 1928 ille
552 1891 757 1942 exspectat
801 1886 986 1929 videlicet
1026 1904 1156 1944 neque
1200 1894 1260 1931 est
1293 1889 1472 1930 facturus
1506 1887 1725 1944 quidquam
1758 1888 1838 1930 nisi
1870 1887 1920 1929 de

158 1977 245 2003 meo
289 1961 469 2003 consilio.
518 1960 708 2012 Obsecro,
754 1959 990 2003 abiiciamus
1035 1963 1111 2004 ista
1145 1968 1184 2005 et
1217 1962 1433 2005 semiliberi
1466 1962 1606 2005 saltem
1640 1962 1778 2014 simus,
1813 1960 1920 2017 quod

157 2049 413 2089 assequemur
445 2039 486 2075 et
517 2033 686 2075 tacendo
720 2039 760 2075 et
792 2034 967 2076 latendo.
1005 2039 1045 2076 4.
1080 2036 1157 2078 Sed
1191 2037 1405 2092 aggredere
1439 2035 1656 2087 Othonem,
1681 2041 1729 2077 ut
1751 2035 1893 2078 scribis
1906 2053 1918 2087 ;

156 2108 319 2159 confice,
363 2107 419 2149 mi
464 2108 613 2159 Attice,
657 2108 775 2149 istam
819 2123 901 2149 rem
915 2127 926 2160 3
977 2109 1079 2150 nihil
1112 2110 1219 2152 enim
1253 2110 1363 2152 aliud
1395 2110 1549 2166 reperio
1582 2108 1654 2150 ubi
1687 2114 1728 2151 et
1755 2111 1800 2151 in
1832 2109 1917 2150 foro

99 2201 133 2228 15
154 2197 236 2223 non
269 2182 344 2223 sim
377 2187 417 2223 et
448 2187 581 2223 tecum
615 2196 698 2223 esse
730 2182 893 2237 possim.
925 2182 1079 2234 Quanti
1113 2189 1262 2235 autem,
1297 2184 1371 2225 hoe
1407 2183 1506 2225 mihi
1529 2183 1704 2224 venitin
1727 2186 1916 2224 mentem.

1126 2306 1144 2315 ν

195 2333 212 2366 7
235 2332 325 2364 velim
348 2333 389 2363 mi
411 2333 518 2364 mittas
539 2351 579 2356 ——-
603 2335 621 2365 8
646 2337 662 2373 †
686 2336 910 2368 KEKIBIKA.
937 2355 977 2359 -
1002 2337 1040 2368 10
1059 2346 1159 2376 posse,
1182 2338 1311 2367 auctore
1334 2346 1388 2366 me.
1412 2353 1451 2358 —-

195 2480 214 2519 ἓ
237 2479 266 2510 1⁴
288 2477 476 2517 Eliamduffl
506 2480 594 2520 QUOd
617 2490 634 2511 θ
666 2481 828 2512 salmonis
861 2481 1008 2521 vulgaris
1059 2490 1162 2521 tentia
1183 2495 1256 2526 stat,
1276 2497 1413 2529 eamque
1426 2497 1495 2518 non
1508 2486 1649 2518 mittam.
1673 2485 1801 2517 Eodem
1811 2484 1914 2517 verbo

153 2541 213 2563 usu
235 2532 270 2563 in
294 2531 414 2563 fabulis
436 2533 637 2564 comicorum
649 2540 805 2574 superest,
819 2534 853 2564 in
870 2534 1008 2575 epistola
1030 2569 1031 2572 ,
1057 2544 1159 2574 utitur
1193 2542 1356 2574 Corellius
1385 2541 1472 2583 apud
1500 2540 1648 2572 Plinium
1681 2539 1783 2580 Epist.
1811 2538 1840 2569 1.
1863 2538 1912 2576 12,

151 2585 307 2616 familiari
328 2591 416 2617 recte
437 2587 527 2627 poni,
550 2592 582 2617 et
596 2596 665 2618 esse
679 2588 788 2619 ‘adhuc
817 2587 952 2619 Handio
972 2589 1006 2619 in
1029 2605 1031 2634 ⁴,
1057 2599 1184 2630 medico
1214 2598 1325 2629 cibum
1362 2596 1561 2633 admoventi,
1600 2604 1700 2636 quem
1729 2593 1911 2632 recusabat,

151 2639 247 2670 Turs.
272 2639 319 2670 II.
343 2639 404 2671 323
427 2640 676 2672 concedendum
697 2641 837 2672 videtur.
872 2641 914 2671 ln
937 2650 1006 2672 ver·
1028 2638 1031 2663 Ι
1055 2651 1118 2683 hoe
1142 2661 1246 2683 unum
1267 2651 1396 2682 fficens:
1421 2648 1571 2694 κέκρικα,

152 2692 200 2724 bis
223 2703 241 2724 e
265 2692 332 2725 Cic·
357 2694 399 2725 de
421 2692 511 2726 orat·
534 2694 580 2724 Π·
605 2694 643 2724 12
668 2699 699 2725 ⁰¹³
720 2694 798 2725 Tac·
820 2694 914 2725 Aml-
936 2695 963 2725 Ῑ·
987 2695 1005 2725 3
1028 2708 1029 2715 ¹
1095 2707 1160 2746 Sin,
1183 2711 1286 2739 utrum
1308 2707 1418 2738 liberet
1432 2707 1556 2748 facere,
1576 2714 1669 2747 posse
1685 2715 1719 2736 se
1734 2705 1907 2735 auctorem

150 2746 195 2777 ibi
218 2746 325 2778 citatis
348 2746 443 2777 etiam
465 2749 527 2777 tum
551 2756 627 2778 vere
649 2753 832 2778 correctum
856 2754 913 2779 est.
1027 2751 1029 2759 '
1054 2764 1111 2794 sed
1132 2763 1159 2794 si
1182 2763 1383 2793 contrarium
1406 2762 1604 2798 decerneret,
1629 2769 1691 2801 ego
1713 2768 1781 2790 non
1803 2757 1907 2789 obsta.

189 2800 207 2840 ξ
230 2800 259 2831 2.
290 2799 386 2831 Velim
408 2799 527 2831 mittas.
538 2800 661 2842 Scripsi
674 2806 840 2842 expuncto
852 2801 902 2839 mi,
915 2802 1004 2842 quod
1026 2797 1029 2818 ²
1055 2820 1148 2856 bam;
1173 2825 1284 2850 utrum
1315 2818 1424 2856 venet,
1454 2816 1575 2849 faceret
1603 2826 1700 2847 suum
1727 2813 1906 2846 consilium

145 2864 265 2897 pravae
288 2856 505 2896 geminationi
527 2857 639 2888 deberi
663 2858 781 2888 indico·
815 2857 892 2888 Non
915 2858 1003 2888 addi·
1026 2859 1029 2895 =¹
1054 2879 1196 2905 secutus.
1210 2872 1324 2904 Cicero
1338 2872 1472 2903 nolebat
1488 2870 1621 2903 Caesari
1629 2868 1805 2901 consilium
1819 2869 1906 2899 dare.

146 2914 199 2939 tur
221 2918 270 2949 ep.
294 2918 361 2949 seq.
386 2909 404 2949 ξ
427 2909 455 2940 2.
646 2961 652 2967 ὓ
1026 2905 1029 2945 i
1055 2929 1221 2958 Auctorem
1251 2926 1286 2957 in
1322 2926 1412 2957 Med.
1441 2925 1525 2956 bene
1555 2927 1737 2955 correctum
1773 2926 1822 2953 est
1852 2930 1906 2952 ex·

186 2958 434 3006 Καταβάσέως·
464 2962 607 3019 menum
630 2962 707 2993 hbri
729 2963 874 2994 indicem
897 2973 1002 2995 Sffl'va'
1025 2956 1028 3004 ἕ
1052 2988 1173 3024 puncta
1194 2982 1312 3012 ultima
1334 2981 1440 3012 litera.
1478 2980 1591 3020 Vulgo
1622 2979 1746 3010 editur:
1778 2979 1906 3008 auctore

143 3017 192 3048 vit
214 3017 408 3050 Athenaeus
419 3021 497 3064 περὶ
524 3019 586 3054 τῆς
613 3014 644 3055 ἐς
671 3016 865 3063 Τροφωνίου
894 3028 1001 3049 κατα·
1050 3045 1110 3068 me·
1130 3035 1259 3066 Verum
1281 3039 1362 3075 puto
1383 3044 1416 3065 33
1440 3035 1577 3064 auctore.

1091 3087 1272 3119 Semiliberi.
1293 3087 1388 3118 Idem
1403 3085 1600 3117 vocabulum
1611 3088 1758 3125 superest
1772 3082 1806 3114 in
1820 3081 1904 3123 frag-

1050 3146 1163 3173 mento
1183 3140 1340 3182 epistolae
1363 3138 1531 3171 Ciceronis
1542 3138 1585 3169 ad
1594 3136 1726 3169 Axium
1741 3135 1799 3175 (sic
1814 3135 1905 3167 enim

1050 3196 1284 3236 corrigendum
1308 3194 1447 3232 videtur,
1471 3194 1558 3234 quod
1580 3192 1613 3223 in
1637 3191 1707 3223 cod.
1729 3189 1843 3222 Guelf.
1856 3194 1905 3221 est

144 3080 292 3126 βάσεως.

187 3136 204 3177 ξ
227 3139 256 3167 3.
282 3136 429 3182 Κέκρικα
445 3148 504 3179 pro
517 3139 723 3178 KEKBIKA,
737 3145 772 3171 ut
788 3145 837 3171 est
852 3138 886 3170 in
902 3140 950 3170 M.
965 3140 1000 3177 Z,

143 3192 327 3227 Lambinus
358 3195 507 3227 rest-ituit.
530 3193 677 3238 Κέκρικα
700 3204 734 3225 0:
767 3194 906 3230 decrevi,
931 3203 1000 3225 sen-
1021 3215 1023 3217 .
