2062 3565
58 963 91 988 10

121 162 202 201 170
516 161 599 201 ΕΡ.
634 160 709 199 ΑΙ)
743 159 787 199 Τ.
823 157 1172 198 POMPOML'M
1207 157 1469 198 ATTICUM.

115 297 157 337 in
190 302 379 347 extremo,
412 296 534 350 idque
568 307 640 348 ego
673 297 833 334 secutus
866 292 974 331 hunc
1008 290 1222 341 Fannium,
1256 291 1326 345 qui
1360 290 1520 346 scripsit
1552 292 1773 341 historiam,
1809 308 1874 347 ge-

115 384 254 410 nerum
300 382 384 409 esse
431 366 665 421 scripseram
713 364 855 414 Laelii,
903 363 973 404 sed
1013 368 1060 404 tu
1099 378 1161 404 me
1206 364 1544 422 γεωμετρικῶς
1590 365 1801 416 refelleras,
1836 372 1875 407 te

116 447 248 483 autem
282 455 390 482 nunc
423 440 574 480 Brutus
608 444 648 479 et
681 437 874 479 Fannius.
921 438 1008 491 Ego
1043 442 1176 477 tamen
1209 436 1258 478 de
1291 435 1396 477 bono
1430 441 1605 488 auctore,
1641 438 1873 490 Hortensio,

116 516 171 555 sic
205 528 446 569 acceperam,
481 517 527 553 ut
560 511 667 567 apud
700 511 872 551 Brutum
907 514 981 550 est.
1016 510 1140 550 Hunc
1173 509 1299 564 igitur
1331 509 1462 550 locum
1497 509 1696 564 expedies.
1723 515 1761 553 4.
1789 514 1874 567 Ego

115 589 205 630 misi
238 588 425 629 Tironem
457 585 689 628 Dolabellae
707 585 881 626 obviam.
916 585 957 626 Is
981 584 1031 625 ad
1053 599 1116 625 me
1139 583 1282 626 Idibus
1298 590 1531 626 revertetur.
1564 586 1620 626 Te
1636 584 1875 640 exspectabo

113 661 319 717 postridie.
353 660 415 700 De
448 658 580 700 Tullia
613 673 700 699 mea
731 657 809 699 tibi
842 657 1167 711 antiquissimum
1200 672 1284 698 esse
1322 657 1451 708 video,
1485 657 1608 712 idque
1639 658 1696 699 ita
1729 663 1776 699 ut
1808 658 1874 708 sit,

113 740 151 775 te
197 733 451 775 vehementer
494 747 604 786 rogo.
649 732 757 786 Ergo
801 731 836 772 ei
880 731 923 772 in
967 731 1123 785 integro
1157 730 1314 781 omnia3
1350 731 1407 772 sic
1439 731 1545 772 enim
1581 730 1735 772 scribis.
1769 730 1876 771 Mihi

113 808 188 848 etsi
220 805 427 848 Kalendae
460 804 648 846 vitandae
682 803 859 854 fuerunt,
895 803 1240 858 Nicasionumque
1274 799 1535 861 ἀρχέτυπα
1568 802 1760 858 fugienda
1783 818 1875 844 con-

112 880 383 934 ficiendaeque
417 877 592 928 tabulae,
627 877 731 919 nihil
763 882 899 918 tamen
931 876 1049 926 tanti,
1085 881 1131 917 ut
1165 891 1187 917 a
1218 881 1258 917 te
1292 875 1486 928 abessem,
1505 877 1596 918 fuit.
1642 876 1779 928 Quum
1798 876 1875 916 Ro-

112 967 197 994 mae
231 968 355 994 essem
389 958 429 994 et
460 958 500 994 te
532 953 613 993 iam
646 952 804 1007 iamque
839 951 1017 991 visurum
1051 964 1115 990 me
1148 954 1345 1005 putarem,
1380 949 1560 1004 quotidie
1582 954 1717 990 tamen
1740 949 1873 999 horae,

112 1024 258 1079 quibus
301 1025 594 1083 exspectabam,
640 1026 782 1080 longae
823 1023 1077 1065 videbantur.
1125 1023 1210 1064 Scis
1244 1038 1306 1064 me
1340 1022 1504 1064 minime
1538 1037 1622 1064 esse
1656 1020 1872 1071 blandum;

111 1099 246 1154 itaque
280 1100 414 1141 minus
448 1100 654 1154 aliquanto
688 1099 792 1149 dico,
827 1112 947 1153 quam
982 1096 1124 1138 sentio.

153 1274 171 1306 7
195 1273 276 1315 Eryo
298 1276 328 1304 el
351 1274 384 1305 in
407 1293 448 1298 —
472 1275 490 1305 8
512 1277 529 1312 †
552 1275 812 1315 Nicasionumque
834 1291 873 1297 ἢ

109 1443 189 1473 dum
223 1451 271 1474 est
303 1444 337 1474 in
372 1444 476 1474 etiam.
510 1444 597 1474 Tum
627 1442 830 1474 conturbabat
854 1445 992 1489 verum'i

109 1506 188 1534 csse,
214 1507 279 1528 non
299 1497 472 1535 conturbat,
497 1497 640 1529 ostendit
663 1495 790 1536 imperf.
815 1496 894 1531 erat,
910 1504 967 1535 pro

109 1560 174 1590 quo
197 1551 294 1582 aliter
316 1553 361 1582 est
384 1552 483 1582 scribi
516 1552 682 1582 debuerat.
715 1550 827 1581 Verba
849 1548 968 1579 deinde

108 1604 238 1644 epitome
270 1604 367 1635 Bruti
399 1605 565 1635 Fanniam
595 1604 679 1635 nihil
712 1603 881 1634 continere
904 1601 967 1632 nisi

109 1658 208 1689 aliam
242 1668 378 1700 eamque
400 1660 595 1691 deteriorem
617 1658 794 1689 lectionem
817 1667 847 1686 v.
876 1656 968 1686 Bruti

109 1711 240 1750 epitoma
271 1712 516 1749 Fannianorum,
546 1712 628 1742 olim
659 1710 802 1751 margini
826 1708 967 1749 adscrip—

111 1771 186 1801 tam,
218 1769 366 1805 apertum
399 1769 463 1801 est3
488 1774 572 1805 quae
595 1764 734 1795 simulac
758 1763 845 1793 inter
868 1761 967 1792 verba

110 1818 274 1858 scriptoris
308 1823 436 1859 recepta
469 1822 554 1854 sunt,
589 1817 714 1848 librarii
751 1825 768 1847 e
792 1824 898 1856 praep.
923 1813 967 1849 in,

109 1880 193 1911 quae
216 1871 249 1901 in
274 1872 345 1902 cod.
367 1871 455 1902 Med.
480 1871 637 1902 remansit
660 1874 691 1901 et
714 1879 756 1901 ex
771 1867 965 1908 Hisp.1nihi

111 1930 242 1956 notatur
270 1924 389 1955 callide
418 1934 458 1954 an
489 1924 645 1955 fecerunt.
686 1923 790 1962 Quasi
822 1931 897 1953 vero
927 1922 966 1952 de

110 1977 321 2018 inscriptione
350 1977 508 2018 epitomes
541 1977 722 2008 dubitasset
751 1976 877 2011 Cicero,
911 1979 966 2005 aut

109 2029 246 2060 omnino
272 2029 409 2060 historia
438 2028 474 2060 C.
507 2028 628 2060 Fannii
651 2039 670 2059 a
692 2029 796 2060 Bruto
818 2028 853 2058 in
876 2037 966 2058 com·

109 2083 266 2122 pendium
295 2084 424 2115 redacta
453 2083 583 2123 epitome
606 2082 702 2113 Bruti
724 2081 893 2112 Fanniana
915 2090 967 2121 ap-

107 2135 224 2175 pellari
245 2140 363 2176 posset.
386 2136 435 2167 De
458 2145 536 2167 vero
561 2135 658 2166 titulo
686 2134 814 2165 nullam
839 2133 966 2165 dubita—

108 2188 233 2218 tionem
267 2189 468 2229 relinquunt,
505 2197 588 2228 quae
625 2188 767 2227 legimus
803 2186 906 2218 XIII.
947 2186 964 2216 8

107 2240 257 2280 epitomen
279 2240 376 2270 Bruta·
400 2240 628 2271 Caelianorum.
657 2240 831 2271 Postremo
853 2234 967 2277 scripsi

108 2293 216 2334 potins
249 2294 346 2325 credo
380 2294 514 2324 librario
543 2294 664 2330 deberi,
697 2293 753 2333 qui
786 2293 891 2323 oculis
925 2293 991 2329 ad,

108 2356 248 2387 sequens
270 2346 396 2386 scripsit
420 2347 591 2383 aberravit,
613 2356 712 2387 quam
733 2346 966 2386 corrigendum
987 2332 991 2372 l

108 2408 178 2431 esse
199 2399 359 2439 scriptum,
382 2404 417 2430 ut
440 2400 466 2429 Ι.
490 2399 544 2429 Fr.
566 2398 752 2429 Gronovius
775 2398 916 2429 volebat.

150 2453 351 2493 Scripseram.
370 2454 419 2484 Ita
442 2458 490 2484 est
512 2453 545 2483 in
569 2453 674 2483 Bruto
699 2452 766 2482 101.
790 2451 856 2484 Sed
868 2451 965 2492 respi-

109 2507 151 2537 cit
174 2517 262 2537 nune
284 2507 390 2547 magis
412 2507 453 2537 ad
475 2507 585 2536 locum
606 2506 646 2536 de
660 2498 771 2546 Repb.
796 2506 823 2536 Ι.
843 2506 892 2542 18,
908 2505 965 2535 ubi
988 2510 990 2524 s

110 2560 146 2589 C.
169 2558 337 2590 Fannium
359 2564 391 2590 et
411 2559 453 2597 Q.
477 2557 670 2590 Scaevolam
697 2567 836 2598 generos
859 2557 966 2588 Laelii

110 2612 249 2649 vocavit,
272 2618 439 2643 auctorem
461 2616 591 2642 secutus
617 2611 844 2642 Hortensium.
876 2610 965 2642 Cete-
987 2613 991 2664 j

109 2676 182 2696 rum
203 2666 244 2696 de
266 2666 395 2697 duobus
416 2665 554 2696 Fanniis
577 2665 617 2696 ad
630 2665 726 2696 Bruti
738 2665 886 2695 Tulliani
899 2665 920 2695 l.
938 2674 965 2694 c.

109 2719 289 2760 disputavit
321 2720 550 2751 Mommsenus
581 2719 615 2749 in
646 2718 742 2759 Corp.
773 2720 868 2750 inser.
891 2708 991 2752 Lat}

110 2772 135 2802 Ι.
160 2783 190 2812 p.
213 2773 282 2803 158.

152 2824 272 2855 Brutus
295 2827 325 2854 et
350 2824 501 2855 Fanum&
523 2824 560 2856 Si
573 2824 796 2865 ipseFannius
809 2835 843 2856 se
859 2825 966 2856 Laelii

111 2886 267 2917 generum
291 2877 429 2917 scripsit,
451 2887 517 2908 non
547 2877 656 2918 potuit
677 2878 828 2908 dubitare
840 2877 964 2915 Cicero,

110 2931 167 2961 sed
188 2931 316 2961 viderat
337 2931 371 2961 in
395 2931 492 2961 Bruti
514 2931 667 2971 epitoma.
692 2930 803 2968 Quare
824 2931 964 2962 scriben-

110 2985 189 3015 dum
208 2993 342 3015 censeo:
366 2984 488 3014 Brutus
510 2995 549 3014 ear
572 2984 704 3014 Fannio.

153 3038 171 3076 ξ
207 3039 238 3068 4.
267 3036 376 3067 Idibus
411 3047 466 3077 np.
497 3037 713 3076 Quintilibus,
743 3039 770 3069 si
800 3038 966 3070 Gruberus

111 3096 197 3122 recte
219 3091 372 3131 epistolas
393 3091 491 3122 huius
513 3091 590 3122 libri
602 3094 630 3128 5,
649 3093 676 3128 3,
691 3093 720 3128 4,
736 3093 754 3123 6
769 3082 845 3123 huic
861 3095 966 3125 mensi

111 3143 290 3184 adscripsit,
312 3144 393 3184 disp.
417 3144 503 3180 laud,
527 3154 556 3184 p.
580 3143 617 3174 21
642 3153 687 3184 sq.
989 3155 993 3210 ἰ

1059 1442 1312 1484 Antiquissimum
1344 1452 1411 1472 esse
1440 1452 1473 1472 o:
1504 1450 1652 1472 summae
1675 1449 1772 1471 curae
1795 1449 1874 1477 esse,

1017 1496 1069 1527 vel
1092 1496 1200 1537 potius
1221 1496 1372 1527 omnium
1394 1495 1538 1536 primuni
1561 1504 1640 1531 esse,
1665 1494 1749 1525 nihil
1773 1493 1802 1525 ei
1821 1504 1874 1524 an-

1015 1549 1137 1589 teponi.
1160 1548 1276 1580 Solent
1299 1549 1443 1580 Romani
1465 1549 1574 1580 dicere
1596 1547 1678 1578 nihil
1699 1546 1816 1578 homini
1829 1549 1875 1577 est

1013 1603 1174 1644 antiquius
1198 1610 1230 1634 et
1252 1603 1340 1633 talia.
1363 1602 1403 1633 cf.
1427 1603 1498 1633 Att.
1526 1601 1608 1633 XII.
1633 1602 1682 1638 21,
1706 1602 1735 1632 3.
1758 1599 1822 1633 Off.
1846 1600 1874 1630 1.

1016 1656 1084 1692 155,
1116 1661 1148 1686 et
1177 1665 1260 1695 quae
1291 1655 1318 1686 Ι.
1353 1654 1390 1685 F.
1425 1653 1613 1685 Gronovius
1647 1658 1678 1685 et
1707 1652 1875 1684 Drakenb.

1012 1715 1251 1746 congesserunt
1274 1710 1315 1740 ad
1335 1709 1408 1740 Liv.
1434 1710 1460 1739 I.
1486 1709 1535 1745 32,
1561 1708 1590 1738 2.

1054 1763 1136 1805 Eryo
1165 1763 1195 1794 ei
1217 1763 1248 1793 in
1269 1763 1390 1803 iuteqro
1409 1763 1522 1793 omnia.
1557 1762 1622 1793 Pro
1645 1764 1675 1793 et
1698 1762 1812 1802 scripsi
1835 1761 1873 1796 ei,

1013 1822 1049 1847 ut
1073 1816 1217 1848 Orellius
1242 1816 1384 1847 volebat.
1400 1815 1481 1847 Sine
1493 1815 1593 1845 dubio
1608 1815 1689 1845 haec
1703 1813 1874 1845 referenda

1013 1875 1091 1900 sunt
1121 1870 1161 1899 ad
1185 1868 1317 1899 'Pulliae
1340 1869 1461 1904 dotem,
1485 1873 1518 1898 et
1540 1871 1679 1907 negatur
1700 1875 1770 1898 esse
1793 1867 1874 1906 peri-

1014 1922 1135 1958 culum,
1159 1931 1200 1952 ne
1223 1921 1280 1952 illa
1302 1922 1413 1952 dotem
1435 1921 1557 1961 perdat.

1057 1974 1223 2005 Kalendae
1251 1974 1412 2011 vitandae,
1445 1983 1487 2005 ne
1510 1974 1648 2014 pecunia
1671 1982 1772 2013 egens
1795 1973 1874 2004 inci-

1014 2029 1106 2060 deret
1128 2029 1161 2059 in
1186 2028 1388 2068 argentarios
1410 2027 1463 2058 vel
1483 2027 1694 2058 feneratores.
1716 2027 1763 2058 Hi
1785 2027 1874 2058 enim

1015 2082 1184 2113 Kalendas
1207 2082 1388 2113 reddebant
1410 2081 1538 2112 odiosas
1561 2080 1674 2112 fenore
1696 2081 1873 2121 exigendo.

1015 2136 1099 2166 Inde
1122 2140 1281 2166 vocantur
1298 2134 1406 2165 tn‘stes
1425 2133 1592 2164 Kalendae
1611 2134 1646 2164 in
1664 2134 1781 2164 Horat.
1803 2133 1872 2164 Sat.

1014 2188 1043 2218 Ι.
1065 2188 1092 2222 3,
1117 2186 1165 2218 87.

1055 2237 1313 2278 Nicasionumque
1336 2236 1518 2283 ἀρχέτυπα
1532 2238 1705 2279 Jicyienda.
1722 2238 1773 2269 Ita
1785 2238 1873 2268 dedit

1014 2296 1207 2333 Lambinus,
1238 2296 1417 2336 scripturae
1440 2296 1558 2327 veteris
1580 2295 1805 2326 auctoritatem
1829 2304 1874 2326 se-

1014 2354 1107 2379 cutus
1140 2348 1294 2389 idemque
1334 2348 1367 2379 in
1403 2358 1508 2387 marg.
1551 2346 1788 2379 Cratandrinae
1821 2348 1874 2377 ad—

1014 2400 1171 2440 seriptum
1194 2405 1272 2431 erat.
1296 2400 1484 2430 Nica-§iones
1506 2405 1601 2430 vocat
1624 2400 1657 2430 in
1681 2399 1871 2430 universum

1015 2454 1227 2493 argentarios.
1261 2454 1392 2485 Nomen
1418 2453 1540 2493 legitur
1562 2462 1695 2493 qnoque
1718 2453 1752 2483 in
1778 2453 1872 2484 Vemn

1014 2510 1075 2540 IV.
1108 2510 1166 2540 113
1201 2515 1231 2540 et
1262 2510 1295 2540 in
1320 2518 1414 2540 versu
1437 2518 1479 2540 ex
1503 2508 1636 2539 Afranii
1658 2507 1771 2539 fabula
1787 2509 1874 2548 apud

1014 2562 1163 2593 Nonium
1192 2573 1221 2603 p.
1252 2562 1323 2598 268,
1357 2562 1385 2592 2.
1417 2580 1457 2584 —
1490 2561 1627 2592 Tabulae
1649 2565 1727 2592 sunt
1749 2561 1871 2601 accepti

1015 2621 1047 2645 et
1069 2615 1217 2655 expensi.

1060 2669 1157 2709 Quum
1167 2668 1282 2699 Romae
1293 2677 1399 2699 essem.
1422 2669 1518 2698 Nunc
1531 2674 1641 2699 autem
1656 2673 1725 2698 erat
1740 2667 1773 2698 in
1788 2668 1871 2698 Tus-

1015 2722 1144 2758 culano,
1167 2721 1208 2752 cf.
1231 2731 1280 2762 ep.
1304 2722 1332 2757 3,
1358 2722 1384 2757 l,
1408 2730 1474 2760 quo
1497 2730 1531 2751 se
1553 2719 1730 2751 contulisse
1744 2721 1874 2752 videtur

1015 2781 1091 2806 ante
1112 2775 1239 2811 Nonas,
1256 2779 1291 2804 ut
1313 2774 1485 2814 scripserat
1506 2773 1605 2813 paulo
1627 2778 1702 2804 ante
1718 2773 1871 2810 Varroni,

987 2865 990 2876 ι
1014 2828 1107 2859 Fam.
1126 2827 1188 2858 IX.
1212 2829 1229 2858 5
1253 2833 1336 2858 extr.

1056 2878 1225 2910 Blandum.
1248 2878 1288 2909 cf.
1312 2888 1360 2918 ep.
1386 2879 1414 2908 3.
1437 2876 1553 2909 Graeci
1576 2883 1696 2909 vocant
1712 2873 1869 2921 ἄρεα-κον,

1015 2946 1115 2976 quem
1135 2936 1286 2976 depinxit
1308 2937 1563 2977 Theophrastus,
1590 2935 1688 2968 Char.
1711 2946 1738 2967 c.
1764 2939 1790 2972 ι’),
1814 2937 1872 2967 ubi

1015 2988 1056 3020 cf.
1079 2989 1179 3019 adnot
1214 2988 1410 3026 Casauboni,
1442 2995 1473 3020 et
1502 2987 1684 3020 Gatakerus
1707 2989 1746 3020 ad
1768 2989 1869 3020 Marc.

1017 3042 1143 3072 Anton.
1167 3041 1210 3070 V.
1233 3042 1250 3071 5
1274 3050 1303 3081 p.
1329 3042 1399 3073 143.
