2062 3565
115 145 198 183 198
457 144 539 185 ΕΡ.
576 143 650 184 ΑΒ
683 143 728 183 T.
764 141 1112 185 POMPONIUM
1148 141 1410 183 ATTICUM.

670 339 875 383 XXXIV.
941 343 1006 396 (A.
1049 341 1093 382 U.
1135 342 1172 382 C.
1211 342 1328 395 709.)

176 460 214 498 1.
259 458 346 512 Ego
388 458 453 499 hic
497 457 556 498 vel
600 457 685 498 sine
726 457 840 498 Sicca
885 481 942 486 —-
987 458 1121 499 Tironi
1164 457 1271 498 enim
1313 457 1455 498 melius
1502 462 1562 499 est
1596 482 1653 488 ——
1687 457 1875 500 facillime

110 545 265 585 possem
314 546 412 583 esse,
459 535 505 572 ut
553 531 593 572 in
636 530 764 581 malis,
812 529 895 581 sed,
941 545 1066 585 quum
1110 529 1259 572 scribas
1303 529 1521 572 videndum
1566 530 1665 572 mihi
1707 547 1792 573 esse
1824 546 1875 573 ne

110 604 323 659 opprimar,
367 619 416 645 ex
456 618 536 658 quo
568 602 790 657 intelligam
835 607 875 643 te
920 607 1074 644 certum
1120 603 1227 645 diem
1259 603 1368 644 illius
1401 603 1659 659 profectionis
1692 619 1775 646 non
1807 605 1876 647 ha-

73 689 87 715 5
110 676 214 728 bere,
256 677 394 733 putavi
436 692 521 718 esse
565 676 814 718 commodius
847 692 910 718 me
942 677 1048 718 istuc
1075 678 1225 728 venire,
1259 677 1368 732 quod
1398 677 1504 719 idem
1538 677 1655 719 video
1688 675 1766 719 tibi
1797 677 1878 733 pla-

108 765 209 791 cere.
243 749 340 791 Cras
374 750 498 806 igitur
530 750 573 790 in
611 749 746 791 Siccae
781 747 1011 791 suburbano
1022 769 1033 802 3
1069 750 1177 802 inde,
1212 749 1549 806 quemadmodum
1583 749 1740 801 suades,
1779 755 1878 806 puto

108 840 169 866 me
202 826 245 866 in
278 824 479 866 Ficulensi
514 823 611 865 fore.
648 827 688 865 2.
723 822 882 874 Quibus
917 822 965 865 de
1000 823 1121 866 rebus
1155 824 1205 865 ad
1239 839 1301 865 me
1336 824 1545 879 scripsisti,
1580 824 1771 879 quoniam
1793 824 1877 879 ipse

107 900 237 950 venio,
272 914 405 940 coram
436 896 676 939 videbimus.
727 897 854 938 Tuam
888 897 1052 952 quidem
1084 903 1124 940 et
1156 899 1199 940 in
1233 897 1399 954 agendis
1431 900 1579 940 nostris
1611 897 1731 940 rebus
1764 902 1804 940 et
1835 898 1878 940 in

107 972 283 1014 consiliis
325 970 513 1013 ineundis
558 970 736 1025 mihique
770 969 913 1011 dandis
945 971 988 1012 in
1023 972 1121 1028 ipsis
1154 972 1295 1023 literis,
1330 986 1428 1026 quas
1461 972 1604 1022 mittis,
1638 970 1877 1013 benevolen-

54 1058 87 1084 ιο
107 1046 219 1096 tiam,
270 1043 534 1099 diligentiam,
571 1042 823 1099 prudentiam
858 1044 1022 1085 mirifice
1057 1044 1195 1099 diligo.
1231 1045 1273 1084 3.
1307 1044 1367 1085 Tu
1401 1048 1552 1095 tamen,
1588 1044 1620 1085 si
1654 1043 1752 1099 quid
1786 1058 1878 1085 cum

107 1119 218 1169 Silio,
254 1119 315 1160 vel
348 1118 417 1159 illo
450 1118 536 1173 ipso
571 1116 649 1167 die,
683 1131 762 1171 quo
796 1116 846 1157 ad
881 1117 1037 1158 Siccam
1070 1123 1262 1159 venturus
1301 1131 1381 1167 ero,
1417 1117 1629 1158 certiorem
1662 1132 1724 1158 me
1758 1116 1877 1158 velim

107 1192 227 1234 facias
261 1197 301 1233 et
332 1192 518 1241 maxime,
561 1191 676 1231 cuius
711 1190 786 1231 loci
822 1189 1109 1233 detractionem
1143 1192 1226 1232 fieri
1261 1191 1371 1232 velit.
1424 1191 1543 1244 Quod
1578 1192 1685 1232 enim
1718 1190 1877 1243 scribis,

114 1264 360 1317 ,lextremi'ss
405 1264 496 1306 vide
536 1279 586 1305 ne
630 1265 664 1304 is
714 1265 798 1318 ipse
841 1264 954 1305 locus
995 1265 1061 1315 sit,
1110 1265 1225 1306 cuius
1260 1279 1380 1306 causa
1411 1263 1461 1305 de
1492 1268 1579 1306 tota
1611 1280 1667 1316 re,
1703 1270 1749 1306 ut
1783 1265 1875 1316 scis,

106 1342 166 1380 est
199 1354 221 1380 a
252 1337 369 1380 nobis
402 1338 637 1392 cogitatum.
674 1336 797 1378 Hirtii
836 1337 1046 1393 epistolam
1080 1335 1154 1379 tibi
1190 1337 1280 1379 misi
1313 1341 1353 1378 et
1386 1341 1586 1379 recentem
1623 1342 1662 1380 et
1685 1337 1876 1381 benevole

53 1430 84 1456 ιε,
106 1413 310 1468 scriptam.

146 1575 237 1608 Sicca
259 1595 299 1600 —
325 1575 442 1607 Tironi.
475 1591 486 1601 υ
499 1576 650 1618 Utroque
673 1577 821 1609 adiutore
844 1579 878 1608 in
903 1583 966 1609 stu-

105 1631 167 1663 diis
190 1631 357 1667 utebatur3
381 1630 438 1662 sed
460 1629 556 1662 Sicca
577 1630 658 1668 solo,
689 1632 768 1662 dum
800 1631 960 1663 Tironem

107 1686 305 1727 impediebat
327 1686 498 1717 morbus.''
521 1685 622 1717 Gron.

1020 1579 1106 1609 unde
1134 1578 1183 1608 vis
1207 1587 1260 1609 me
1283 1577 1484 1617 intelligere.
1517 1577 1658 1609 Temere
1690 1575 1793 1609 Orell.
1826 1586 1878 1618 pu-

1018 1632 1107 1679 tabat
1129 1631 1339 1663 scribendum
1362 1630 1588 1673 inlelliyebam.

1057 1684 1098 1716 In
1120 1684 1293 1716 Ficulensi.
1324 1698 1337 1710 u
1349 1684 1528 1716 Praedium
1557 1693 1658 1725 prope
1687 1684 1775 1715 viam
1809 1683 1875 1715 No-

148 1739 319 1770 Facc'llime
341 1759 381 1762 —
404 1749 471 1770 esse
493 1750 524 1771 o:
549 1740 690 1772 libenter
713 1750 793 1773 esse.
816 1741 858 1772 cf.
875 1741 903 1772 F
906 1752 971 1773 am.

106 1796 153 1827 ΙΙ.
176 1795 226 1833 16,
254 1796 274 1826 2
305 1794 387 1836 quod
420 1796 524 1825 autem
552 1794 586 1826 in
617 1795 782 1826 maritimis
806 1795 969 1837 facillime

106 1859 182 1887 sum,
205 1859 320 1886 move0,
345 1855 382 1880 ut
403 1853 491 1880 recte
514 1849 604 1880 Med.
627 1850 684 1881 dat
705 1860 723 1880 a
739 1850 845 1891 prima
856 1860 970 1882 manu.

107 1903 284 1944 Perperam
307 1902 451 1935 Orellius
483 1911 525 1934 ex
555 1903 624 1934 eius
656 1903 731 1934 libri
767 1904 970 1936 correctione

107 1956 226 1988 edidit:
250 1973 290 1978 -
319 1965 396 1993 sum,
418 1955 585 1996 facillime
614 1966 727 1987 moveo.
761 1957 835 1988 Att.
868 1957 973 1988 XIII.

108 2008 158 2047 26,
181 2009 201 2040 2
234 2008 333 2039 locum
366 2008 462 2039 habeo
496 2008 626 2046 nullum,
658 2008 709 2039 nbi
733 2009 874 2049 =jao-ilius·
907 2020 974 2041 esse

103 2062 233 2102 possim.

151 2116 199 2146 Ne
220 2115 377 2156 opprimar
400 2125 419 2147 a
441 2114 608 2147 Publiliae
632 2122 747 2147 matre.
772 2115 858 2147 conf.
881 2116 974 2158 epist.

111 2169 162 2207 32,
189 2170 216 2200 1.

994 1841 996 1853 '
1016 1847 1149 1879 Sabinis
1172 1847 1259 1878 ultra
1282 1847 1433 1878 Montem
1455 1845 1628 1878 Sacrum.''

1017 1744 1209 1771 mentanam
1231 1739 1301 1770 sive
1322 1737 1543 1775 Ficulensem,
1566 1747 1650 1779 quae
1672 1747 1795 1769 nomen
1817 1737 1873 1768 ha-

1017 1794 1087 1825 buit
1109 1804 1128 1825 a
1153 1799 1264 1824 vetere
1285 1793 1367 1824 urbe
1388 1791 1524 1824 Ficulea
1545 1792 1616 1824 sive
1636 1791 1806 1829 Ficulnea‚
1839 1792 1872 1822 in

1667 1845 1719 1877 Ex
1742 1844 1875 1877 Ernesti

1017 1903 1090 1933 Iud.
1114 1901 1234 1941 Geogr.

995 1955 998 1999 ζ
1060 1956 1078 1995 ξ
1102 1957 1131 1987 3.
1158 1955 1201 1986 Tu
1216 1957 1321 1986 tamen
1337 1954 1544 1996 —scriptana
1561 1954 1654 1985 Haec
1674 1963 1750 1985 cum
1762 1952 1876 1984 Schut-

997 2007 999 2050 ζ
1019 2012 1070 2043 zio
1094 2017 1126 2042 et
1147 2010 1267 2052 partim
1290 2020 1365 2041 cum
1387 2009 1544 2047 Lambini
1568 2009 1713 2040 editione
1744 2019 1772 2039 a.
1796 2008 1878 2040 1584

998 2057 999 2065 ¹
1019 2065 1096 2096 huie
1119 2063 1277 2105 epistolae
1300 2062 1414 2094 adieci.
1438 2062 1553 2101 Vulgo
1576 2061 1654 2092 hinc
1685 2066 1876 2102 sequentem

1020 2117 1193 2158 epistolam
1214 2116 1399 2147 ordiuntur.
1423 2115 1451 2146 E
1475 2114 1567 2145 libris
1589 2114 1669 2145 Mss.
1692 2123 1742 2145 res
1760 2114 1878 2145 confici

1021 2181 1087 2202 non
1111 2174 1225 2212 potest,
1250 2179 1352 2210 quum
1374 2169 1408 2199 in
1431 2168 1493 2199 hoc
1524 2168 1611 2199 libro
1642 2168 1752 2208 plures
1782 2177 1878 2208 saepe

153 2223 201 2255 Ex
223 2234 281 2266 quo
304 2224 479 2266 inlelliqam
503 2234 538 2255 a:
586 2231 619 2255 ut
643 2234 684 2256 ex
710 2233 748 2256 eo
772 2224 974 2265 intelligam,
998 2234 1000 2239 ·
1022 2224 1179 2265 epistolae
1202 2222 1449 2255 continuentur.

676 2357 850 2398 XXXV.
918 2359 982 2409 (A.
1027 2356 1071 2396 U.
1110 2357 1152 2396 C.
1191 2354 1308 2407 709.)

172 2487 397 2539 Antequam
432 2498 454 2523 a
487 2488 526 2524 te
560 2484 736 2539 proxime
770 2482 947 2534 discessi,
983 2497 1186 2538 nunquam
1223 2481 1321 2522 mihi
1358 2482 1468 2521 venit
1500 2481 1542 2520 iu
1577 2485 1765 2532 mentem,
1799 2496 1877 2536 quo

111 2558 200 2613 plus
244 2558 492 2611 insumptum
526 2557 567 2598 in
600 2557 893 2598 monimentum
926 2562 1029 2598 esset
1062 2571 1180 2611 quam
1208 2555 1343 2596 nescio
1376 2553 1488 2608 quid,
1523 2553 1631 2609 quod
1665 2554 1752 2609 lege
1785 2568 1878 2595 con-

111 2630 280 2680 ceditur,
312 2629 552 2671 tantundem
585 2630 734 2686 populo
767 2630 945 2672 dandum
980 2646 1063 2672 esse
1078 2649 1088 2682 3
1124 2629 1230 2685 quod
1263 2644 1344 2670 non
1378 2642 1524 2682 magno
1547 2642 1665 2682 opere
1684 2631 1874 2678 moveret,

77 2722 91 2747 5
113 2704 190 2746 nisi
223 2703 358 2745 nescio
392 2703 605 2758 quomodo,
640 2701 837 2764 ἀλόγως
870 2703 1049 2755 fortasse,
1084 2703 1232 2745 nollem
1251 2701 1354 2743 illud
1387 2700 1470 2742 ullo
1502 2700 1664 2742 nomine
1689 2700 1769 2741 nisi
1792 2699 1875 2741 fani

114 2776 318 2833 appellari.
368 2775 488 2828 Quod
532 2776 564 2817 si
608 2777 806 2828 volumus,
853 2792 988 2819 vereor
1031 2794 1082 2820 ne
1126 2775 1284 2831 assequi
1329 2789 1409 2816 non
1442 2774 1641 2829 possimus
1673 2774 1753 2816 nisi
1785 2788 1873 2815 mu-

159 2950 225 2991 Quo
239 2949 326 2990 plac,
362 2944 433 2993 ’ὅσῳ
461 2944 581 2981 πλέον.
617 2948 810 2980 Vindicavit
842 2949 971 2980 Madvi-
1020 2952 1221 2992 sumptuaria
1243 2951 1389 2992 cogitare
1411 2951 1509 2981 malo.
1546 2949 1613 2982 Sed
1636 2949 1720 2981 nihil
1742 2949 1877 2981 definio.

116 3009 199 3048 gius,
221 3007 360 3038 Emend.
386 3006 413 3037 I.
438 3016 470 3047 p.
492 3005 541 3038 73.
1063 3005 1134 3036 Nisi
1165 3007 1284 3037 mutato
1313 3005 1389 3036 low.
1436 3019 1450 3030 u
1461 3004 1571 3036 Locus
1598 3008 1667 3035 erat
1699 3003 1734 3034 in
1772 3003 1876 3034 hortis

161 3060 251 3101 Quod
271 3060 338 3100 leye
360 3058 551 3090 conceditur.
587 3058 756 3089 Incertum
785 3065 844 3096 est,
873 3068 971 3099 quam
1019 3059 1272 3096 transtiberinis,
1294 3059 1353 3089 ubi
1375 3058 1482 3090 multa
1504 3057 1663 3099 sepulcra.
1686 3057 1739 3088 Ibi
1754 3067 1814 3098 pro
1828 3066 1874 3088 se-

118 3116 226 3155 legem
254 3114 349 3144 dicat.
391 3112 528 3154 Propter
563 3111 777 3143 Plutarchum
814 3113 848 3143 in
878 3112 973 3144 Sulla
995 3128 997 3171 ν
1020 3113 1135 3154 pulcro
1157 3112 1303 3143 futurum
1326 3111 1426 3143 fuisse
1449 3112 1579 3142 videtur
1611 3114 1874 3147 monumentum,

118 3181 145 3201 c.
169 3169 207 3200 35
231 3173 339 3201 tamen
364 3168 404 3198 de
428 3167 502 3207 lege
524 3165 688 3204 Cornelia,
712 3176 811 3208 quam
830 3167 870 3198 de
887 3167 972 3198 Iulia
996 3172 997 3175 ’
1021 3175 1081 3200 nec
1103 3165 1311 3198 sanctitatem
1343 3164 1411 3197 fani
1448 3164 1671 3197 habiturum.”
1705 3163 1873 3196 Ernestus.
