2062 3565
205 149 289 190 122
605 149 689 190 ΕΡ.
725 148 800 189 AD
834 147 881 188 T.
915 144 1267 187 POMPONIUM
1301 143 1564 185 ATTICUM.

201 284 333 335 vellet,
367 284 516 325 darem.
550 282 706 334 Quodsi
737 296 820 323 non
852 281 1089 336 scripsisset,
1135 294 1343 335 possemne
1377 278 1521 320 aliter?
1569 279 1624 320 Et
1656 277 1819 334 quidem
1852 293 1966 335 saepe

204 372 292 399 sum
325 355 541 412 pollicitus,
587 354 657 396 sed
689 359 850 396 tantum
882 353 1010 394 voluit
1043 353 1138 394 cito.
1172 353 1240 394 Me
1275 367 1367 393 vero
1401 351 1639 393 adiuvarent
1670 351 1734 393 his
1766 351 1809 392 in
1843 365 1967 406 angu-

204 429 305 471 stiis.
355 428 433 470 Sed
477 428 534 469 dii
566 428 688 469 istos!
724 428 876 468 Verum
909 426 1020 468 alias.
1055 427 1109 468 Te
1144 441 1166 467 a
1200 430 1396 481 quartana
1427 424 1641 467 liberatum
1665 424 1820 480 gaudeo
1852 424 1966 465 item-

205 517 281 557 que
328 501 486 543 Piliam.
531 501 633 557 Ego,
674 501 770 542 dum
813 515 936 556 panes
979 506 1019 541 et
1059 504 1189 541 cetera
1236 499 1280 540 in
1313 514 1455 540 navem
1487 503 1693 553 parantur,
1727 512 1893 540 excurro
1925 497 1968 541 in

169 588 183 613 ὅ
204 575 507 631 Pompeianum.
552 574 742 616 Vettieno
783 573 901 615 velim
947 573 1110 628 gratias,
1156 572 1262 627 quod
1313 571 1517 613 studiosus
1551 576 1625 621 est,
1660 571 1694 612 si
1727 585 1966 626 quemquam

204 653 346 690 nactus
378 647 469 697 eris,
504 648 573 703 qui
608 646 790 703 perferat,
827 646 958 688 literas
992 645 1061 687 des
1095 650 1200 696 ante,
1235 660 1355 699 quam
1388 643 1645 686 discedimus.

247 817 265 845 5
286 813 446 846 studiosus
468 816 526 844 est.
551 811 584 843 Si
608 831 643 836 —-

206 968 254 995 est
274 961 358 999 XII,
388 961 445 993 sed
467 969 644 992 numerum
665 959 795 990 correxi
819 968 862 990 ex
886 967 938 999 ep.
963 958 1012 995 11,
1036 958 1066 988 2.
1155 957 1234 988 Dum
1268 968 1370 998 panes
1407 960 1436 988 ee
1473 960 1579 989 cetera
1613 957 1647 988 in
1671 967 1778 988 navem
1805 958 1974 998 parantur.

205 1017 336 1049 Ironice
358 1015 489 1047 Axium
511 1014 590 1046 dicit
622 1014 810 1055 pudentem,
840 1013 897 1054 qui
927 1023 994 1044 non
1017 1022 1066 1043 so-
1116 1011 1234 1043 “Corn
1273 1011 1306 1042 in
1341 1012 1583 1053 naviyationem.
1619 1011 1680 1052 Ep.
1716 1020 1783 1052 seq.
1816 1014 1853 1042 4:
1892 1010 1974 1049 dum,

208 1071 276 1102 lum
298 1080 365 1101 non
389 1068 547 1100 reddebat
561 1067 625 1098 hoc
641 1072 789 1107 tempore
801 1075 873 1096 eam
889 1075 1064 1102 summam,
1112 1074 1191 1105 quae
1213 1063 1258 1094 ad
1278 1064 1488 1105 naviqandzcnz
1512 1074 1588 1106 opus
1609 1066 1725 1101 essent,
1742 1064 1974 1105 pararentur.''

206 1123 262 1154 sed
284 1122 358 1163 plus
379 1120 567 1162 postulabat
588 1118 707 1150 Gallio.
1089 1152 1091 1159 ,
1114 1115 1154 1147 Iu
1178 1127 1285 1147 navem
1309 1117 1400 1148 aliud
1422 1117 1597 1158 significat.
1628 1117 1754 1148 Lucan.
1790 1117 1817 1148 Ι.
1848 1116 1909 1148 306
1939 1117 1973 1147 in

248 1175 414 1206 Possemne
442 1173 566 1204 aliter?
608 1173 718 1211 Quam
748 1171 858 1204 Gallio
891 1171 1065 1212 pecuniam
1088 1162 1091 1230 υ
1112 1171 1243 1201 classem
1266 1171 1351 1202 cadit
1374 1181 1461 1202 omne
1483 1181 1598 1202 nemus.
1621 1171 1780 1202 Manilius
1803 1170 1972 1201 —silz'eem

207 1234 358 1260 mutuam
379 1228 467 1264 dare,
490 1231 622 1268 propter
652 1225 842 1262 amicitiam,
876 1234 960 1266 quae
982 1224 1065 1255 mihi
1113 1225 1146 1255 in
1170 1235 1283 1256 muros,
1321 1225 1361 1257 cf.
1384 1224 1529 1257 Gronov.
1553 1226 1594 1257 ad
1625 1225 1693 1257 Tac
1734 1225 1828 1256 Ann.
1857 1225 1903 1256 11.
1934 1224 1972 1255 16

207 1291 283 1313 cum
305 1290 344 1312 eo
367 1287 425 1312 est.
461 1278 579 1310 Sermo
601 1279 733 1309 videtur
755 1287 825 1309 esse
853 1278 894 1309 de
923 1277 982 1308 illo
1010 1277 1066 1308 ho-
1113 1284 1189 1310 extr
1222 1278 1325 1310 Navis
1348 1279 1417 1320 ipsa
1440 1284 1509 1310 erat
1530 1284 1653 1319 parata.
1682 1278 1740 1309 Nil
1762 1278 1883 1315 deerat,
1909 1277 1973 1308 nisi

206 1336 305 1372 mine,
328 1334 386 1376 qui
407 1339 610 1365 memoratur
632 1332 695 1363 XI.
718 1332 768 1369 20,
791 1333 818 1362 2.
1087 1329 1090 1361 Ι
1113 1339 1213 1371 panes
1236 1336 1269 1362 et
1290 1340 1374 1372 quae
1397 1332 1438 1362 ad
1460 1341 1539 1362 usus
1564 1331 1796 1371 navigantium
1818 1340 1901 1372 opus
1924 1339 1971 1362 es-

252 1388 292 1419 Te
315 1398 335 1419 a
359 1389 518 1429 quartana
540 1386 704 1417 liberatum
723 1384 859 1427 gaudeo.
882 1385 970 1416 Raro
992 1384 1067 1415 libe·
1088 1383 1089 1431 l
1112 1385 1223 1419 sent.''
1246 1384 1507 1425 Peerlkampius.

207 1454 280 1475 rare
302 1453 378 1475 cum
400 1451 509 1484 praep.
532 1441 735 1472 construitur
788 1440 829 1471 In
852 1440 990 1471 Timaeo
1015 1439 1066 1471 Ci-
1088 1442 1089 1451 ¹
1158 1438 1248 1480 Quod
1273 1437 1432 1468 studiosus
1461 1439 1517 1468 est.
1554 1437 1758 1468 Addendum
1790 1443 1869 1478 puto
1903 1437 1972 1468 mei.

1087 1474 1090 1509 l

206 1500 335 1532 neronis
357 1509 386 1531 c.
416 1498 451 1529 6:
490 1497 603 1537 Itaque
626 1506 693 1527 eum
725 1496 763 1526 ab
793 1495 874 1526 omni
906 1495 1067 1526 erratione
1088 1512 1090 1530 s
1114 1494 1201 1524 Tum
1224 1493 1349 1524 mutavi
1372 1491 1619 1523 distinctionem
1642 1497 1801 1532 praeunte
1829 1491 1974 1522 Mullero

208 1555 366 1587 liberavit.
403 1565 434 1596 p.
467 1553 560 1585 Marc
608 1552 644 1582 13
679 1562 698 1582 a
721 1552 839 1582 scelere
862 1550 990 1582 liberati
1018 1559 1068 1581 su·
1088 1552 1090 1563 ¹
1114 1550 1148 1581 in
1171 1549 1257 1580 coni.
1281 1548 1371 1579 Tull.
1395 1558 1424 1588 p.
1454 1548 1498 1584 10,
1522 1552 1557 1578 ut
1579 1546 1813 1579 coniunctivus
1824 1547 1880 1578 des
1896 1556 1972 1588 pen—

208 1620 273 1641 mus
309 1609 390 1640 olim
419 1608 570 1644 edebant,
601 1616 689 1637 nunc
719 1605 912 1637 auctoritate
953 1604 1065 1636 melio·
1088 1608 1090 1621 ²
1113 1606 1189 1637 deat
1211 1615 1229 1635 a
1252 1603 1353 1635 velim.

207 1674 280 1695 rum
302 1662 462 1695 librorum
486 1672 507 1692 a
529 1660 650 1692 delent.

804 1767 926 1809 XVI.
994 1767 1056 1818 (A.
1097 1766 1141 1807 U.
1180 1768 1221 1807 C.
1262 1767 1378 1819 705.)

273 1888 309 1927 l.
355 1884 618 1926 Commodum
663 1881 713 1923 ad
755 1888 792 1923 tc
836 1881 1022 1922 dederam
1067 1881 1201 1923 literas
1242 1881 1289 1922 de
1324 1880 1506 1936 pluribus
1539 1884 1671 1931 rebus,
1707 1894 1830 1934 quum
1864 1880 1971 1936 apud

206 1976 267 2001 me
301 1959 400 2000 bene
434 1972 547 1999 mane
581 1956 799 2011 Dionysius
832 1955 923 2005 fuit,
958 1955 1024 1996 cm'
1069 1954 1232 2009 quidem
1265 1969 1338 2009 ego
1372 1969 1452 1995 non
1487 1953 1604 1995 modo
1636 1950 1873 2009 placabilem
1909 1967 1970 1994 me

204 2032 491 2089 praebuissem,
537 2029 605 2070 sed
649 2034 781 2070 totum
824 2028 1078 2079 remisissem,
1124 2028 1158 2068 si
1191 2027 1431 2077 advenisset,
1467 2036 1546 2082 qua
1579 2032 1710 2068 mente
1744 2031 1791 2067 tu
1824 2024 1874 2067 ad
1909 2041 1970 2067 me

171 2126 185 2149 5
205 2107 431 2162 scripseras.
465 2103 564 2144 Erat
595 2102 703 2143 enim
736 2102 792 2142 sic
824 2101 868 2142 111
900 2101 981 2142 tuis
1014 2100 1156 2150 literis,
1191 2116 1290 2156 quas
1323 2100 1468 2154 Arpini
1492 2114 1734 2155 acceperam,
1762 2114 1854 2140 eum
1879 2114 1971 2140 ven-

206 2186 342 2222 turum
385 2178 678 2230 facturumque,
714 2175 821 2229 quod
855 2190 928 2229 ego
964 2174 1118 2215 vellem.
1165 2175 1251 2229 Ego
1287 2174 1465 2215 volebam
1500 2179 1630 2215 autem
1668 2172 1730 2214 vel
1762 2172 1970 2228 cupiebam

205 2252 340 2309 potius
373 2266 456 2292 esse
490 2264 582 2291 eum
615 2248 840 2290 nobiscum.
875 2247 994 2299 Quod
1029 2247 1123 2301 quia
1157 2247 1288 2303 plane,
1324 2262 1449 2301 quum
1482 2247 1524 2287 in
1560 2246 1820 2287 Formianum
1846 2246 1972 2287 venis-

205 2331 279 2375 set,
313 2323 572 2380 praeciderat,
607 2322 783 2377 asperius
817 2321 867 2362 ad
901 2326 939 2362 te
974 2320 1022 2361 de
1056 2336 1101 2361 eo
1136 2319 1306 2362 scribere
1341 2320 1531 2362 solebam.
1591 2323 1645 2361 At
1675 2319 1742 2361 ille
1776 2334 1974 2375 perpauca

204 2398 364 2441 locutus
397 2396 501 2437 hanc
534 2410 729 2438 summam
764 2393 908 2436 habuit
941 2393 1146 2445 orationis,
1180 2399 1226 2434 ut
1259 2393 1334 2435 sibi
1369 2394 1614 2449 ignoscerem
1629 2412 1640 2445 3
1676 2408 1716 2434 se
1749 2392 1869 2434 rebus
1891 2392 1973 2434 suis

152 2489 186 2514 10
204 2470 444 2528 impeditum
486 2468 696 2511 nobiscum
739 2468 795 2509 ire
829 2483 911 2508 non
943 2482 1072 2522 posse..
1108 2468 1242 2509 Pauca
1275 2468 1476 2523 respondi,
1513 2482 1702 2521 magnum
1736 2466 1872 2521 accepi
1906 2465 1974 2507 do-

205 2546 342 2594 lorem,
386 2543 566 2584 inteflexi
610 2542 811 2583 fortunam
857 2541 906 2582 ab
952 2556 997 2582 eo
1041 2546 1217 2582 nostram
1252 2541 1480 2597 despectam
1514 2556 1612 2582 esse.
1648 2539 1758 2592 Quid
1791 2539 1974 2594 quaeris?

207 2619 389 2661 Fortasse
438 2615 663 2657 miraberis:
710 2615 753 2655 in
797 2614 982 2655 maximis
1032 2613 1174 2654 horum
1217 2618 1441 2670 temporum
1484 2612 1689 2654 doloribus
1732 2612 1842 2653 hunc
1874 2611 1975 2653 mihi

207 2691 307 2733 scito
340 2704 438 2731 esse.
473 2688 605 2730 Velim
639 2692 686 2729 ut
717 2687 793 2728 tibi
827 2687 979 2728 amicus
1013 2688 1079 2728 sit.
1114 2687 1205 2728 Hoc
1239 2702 1364 2741 quum
1397 2686 1475 2727 tibi
1508 2692 1616 2742 opto,
1646 2691 1740 2741 opto
1763 2690 1810 2727 ut
1834 2684 1975 2726 beatus

207 2765 260 2806 sis
274 2783 285 2815 3
319 2764 395 2805 erit
427 2762 535 2804 enim
567 2761 737 2802 tamdiu.
775 2762 815 2802 :23
848 2760 1072 2802 Consilium
1106 2765 1285 2802 nostrum
1322 2775 1435 2815 spero
1470 2774 1641 2801 vacuum
1675 2758 1852 2814 periculo
1875 2758 1972 2799 fore.

154 2859 186 2884 15
207 2838 314 2880 Nam
356 2842 396 2878 et
436 2834 775 2876 dissimulavimus
819 2838 873 2884 et,
907 2838 954 2874 ut
986 2834 1140 2888 opinor,
1176 2833 1364 2875 acerrime
1398 2831 1704 2874 asservabimus.
1757 2830 1974 2886 Navigatio

253 2981 272 3012 2
295 2979 339 3011 ad
359 2989 404 3010 me
426 2996 469 3001 —
490 2978 528 3008 15
551 2976 818 3008 dissimulabimus
839 2994 881 2998 —
901 2975 1130 3007 asservabimur
1151 2994 1192 2999 —
1213 2976 1375 3017 naviqatio
1398 2975 1485 3007 modo
1507 2981 1568 3007 cet.
1591 2994 1631 2997 —

257 3108 273 3147 ξ
298 3108 326 3138 1.
353 3104 446 3147 Apud
469 3114 524 3135 me.
549 3104 588 3135 In
613 3104 706 3134 libris
737 3103 816 3134 Mss.
849 3102 892 3133 ud
921 3106 961 3133 te.
1006 3102 1073 3134 Sed
1161 3105 1180 3144 ξ
1203 3105 1230 3135 2.
1256 3102 1335 3133 Nam
1365 3105 1394 3133 et
1426 3102 1689 3133 dissimulavimus
1719 3103 1762 3140 et,
1792 3103 1826 3132 ut
1855 3101 1972 3141 opinor,

194 3179 196 3181 >
214 3162 252 3192 εἴ.
278 3161 318 3192 ad
340 3170 389 3202 ep.
415 3162 443 3197 4,
468 3161 496 3190 Η.
1119 3156 1271 3188 acerrime
1289 3155 1525 3187 amrmbz'mus.
1550 3154 1720 3195 Naviyatio
1732 3153 1818 3186 modo
1834 3153 1889 3193 m,
1910 3158 1974 3185 cet.
