2062 3565
220 170 304 209 140
620 169 704 210 ΕΡ.
738 167 815 209 AD
848 168 894 209 Τ.
928 166 1281 209 POMPONIUM
1313 166 1578 209 ATTICUM.

215 308 324 344 runt.
374 304 495 344 Nosti
537 317 679 358 genus,
721 302 841 344 etiam
882 306 1069 357 expertus
1102 317 1145 343 es
1176 300 1364 353 fortasse3
1398 302 1442 343 in
1474 317 1537 344 me
1569 302 1612 344 id
1645 307 1706 344 est
1738 318 1855 346 omne
1888 319 1980 346 con-

215 391 386 418 versum.
438 375 516 417 Sed
560 389 687 429 augeo
728 373 1075 415 commemorando
1119 373 1296 415 dolorem
1340 377 1381 414 et
1419 373 1523 415 facio
1556 375 1677 416 etiam
1708 373 1800 416 tibi.
1851 375 1982 426 Quare

218 448 267 489 ad
316 448 417 489 illud
460 447 592 498 redeo,
639 461 734 488 ema
773 451 820 488 ut
863 446 984 487 huius
1029 446 1085 487 rei
1130 461 1250 487 causa
1299 445 1436 487 dedita
1476 461 1595 502 opera
1639 447 1775 489 mittat
1807 448 1982 503 aliquem

218 520 383 562 Balbus.
434 520 499 561 Ad
548 535 647 575 quos
695 519 898 561 videbitur
941 520 1059 561 velim
1105 535 1218 561 cures
1260 519 1396 561 literas
1442 535 1528 561 meo
1560 521 1737 562 nomine.
1773 521 1887 563 Vale.
1922 535 1981 564 VI.

181 612 195 637 5
217 593 310 634 Kal.
344 593 506 635 Ianuar.

216 759 283 789 vid.
309 757 427 790 Onom.
451 758 542 789 Tull.
567 770 597 800 p.
621 758 693 790 263.
717 759 812 791 Licet
834 764 944 792 autem
966 761 1077 802 aliqua
1100 776 1101 780 =

217 813 258 844 de
280 822 314 844 re
336 812 467 853 publica
489 813 651 844 dissensio
674 813 855 845 amicitiam
876 813 1012 846 fortasse
1027 816 1078 846 di-

219 865 349 896 vellerit
371 874 410 896 eo
433 871 589 906 tempore,
621 876 688 897 non
719 871 829 898 tamen
862 877 940 899 vero
970 868 1079 900 simile

222 924 281 954 cst,
304 917 531 949 acutissimum
554 919 668 949 odium
690 919 767 951 inde
791 920 966 951 exstitisse.
1005 920 1078 951 Hac

220 972 260 1002 de
283 981 380 1002 causa
402 972 574 1004 Manutius
596 972 629 1003 h.
653 973 674 1003 l.
698 983 885 1005 sermonem
918 983 987 1006 esse
1023 984 1079 1015 pu-

220 1025 309 1056 tabat
330 1025 371 1056 de
397 1024 432 1066 Q.
455 1025 543 1066 Fegfio
568 1025 694 1064 Caleno,
734 1027 790 1068 qui
818 1028 911 1058 omni
934 1033 1079 1068 tempore

221 1078 390 1110 Ciceronis
413 1078 475 1111 fuit
498 1079 756 1112 inimicissimus.
797 1081 945 1112 Furnium
969 1086 1079 1112 tamen

1124 761 1285 791 accedunt
1307 759 1427 792 Scidae
1448 760 1579 801 lVirz.)‚
1614 766 1645 792 et
1667 761 1756 802 quod
1777 769 1830 792 res
1862 760 1985 792 ineerta

1125 819 1183 845 est.
1207 812 1246 844 cf.
1270 813 1454 844 wielandii
1476 814 1585 845 adnot.
1609 814 1674 845 vol.
1697 813 1759 845 IV.
1782 824 1814 855 p.
1837 813 1909 844 535.

1167 866 1259 897 Nosti
1278 876 1390 907 yenus,
1413 876 1457 898 sc.
1472 876 1662 898 sermonum
1678 872 1710 898 et
1724 867 1984 905 maledictorum,

1125 929 1190 960 quo
1212 919 1254 958 Q.
1278 918 1395 950 Cicero
1418 919 1519 951 iratus
1542 920 1654 957 utinm
1680 926 1717 951 ut
1736 925 1824 951 reete
1841 919 1986 960 explicat

1127 973 1309 1004 Victorius.

1177 1026 1225 1056 VI
1242 1026 1317 1057 Kal.
1341 1025 1414 1057 Ian.
1437 1026 1478 1057 In
1509 1025 1616 1058 Scidis
1646 1026 1743 1065 laud„
1761 1032 1803 1058 ut
1825 1027 1859 1058 in
1886 1026 1985 1064 Med„
2031 1030 2034 1032 '

1128 1086 1178 1112 est
1199 1080 1299 1112 XVT.

169 1139 172 1142 ·
220 1132 350 1169 retinui,
373 1138 505 1174 propter
520 1143 718 1166 consensum
731 1135 892 1166 librorum
914 1134 1080 1176 (Mediceo

185 1593 199 1617 5

168 1955 202 1981 1¹!

836 1243 914 1284 IX.
981 1245 1047 1296 (A.
1091 1242 1135 1283 U.
1175 1243 1216 1283 C.
1256 1242 1373 1295 707.)

285 1358 324 1396 1.
369 1356 457 1411 Ego
502 1371 592 1397 vero
641 1365 682 1397 et
719 1357 895 1408 incaute,
946 1364 992 1398 ut
1037 1357 1191 1408 scribis,
1238 1367 1278 1398 et
1311 1357 1493 1406 celerius,
1528 1371 1648 1411 quam
1683 1357 1875 1412 oportuit,
1910 1357 1986 1399 feci

219 1444 293 1469 nec
325 1429 368 1470 111
403 1428 484 1470 ulla
531 1444 617 1470 sum
662 1445 744 1485 spe,
780 1431 927 1486 quippe
960 1431 1030 1487 qui
1064 1429 1368 1486 exceptionibus
1402 1429 1626 1471 edictorum
1659 1430 1846 1482 retineat,
1884 1445 1985 1486 quae

221 1501 254 1541 si
303 1516 383 1543 non
425 1508 558 1544 essent
607 1503 820 1545 sedulitate
871 1506 1033 1545 effectae
1067 1511 1107 1545 et
1140 1503 1419 1545 benevolentia
1452 1508 1537 1554 tua,
1571 1503 1712 1545 liceret
1745 1503 1846 1544 mihi
1878 1503 1986 1545 abire

220 1576 263 1616 in
303 1575 541 1618 solitudines
585 1577 752 1633 aliquas.
803 1579 925 1619 Nunc
959 1593 1009 1619 ne
1041 1577 1083 1618 id
1119 1577 1279 1632 quidem
1314 1577 1422 1618 licet.
1451 1576 1562 1629 Quid
1597 1581 1729 1618 autem
1762 1591 1825 1618 me
1857 1576 1984 1628 iuvat,

222 1647 329 1703 quod
363 1653 455 1690 ante
488 1650 635 1691 initum
668 1650 919 1692 tribunatum
956 1651 1058 1702 veni,
1094 1651 1127 1692 si
1160 1651 1290 1706 ipsum
1327 1650 1434 1705 quod
1470 1651 1560 1691 veni
1594 1650 1696 1691 1111111
1722 1650 1866 1691 iuvat?
1899 1651 1985 1692 Iam

221 1721 319 1776 quid
353 1736 506 1776 sperem
541 1721 590 1763 ab
624 1738 683 1773 eo,
719 1724 788 1778 qui
822 1723 923 1765 mihi
956 1724 1107 1764 amicus
1140 1738 1347 1778 nunquam
1381 1722 1471 1773 fuit,
1507 1737 1633 1777 quum
1656 1723 1736 1763 iam
1757 1723 1844 1779 lege
1867 1725 1987 1766 etiam

221 1795 295 1836 51111
343 1798 548 1836 confectus
595 1805 633 1837 et
678 1798 915 1852 oppressus?
950 1797 998 1838 In
1032 1796 1117 1838 dies
1150 1797 1230 1837 iam
1266 1795 1380 1837 Balbi
1414 1795 1464 1836 ad
1498 1810 1559 1836 me
1593 1795 1731 1836 literae
1763 1796 1988 1852 languidio-

220 1883 295 1918 res,
330 1868 557 1922 multaeque
593 1869 809 1910 multorum
842 1869 892 1910 ad
926 1869 1055 1919 illum,
1091 1871 1255 1910 fortasse
1290 1872 1429 1909 contra
1462 1883 1537 1908 1ne.

219 1940 337 1981 Nihil
384 1940 482 1981 mihi
533 1942 627 1982 mali
676 1958 790 1984 casus
835 1943 985 1993 attulit,
1032 1943 1166 1984 omnia
1200 1945 1315 1996 (inea)
1351 1941 1469 1996 culpa
1502 1945 1707 1983 contracta
1740 1947 1850 1984 sunt.
1900 1944 1987 1998 Ego

220 2013 341 2063 0111111,
386 2028 509 2068 quum
547 2030 673 2069 genus
719 2015 813 2056 belli
858 2015 1046 2066 viderem,
1091 2016 1287 2070 imparata.
1320 2019 1359 2054 et
1392 2014 1549 2054 infirma
1583 2014 1717 2055 omnia
1750 2020 1889 2056 contra
1922 2031 1988 2071 pa-

220 2086 453 2138 ratissimos,
489 2093 704 2130 statueram
741 2089 837 2144 quid
872 2090 1055 2141 facerem,
1090 2103 1350 2145 ceperamque
1385 2087 1597 2128 consilium
1642 2102 1722 2128 11011
1771 2093 1852 2129 tam
1886 2089 1987 2130 forte

220 2174 338 2214 quan]
373 2160 472 2201 mihi
508 2167 660 2217 praeter
696 2170 847 2204 ceteros
881 2162 1199 2204 concedendum.
1237 2165 1276 2202 2.
1312 2160 1423 2202 Cessi
1459 2160 1557 2201 meis
1593 2159 1654 2201 vel
1689 2161 1823 2216 potius
1847 2161 1984 2216 parui;

260 2326 279 2356 8
305 2324 453 2366 Quotidie
475 2326 536 2357 iam
558 2345 599 2350 -
626 2327 662 2357 10
685 2327 787 2357 omnia
810 2328 901 2367 eulpa
925 2345 966 2350 --
990 2327 1025 2357 11
1043 2325 1276 2366 paratissimos,
1299 2325 1474 2366 quieveram
1500 2342 1537 2346 —
1561 2324 1637 2365 quid
1651 2326 1826 2365 κκαυιητηι.)
1841 2343 1881 2349 —-
1901 2334 1988 2366 cepe-

219 2388 345 2419 ramque
367 2396 408 2401 ——

264 2539 281 2578 ᾖ
306 2539 334 2568 1.
357 2537 599 2579 Ereeptionibus
632 2539 814 2570 edictorum.
847 2538 890 2569 cs.
915 2548 963 2579 ep.
989 2538 1015 2575 ἶ,
1040 2538 1075 2574 23
1122 2538 1183 2568 z'am
1208 2538 1301 2568 etiam
1334 2548 1400 2568 non
1433 2544 1482 2568 est
1512 2537 1669 2568 insolens.
1706 2537 1746 2566 cf.
1780 2535 1911 2567 Cottius
1945 2535 1986 2566 ad

1596 1868 1689 1909 Meo
1723 1869 1821 1910 vitio
1855 1885 1987 1926 pereo.
2023 1908 2027 1911 .

219 2589 407 2632 (Antonius)
430 2590 529 2621 edim
554 2591 611 2629 ita,
640 2594 674 2622 ut
705 2603 750 2623 me
783 2592 939 2633 exciperet
962 2609 1003 2614 —
1025 2601 1077 2622 720-

218 2641 370 2672 minutim.

260 2695 343 2726 Ante
365 2695 476 2726 initum
499 2696 691 2728 tribunatum
714 2708 745 2729 a:
770 2708 797 2728 a.
813 2699 843 2728 d.
857 2698 918 2728 IV.
940 2698 990 2729 ld.
1015 2697 1076 2729 De-

218 2750 377 2787 cembres,
400 2759 466 2790 quo
488 2750 542 2781 die
563 2751 686 2782 tribuni
702 2752 746 2793 pl.
764 2761 885 2783 munus
899 2762 994 2783 suum
1012 2752 1074 2782 ini-

219 2803 307 2833 bant.
337 2803 491 2834 Redierat
512 2809 622 2835 autem
647 2810 722 2836 ante
745 2806 829 2836 illud
852 2813 990 2846 tempus,
1025 2815 1076 2836 ve-

218 2856 300 2887 ritus
335 2866 378 2888 ne
413 2857 491 2888 novi
525 2857 650 2888 tribuni
683 2859 716 2889 in
751 2860 901 2890 absentes
943 2859 1077 2899 gravius·

217 2911 296 2951 quid
318 2917 483 2952 rogarent.

259 2963 328 2994 Iam
358 2964 426 3005 leqe
458 2965 552 2997 etiam
593 2977 625 2997 a:
667 2978 733 2998 11011
771 2966 914 2998 Antonii
948 2972 1076 2999 tantum

218 3015 334 3053 edicto,
357 3017 415 3047 sed
436 3017 510 3058 lege
539 3019 637 3050 etiam
673 3019 737 3050 lata
767 3019 808 3050 ab
838 3028 886 3055 eo,
917 3019 968 3059 qui
1002 3019 1078 3049 milei

218 3070 336 3100 amicus
371 3081 527 3113 nunquam
550 3073 632 3113 ficit.
664 3073 728 3104 His
762 3073 971 3104 Dolabellam
1003 3073 1076 3103 trib.

218 3123 262 3163 pl.
286 3122 467 3163 significari
499 3125 645 3166 suspicor
679 3132 709 3156 et
739 3135 815 3156 cuni
848 3125 990 3156 Ernesto
1020 3135 1078 3165 pro
1102 3151 1103 3158 ,

187 3175 190 3177 ’
220 3185 307 3215 quum
343 3176 458 3208 malim
480 3177 577 3208 cuius.
612 3177 808 3209 Coniunctio
843 3177 1079 3220 particularum

1123 2590 1215 2621 Fam.
1238 2590 1300 2621 1V.
1326 2590 1352 2627 1,
1384 2590 1402 2621 9
1435 2589 1605 2630 eoqitabanz
1636 2588 1674 2619 ab
1708 2587 1782 2618 urbe
1813 2587 1983 2624 discedere,

1102 2678 1104 2690 ἱ
1123 2646 1211 2677 cuias
1232 2645 1295 2675 iam
1318 2645 1412 2676 etiam
1435 2654 1545 2676 nomen
1568 2643 1687 2675 invitus
1699 2642 1805 2680 audio,
1822 2648 1856 2674 et
1871 2642 1984 2674 Hand.

1102 2730 1103 2733 ,
1123 2700 1218 2730 Turs.
1241 2699 1308 2730 111.
1331 2709 1363 2739 p.
1388 2698 1458 2728 139.

1165 2752 1203 2781 In
1227 2751 1294 2782 dies
1317 2750 1423 2791 aptius
1447 2759 1525 2787 esse,
1549 2759 1649 2790 quam
1671 2748 1817 2790 quotidie,
1841 2750 1930 2789 quod
1943 2750 1983 2780 de

1102 2805 1312 2843 *coniectura
1333 2804 1451 2840 editur,
1489 2813 1594 2844 quum
1615 2803 1649 2833 in
1680 2803 1751 2833 cod.
1780 2806 1908 2833 tantum
1941 2803 1984 2834 sit

1122 2860 1183 2897 die,
1207 2870 1225 2890 a
1247 2858 1384 2890 Klotzio
1408 2864 1495 2890 reete
1509 2858 1718 2889 observatum
1733 2862 1792 2888 est.
1815 2857 1856 2888 cf.
1874 2857 1983 2888 adnot.

1123 2914 1163 2944 ad
1187 2913 1230 2944 V.
1253 2912 1280 2949 7,
1305 2912 1333 2942 1.
1356 2912 1440 2942 Mox
1463 2911 1553 2942 illam
1576 2911 1655 2941 dicit
1679 2910 1866 2942 Caesarem.

1168 2965 1278 2996 Omnia
1302 2965 1401 3005 (mea)
1427 2964 1519 3005 eulpa
1543 2965 1707 2994 colzlracta
1729 2965 1813 2993 sunl.
1843 2962 1917 2993 M'ea
1940 2962 1984 2993 fa-

1101 3013 1104 3051 l
1126 3019 1189 3050 cile
1213 3018 1317 3048 omitti
1342 3017 1449 3058 potuit
1470 3023 1544 3057 post
1575 3015 1689 3047 omnia.
1734 3015 1883 3046 Vrsinus
1899 3015 1982 3046 illud

1127 3082 1144 3103 e
1167 3072 1253 3103 libro
1275 3070 1434 3110 Longolii
1456 3069 1608 3101 restituit.

1102 3176 1225 3220 l‘Mem
1248 3186 1265 3208 e
1298 3175 1500 3208 correctione
1528 3174 1644 3217 prioris
1677 3174 1854 3215 scripturae
1886 3173 1981 3204 sitve-

1168 3123 1345 3154 Stalueram
1381 3122 1456 3163 quid
1479 3122 1636 3162 facerem.
1675 3119 1829 3151 Sciveram
1863 3126 1912 3152 est
1950 3120 1982 3151 in
2035 3115 2038 3117 ’
