2062 3565
183 132 269 172 350
584 130 668 172 ΕΡ.
704 129 779 170 ΑΙ)
813 130 859 169 Τ.
895 128 1246 171 POMPONIUM
1280 129 1544 171 ATTICUM.

181 271 407 323 erumpant,
451 280 576 320 quum
624 265 706 305 sint
748 263 826 305 tibi
859 264 966 305 irati.
1003 266 1043 305 2.
1079 264 1139 305 De
1172 264 1378 315 Cicerone,
1414 264 1533 305 velim
1565 265 1622 307 ita
1655 266 1720 316 sit,
1755 271 1802 307 ut
1834 266 1947 308 audi-

181 356 284 382 mus.
317 340 377 381 De
411 338 595 388 Xenone,
630 352 761 378 coram
796 351 1048 391 cognoscam,
1083 352 1324 392 quamquam
1358 337 1462 378 nihil
1495 337 1545 379 ab
1563 353 1608 379 eo
1626 338 1797 380 arbitror
1817 354 1946 394 neque

181 413 441 468 indiligenter
475 426 604 466 neque
638 410 901 451 illiberaliter.
936 410 996 451 De
1031 410 1206 461 Herode,
1241 411 1385 452 faciam
1418 415 1465 451 ut
1496 411 1676 461 mandas,
1710 417 1751 452 et
1768 427 1827 462 ea,
1848 427 1948 466 quae

179 485 333 536 scribis,
379 500 425 525 ex
468 482 628 525 Saufeio
674 489 714 524 et
746 498 766 524 e
799 483 968 524 Xenone
1003 497 1254 537 cognoscam.
1290 484 1330 523 3.
1366 482 1426 523 De
1460 482 1511 534 Q.
1546 482 1644 534 filio,
1677 485 1835 539 gaudeo
1869 485 1947 527 tibi

145 572 159 595 5
178 574 286 600 meas
330 558 466 599 literas
512 557 621 612 prius
667 572 690 597 a
732 555 941 597 tabellario
985 570 1074 597 meo
1119 571 1239 610 quam
1273 555 1322 596 ab
1357 556 1444 611 ipso
1478 555 1669 608 redditas,
1704 573 1947 613 quamquam

178 636 217 672 te
261 630 365 672 nihil
396 630 615 671 fefellisset.
664 631 952 672 Verumtamen
974 663 981 670 .
1006 663 1012 670 .
1036 662 1044 670 .
1079 629 1158 671 Sed
1191 635 1393 685 exspecto,
1428 629 1525 684 quid
1558 630 1625 671 ille
1660 638 1806 683 tecum,
1845 633 1945 688 quid
1996 630 1999 634 ”

179 713 224 746 tu
267 704 457 754 vicissim,
503 719 576 745 nec
611 702 755 744 dubito
789 703 889 757 quin
923 718 996 744 suo
1030 718 1137 743 more
1171 707 1354 758 uterque.
1405 702 1483 744 Sed
1517 717 1582 744 eas
1613 703 1749 746 literas
1782 705 1949 746 Curium

179 779 280 820 mihi
313 793 426 834 spero
461 777 731 827 redditurum,
767 777 837 832 qui
870 776 1031 831 quidem
1066 777 1141 817 etsi
1187 792 1253 832 per
1287 792 1327 817 se
1361 782 1421 817 est
1454 775 1637 818 amabilis
1670 792 1692 818 a
1726 792 1868 832 meque
1891 777 1950 819 di-

179 853 332 907 ligitur,
379 857 514 893 tamen
559 850 722 892 accedet
765 865 935 905 magnus
969 849 1154 891 cumulus
1189 849 1549 891 commendationis
1582 856 1689 891 tuae.
1727 856 1767 892 i.
1801 851 1950 892 Literis

126 941 161 967 10
180 927 262 967 tuis
307 926 403 967 satis
447 939 681 980 responsum
728 930 812 975 est,
857 939 966 965 nunc
1012 923 1106 965 audi
1151 923 1274 979 quod,
1309 924 1385 965 etsi
1417 923 1602 978 intelligo
1635 922 1756 964 scribi
1788 939 1949 965 necesse

182 1015 261 1040 non
297 1014 396 1050 esse,
432 998 563 1041 scribo
597 1005 748 1040 tamen.
794 997 927 1039 Multa
970 1013 1032 1039 me
1066 1004 1229 1039 movent
1260 998 1303 1039 in
1337 997 1530 1048 discessu,
1565 997 1763 1053 imprimis
1795 997 1949 1039 meher-

182 1073 284 1123 cule,
330 1072 437 1127 quod
484 1072 672 1126 diiungor
721 1087 744 1113 a
786 1077 848 1122 te;
893 1076 1027 1112 movet
1060 1072 1180 1112 etiam
1214 1070 1485 1125 navigationis
1518 1069 1646 1120 labor,
1682 1070 1836 1112 alienus
1869 1086 1951 1112 non

182 1146 232 1187 ab
282 1151 411 1187 aetate
461 1145 590 1187 solum
635 1150 771 1186 nostra
822 1159 957 1185 verum
1003 1144 1122 1185 etiam
1168 1160 1189 1186 a
1233 1143 1445 1198 dignitate,
1480 1148 1717 1199 tempusque
1751 1143 1950 1186 discessus

183 1220 495 1262 subabsurdum.
531 1219 813 1273 Relinquimus
847 1219 954 1260 enim
988 1234 1140 1274 pacem,
1183 1224 1229 1259 ut
1262 1217 1311 1259 ad
1346 1217 1496 1259 bellum
1531 1223 1790 1269 revertamur,
1825 1218 1950 1274 quod-

130 1313 161 1339 15
183 1309 259 1349 que
303 1294 493 1349 temporis
538 1294 580 1334 in
630 1293 844 1348 praediolis
886 1293 1034 1333 nostris
1079 1299 1119 1333 et
1162 1291 1265 1333 belle
1315 1291 1533 1333 aedificatis
1566 1298 1606 1333 et
1639 1293 1737 1333 satis
1771 1293 1950 1334 amoenis

184 1368 367 1409 consumi
415 1367 563 1422 potuit,
614 1367 655 1407 in
702 1366 1021 1422 peregrinatione
1066 1366 1352 1407 consumimus.
1403 1366 1672 1407 Consolantur
1717 1365 1835 1407 haec:
1883 1372 1952 1406 aut

186 1440 434 1496 proderimus
479 1440 635 1495 aliquid
680 1440 865 1481 Ciceroni
918 1446 1001 1490 aut,
1053 1444 1245 1494 quantum
1294 1440 1431 1494 profici
1476 1440 1615 1495 possit,
1666 1437 1951 1480 iudicabimus.

189 1514 343 1555 Deinde
389 1519 434 1556 tu
475 1515 569 1566 iam,
615 1520 661 1556 ut
701 1530 814 1571 spero
855 1520 894 1555 et
926 1521 972 1555 ut
1005 1513 1220 1569 promittis,
1255 1513 1400 1554 aderis.
1432 1512 1551 1564 Quod
1587 1512 1749 1568 quidem
1783 1511 1816 1552 si
1849 1511 1953 1552 acci-

140 1638 144 1644 ·
188 1589 305 1639 derit,
340 1589 475 1630 omnia
507 1587 624 1629 nobis
657 1594 776 1630 erunt
820 1588 997 1628 meliora.
1035 1590 1075 1627 5.
1111 1586 1288 1628 Maxime
1323 1591 1457 1627 autem
1490 1601 1552 1627 me
1586 1585 1698 1641 angit
1731 1585 1832 1626 ratio
1865 1583 1954 1625 reli-

134 1676 168 1701 10
190 1677 359 1716 quorum
403 1676 596 1712 meorum,
643 1677 743 1716 quae
788 1676 1028 1716 quamquam
1064 1660 1263 1715 explicata
1297 1666 1406 1710 sunt,
1439 1665 1588 1710 tamen,
1624 1658 1730 1713 quod
1764 1663 1804 1698 et
1836 1657 1955 1698 Dola-

190 1735 317 1776 bellae
361 1750 507 1776 nomen
551 1735 594 1776 in
639 1735 688 1775 iis
733 1740 792 1775 est
838 1741 878 1775 et
911 1732 1173 1774 attributione
1207 1732 1308 1774 mihi
1341 1733 1504 1774 nomina
1537 1733 1689 1787 ignota,
1724 1728 1954 1778 conturbor,

189 1825 263 1851 1100
296 1824 359 1850 1110
392 1808 474 1850 ulla
506 1824 569 1849 res
601 1808 729 1862 magis
763 1808 876 1862 angit
909 1822 957 1848 ex
990 1805 1192 1847 omnibus.
1228 1806 1370 1860 Itaque
1404 1821 1486 1847 non
1509 1805 1609 1846 mihi
1632 1804 1769 1846 videor
1791 1817 1953 1853 errasse,

189 1883 298 1938 quod
333 1882 382 1924 ad
417 1881 591 1924 Balbum
626 1882 768 1936 scripsi
803 1881 994 1936 apertius,
1030 1885 1089 1930 ut,
1125 1880 1157 1920 si
1191 1879 1289 1934 quid
1322 1879 1401 1921 tale
1435 1878 1660 1928 accidisset,
1695 1883 1742 1919 ut
1757 1892 1839 1918 non
1862 1891 1954 1918 con-

187 1960 393 1997 currerent
436 1955 614 2005 nomina,
661 1953 906 2002 subveniret,
956 1967 1097 2007 meque
1147 1951 1223 1993 tibi
1268 1953 1388 1993 etiam
1434 1952 1656 2002 mandasse,
1699 1957 1759 2001 ut,
1793 1951 1827 1992 si
1860 1949 1957 2006 quid

228 2134 246 2163 8
269 2132 309 2162 mi
331 2142 420 2172 spero
443 2152 482 2156 —
505 2133 523 2163 9
546 2132 668 2163 aceedit
692 2151 731 2156 —

231 2305 249 2344 ξ
273 2306 302 2335 2.
325 2303 372 2334 De
397 2304 542 2334 Cicerone
565 2313 598 2333 o:
623 2303 663 2333 de
685 2303 754 2333 filio
778 2312 861 2333 meo.
887 2302 935 2333 Cf.
953 2312 1003 2343 ep.
1022 2304 1048 2340 1,

190 2361 218 2395 ᾖ,
250 2359 336 2389 unde
373 2358 480 2388 lucem
513 2357 679 2397 accipiunt
713 2366 856 2396 quoque,
894 2367 976 2397 quae
1009 2358 1050 2388 de

189 2410 332 2442 Xenone
355 2410 386 2440 h.
411 2411 431 2440 l.
455 2410 651 2441 referuntur.
674 2409 852 2446 Herodem,
868 2410 972 2440 Marci
991 2410 1050 2440 tilii

190 2465 394 2504 magistrum,
418 2464 482 2494 iam
508 2463 735 2502 cognovimus.

233 2518 251 2557 ξ
274 2518 303 2548 3.
325 2516 374 2547 De
399 2515 424 2556 Q
451 2516 533 2555 filio,
556 2521 616 2546 eet.
640 2515 691 2546 ef.
715 2516 755 2546 ad
774 2525 824 2556 epv
850 2516 876 2552 1,
901 2516 919 2545 6
943 2516 973 2546 h.
999 2516 1018 2546 l.

233 2571 296 2602 Suo
318 2581 399 2601 more
423 2571 551 2611 uterque
574 2579 617 2600 sc.
641 2575 676 2600 tu
700 2569 852 2609 graviter,
876 2569 934 2600 ille
954 2570 1052 2600 simu-

192 2627 265 2658 late.

238 2680 364 2712 Curium
395 2686 475 2721 puto
505 2689 575 2710 esse
607 2680 759 2715 eundem,
797 2688 895 2718 quem
924 2679 958 2709 in
989 2679 1055 2719 epi-

197 2734 290 2765 stolis
312 2733 332 2764 2
354 2738 386 2764 et
408 2734 425 2764 3
449 2732 507 2763 lib.
537 2732 607 2763 VH
636 2731 782 2762 laudavit
815 2737 846 2762 et
882 2732 922 2762 ad
954 2741 1052 2772 quem
1077 2744 1079 2767 ς

193 2787 330 2828 scriptae
362 2791 439 2817 sunt
472 2795 543 2825 epp.
577 2785 616 2815 23
646 2794 734 2824 seqq.
766 2784 842 2814 libri
868 2784 938 2815 VII
960 2784 1053 2814 Fam.
1078 2783 1079 2816 j
1101 2783 1264 2815 Rechtsw.
1287 2781 1385 2812 XIV.
1410 2780 1437 2818 1,
1462 2792 1491 2821 p.
1515 2782 1556 2810 44
1576 2780 1612 2810 in
1635 2780 1712 2810 adn.
1740 2779 1774 2820 7)
1796 2779 1959 2810 scribens:

237 2840 319 2871 Mihi
344 2850 444 2880 spero.
485 2839 582 2877 Quod
608 2848 625 2869 e
648 2838 736 2869 Med.
760 2843 894 2869 notatur
914 2838 947 2868 in.
967 2849 1055 2879 φεμ)-
1078 2828 1079 2870 l

192 2904 227 2925 ro
258 2893 365 2934 magis
402 2892 611 2923 commendat
650 2891 737 2930 mihi,
777 2901 876 2932 quam
910 2896 1054 2921 contrac-

194 2954 264 2978 tum
286 2947 336 2978 mi.

1100 2301 1267 2333 Kahntius
1289 2300 1403 2340 symb.
1429 2299 1508 2331 Crit.
1526 2299 1604 2340 1).ss
1620 2299 1856 2336 difficultatem,
1873 2307 1956 2338 quae

1102 2356 1133 2385 in
1157 2355 1209 2384 his
1222 2353 1330 2384 verbis
1344 2353 1438 2389 inest,
1452 2352 1623 2383 sustulisse
1636 2350 1699 2382 sibi
1712 2352 1839 2382 videtur
1854 2356 1956 2382 trans-

1100 2408 1252 2449 ponendo
1273 2405 1478 2436 altr-ibulz‘one
1501 2408 1530 2434 el
1554 2405 1628 2435 mihi
1646 2417 1675 2435 η.
1691 2405 1755 2445 ι’φι.
1778 2404 1865 2435 Mihi
1879 2413 1957 2434 vero

1101 2461 1146 2491 sie
1169 2460 1289 2490 vulnus
1313 2459 1443 2499 gravari
1465 2458 1607 2488 videtur.
1630 2457 1789 2488 Ablativo
1800 2462 1911 2487 tamen
1926 2461 1959 2487 et·

1101 2516 1169 2556 ipse
1192 2514 1350 2550 offendor,
1373 2512 1650 2552 scribendumque
1672 2512 1786 2542 eredo:
1811 2513 1843 2541 et
1857 2521 1896 2541 ez·
1911 2512 1959 2540 at-

1101 2568 1269 2600 tributione
1302 2575 1363 2598 cet..
1397 2565 1444 2596 Es
1474 2565 1604 2596 facilius
1638 2575 1655 2595 a
1685 2564 1829 2595 librariis
1851 2564 1959 2595 omitti

1101 2622 1207 2663 potuit
1230 2630 1330 2661 quam
1353 2619 1396 2656 iv,
1419 2625 1456 2650 ut
1478 2618 1637 2649 Ernestus
1660 2617 1809 2656 addebat,
1835 2623 1868 2648 et
1890 2627 1961 2648 sen-

1076 2678 1077 2685 *
1102 2675 1225 2706 tentiae
1258 2673 1378 2704 melius
1413 2673 1511 2704 etiam
1534 2672 1700 2703 convenit.
1733 2671 1814 2702 Alia
1835 2671 1961 2701 ratione

1100 2730 1182 2760 haec
1204 2728 1377 2769 temptavit
1397 2726 1592 2758 Huschkius
1615 2726 1786 2766 (Zeitschr.
1809 2725 1830 2756 f.
1850 2724 1959 2766 gesch.

1103 2839 1133 2868 et
1156 2835 1320 2867 attributio
1343 2834 1440 2865 nectit
1469 2834 1546 2865 mihi
1576 2833 1702 2864 nomina
1724 2833 1850 2874 iqnota;
1873 2833 1961 2873 quod

1103 2890 1188 2921 mihi
1210 2889 1345 2930 quidem
1376 2898 1442 2919 non
1471 2888 1642 2928 probatur.
1685 2886 1735 2918 De
1767 2885 1961 2917 Dolabellae

1079 2958 1080 2962 ¹
1102 2943 1212 2974 debito
1246 2941 1287 2972 cf.
1323 2941 1486 2982 imprimis
1509 2940 1609 2971 XIV.
1633 2940 1681 2976 18,
1706 2939 1722 2969 l
1747 2944 1780 2970 et
1801 2939 1842 2970 de
1872 2939 1961 2970 attri-

237 3000 369 3031 Accedet
391 3010 435 3031 sc.
458 2999 590 3040 quando
626 2998 764 3029 Curium
798 2998 838 3028 ad
866 3007 918 3028 me
945 2998 1056 3028 mittes
1079 3016 1081 3035 ,
1104 2994 1239 3025 bunione
1260 2993 1340 3024 XV.
1365 2993 1413 3030 13,
1438 2995 1467 3023 5.
1492 2992 1586 3023 Fam.
1611 2992 1710 3023 XVI.
1734 2991 1785 3021 24.

194 3065 268 3086 cum
292 3054 404 3092 literis,
436 3053 554 3094 quibus
587 3061 663 3083 eum
694 3052 918 3083 commendas.
956 3051 1055 3082 Futu-
1079 3038 1081 3095 ἶ

1080 3100 1187 3148 ¹Rmihi
1219 3099 1387 3137 deberent,
1421 3108 1487 3129 non
1526 3099 1763 3140 responderent
1799 3098 1840 3128 ad
1880 3096 1963 3127 illud

1080 3154 1083 3159 '
1103 3158 1242 3193 tempus,
1266 3163 1330 3192 quo
1354 3152 1436 3182 mihi
1459 3151 1596 3192 pecunia
1620 3160 1700 3191 opus
1724 3159 1818 3181 esset.

194 3119 266 3140 rum
289 3118 307 3140 e
329 3109 419 3140 Med.
441 3106 594 3138 Klotzius
616 3112 703 3137 recte
724 3105 902 3137 revocavit.

238 3164 255 3203 ξ
295 3165 323 3193 5.
365 3162 399 3191 ΕΙ
435 3160 642 3192 altribuiione
679 3160 755 3189 mila·
783 3158 907 3190 nomina
938 3158 1056 3200 iqnola.

1149 3046 1187 3077 Ut
1219 3056 1279 3076 non
1309 3047 1532 3077 concurrerent
1563 3044 1686 3076 nomina
1719 3054 1752 3075 o:
1783 3050 1820 3075 ut
1849 3044 1883 3082 ii,
1905 3043 1962 3084 qui

2054 2099 2062 2129 ..ψ
2047 2029 2060 2082 «r.-

2056 2699 2062 2706 f
2048 2659 2062 2692 νῦ
2037 2323 2062 2648 Μ-ἯὰΜᾺ-(ιῗῖμ
2053 2283 2062 2314 ,φ
2059 2238 2062 2242 ,
