2062 3565
658 148 762 190 ΠΒ.
797 148 920 190 XIII.
957 148 1040 191 ΕΡ.
1079 151 1275 191 25—27.
1761 152 1846 190 239

85 283 263 326 revolvor
301 283 521 325 identidem
567 285 608 326 in
657 284 945 326 Tusculanum.
995 284 1168 336 Quidvis
1212 285 1318 326 enim
1354 285 1501 340 potius,
1537 300 1655 340 quam
1689 292 1736 327 ut
1771 300 1848 326 non

84 357 159 399 hac
203 361 352 398 aestate
392 355 635 399 absolvatur.
683 361 722 399 2.
770 359 870 412 Ego,
915 364 962 399 ut
1004 364 1164 414 tempus
1204 364 1266 399 est
1309 365 1504 409 nostrum,
1550 358 1680 401 locum
1724 357 1851 400 habeo

85 429 255 480 nullum,
301 428 373 471 ubi
417 429 574 471 facilius
619 446 703 472 esse
748 431 896 486 possim
944 446 1061 485 quam
1097 433 1283 473 Asturae.
1333 431 1412 472 Sed
1445 431 1554 486 quia,
1589 433 1660 487 qui
1693 446 1848 473 mecum

83 508 179 546 sunt
213 528 270 533 —-
305 503 424 545 credo
457 503 565 558 quod
600 504 842 545 maestitiam
878 519 1005 545 meam
1039 519 1119 546 non
1154 504 1290 545 ferunt
1325 529 1397 554 —‚
1432 504 1595 546 domum
1619 511 1847 561 properant,

81 576 158 618 etsi
205 581 383 632 poteram
428 591 646 626 remanere,
692 582 841 626 tamen,
893 582 939 618 ut
982 578 1122 633 scripsi
1167 576 1258 627 tibi,
1306 577 1531 633 proficiscar
1565 578 1674 627 hinc,
1710 593 1758 618 ue
1793 592 1850 618 re·
1893 591 1905 613 r,

81 648 201 691 licths
248 649 398 692 videar.
448 649 540 701 Quo
582 651 746 691 autem?
790 650 1050 693 Lanuvium?
1098 651 1232 692 Conor
1264 650 1451 706 equidem
1484 651 1528 692 in
1561 650 1848 692 Tusculanum.

82 723 159 766 Sed
206 722 349 766 faciam
396 728 436 764 te
480 723 615 764 statim
650 723 873 764 certiorem.
907 724 970 764 'l‘u
1004 723 1139 766 literas
1172 724 1373 765 conficies,
1427 723 1624 779 Equidem
1658 723 1850 766 credibile

82 813 162 840 non
195 803 256 840 est
288 801 485 852 quantum
519 795 706 847 scribam,
742 798 811 851 qui
846 798 966 839 etiam
1001 797 1203 839 noctibus.
1257 798 1371 839 Nihil
1413 799 1521 840 enim
1555 798 1698 840 somni.
1752 799 1848 839 Heri

81 873 201 914 etiam
247 871 359 913 effeci
405 871 616 926 epistolam
666 871 714 912 ad
750 871 979 923 Caesarem
1014 871 1091 913 tibi
1124 872 1230 913 enim
1266 871 1468 927 placebat:
1504 887 1625 928 quam
1659 888 1739 914 non
1775 872 1852 914 fuit

83 945 232 988 malum
265 944 401 995 scribi,
436 946 469 986 si
502 945 603 987 forte
638 961 739 1000 opus
772 961 856 987 esse
891 953 1065 1001 putares.
1102 946 1159 987 Ut
1191 944 1355 1000 quidem
1389 960 1497 987 nunc
1531 952 1605 997 est,
1630 945 1733 987 nihil
1757 961 1850 987 sane
1877 963 1909 988 ιο

85 1024 146 1061 est
177 1034 337 1061 necesse
370 1019 543 1060 mittere.
578 1018 655 1061 Sed
689 1018 730 1059 id
765 1019 942 1074 quidem,
976 1025 1023 1060 ut
1054 1018 1131 1061 tibi
1167 1017 1383 1060 videbitur.
1436 1019 1599 1060 Mittam
1631 1025 1766 1061 tamen
1801 1020 1850 1060 ad

86 1097 126 1133 te
159 1092 385 1148 exemplum
418 1092 584 1134 fortasse
618 1092 814 1142 Lanuvio,
851 1093 929 1134 nisi
963 1093 1063 1133 forte
1100 1092 1280 1133 Romam.
1317 1091 1394 1132 Sed
1429 1106 1514 1132 cras
1548 1093 1662 1133 scies.

125 1282 142 1313 8
164 1281 297 1313 scribam
318 1280 381 1318 die,
403 1282 478 1323 quin
505 1282 599 1313 etiam
622 1301 663 1304 —

125 1455 217 1487 Haec
240 1455 389 1496 epistola,
420 1455 453 1486 in
485 1465 551 1496 qua
583 1456 693 1496 agitur
727 1457 767 1487 (le
799 1456 872 1486 loco
906 1455 945 1485 ad
992 1456 1044 1496 qui
1083 1455 1178 1485 etiam
1215 1455 1365 1486 noctibus.
1409 1456 1518 1487 Nimis
1553 1456 1714 1496 patienter
1755 1456 1854 1487 edito-

85 1507 197 1539 fanum
221 1508 418 1549 quaerendo,
453 1508 493 1538 de
524 1507 726 1548 profectione
757 1518 813 1539 sua
845 1513 876 1539 et
905 1507 946 1538 de
994 1517 1044 1539 res
1081 1515 1151 1548 post
1184 1508 1315 1539 scribam
1351 1518 1575 1550 propagarunt
1606 1519 1636 1539 v.
1669 1508 1730 1546 die,
1766 1509 1854 1549 quod

85 1560 225 1602 epistola
250 1562 291 1593 ad
319 1560 503 1599 Caesarem,
545 1567 722 1603 antequam
756 1562 945 1593 Lanuvium
994 1571 1060 1591 non
1085 1570 1102 1592 e
1124 1561 1236 1592 codice
1259 1561 1489 1603 depromptum
1511 1569 1570 1593 est.
1607 1560 1724 1593 Cicero
1753 1560 1856 1601 scrip-

85 1615 250 1656 profectus
272 1617 330 1654 e'st,
353 1616 474 1658 scripta
495 1616 558 1647 fuit
579 1622 733 1658 recteque
750 1626 768 1647 a
784 1615 943 1648 Schutzio
993 1614 1089 1645 sisset
1111 1614 1228 1645 saltem
1251 1614 1366 1645 diebus.
1392 1614 1491 1653 Quod
1513 1625 1592 1646 mox
1617 1615 1650 1646 in
1674 1614 1765 1646 Med.
1786 1618 1858 1646 erat

85 1675 157 1711 post
178 1671 270 1712 epist.
298 1671 337 1702 41
362 1671 438 1702 libri
461 1671 535 1702 XII
559 1676 607 1703 est
627 1671 798 1702 collocata.
992 1667 1067 1709 quin
1089 1667 1183 1698 etiam
1208 1674 1400 1709 corruptum
1429 1678 1499 1700 esse
1528 1678 1546 1700 e
1575 1668 1628 1710 qui
1659 1667 1856 1709 pronomine

126 1724 146 1765 ς
169 1724 197 1756 1.
220 1723 270 1756 De
297 1723 429 1766 Verqilii
442 1727 540 1766 parte
561 1725 654 1756 valde
665 1725 772 1765 probo.
795 1724 836 1755 cf.
863 1724 946 1755 XII.
971 1724 973 1747 '³
993 1720 1117 1751 causali
1141 1721 1174 1750 vi
1196 1721 1302 1761 posito
1317 1721 1450 1761 egregie
1467 1721 1706 1752 demonstravit
1718 1720 1855 1752 Wesen-

85 1776 135 1815 51,
158 1777 178 1808 2
201 1783 234 1810 et
254 1777 359 1809 XIII.
381 1779 430 1815 33,
453 1778 482 1809 2.
509 1778 679 1818 Vergilius
705 1778 762 1809 ille
780 1783 849 1809 erat
859 1787 946 1808 unus
970 1770 974 1825 l
998 1776 1130 1816 bergius
1154 1786 1182 1817 p.
1213 1776 1282 1808 123.
1305 1775 1376 1808 Sub
1398 1777 1484 1808 idem
1507 1782 1637 1818 tempus
1660 1776 1777 1808 Cicero
1795 1776 1855 1807 Fa-

87 1840 131 1862 ex
151 1830 328 1862 heredibus
350 1830 556 1872 Scapulanis,
579 1832 675 1862 cuius
691 1830 865 1871 partemin
881 1839 946 1861 sec-
999 1829 1055 1860 dio
1076 1828 1174 1860 Gallo
1203 1829 1382 1861 scribebat:
1415 1830 1517 1871 Atque
1550 1829 1688 1871 equidem
1710 1829 1855 1871 aliquan-

85 1883 178 1914 tione
201 1883 363 1914 bonorum
385 1884 519 1914 Atticus
535 1883 709 1914 emendam
727 1883 873 1923 putabat.
898 1882 947 1913 De
972 1893 974 1919 ι
996 1885 1058 1913 tum
1082 1883 1144 1914 iam
1167 1883 1261 1914 eliam
1284 1883 1386 1915 noctis
1406 1893 1541 1914 assumo.
1574 1883 1668 1915 Fam.
1702 1884 1781 1914 VII.
1817 1884 1856 1914 25

86 1937 248 1978 scriptura
269 1937 415 1968 nominis
437 1937 545 1968 dicam
569 1938 610 1968 ad
635 1936 738 1968 XIII.
761 1937 812 1968 33.
997 1943 1081 1968 extr.

128 1989 175 2021 Ne
197 1990 325 2022 turbem.
346 1991 386 2022 cf.
410 1991 457 2022 II.
482 1991 530 2028 17,
559 1991 583 2022 l.
973 2030 975 2035 .
1040 1989 1111 2020 Nisi
1131 1989 1226 2030 forle
1259 1989 1384 2020 Romam
1416 2000 1460 2021 sc.
1494 1999 1548 2021 me
1581 1990 1760 2021 contulero.
1806 1989 1858 2021 Ibi

127 2044 146 2084 ξ
168 2043 197 2074 2.
226 2042 282 2075 Ubi
293 2043 435 2084 facilius
457 2053 525 2074 esse
535 2044 652 2084 possim
668 2054 703 2075 o:
724 2041 879 2075 libentius
905 2043 948 2074 cf.
974 2041 976 2072 l
998 2051 1102 2082 quum
1132 2042 1200 2083 ipse
1229 2042 1379 2073 Atticum
1414 2042 1592 2074 convenire
1621 2049 1739 2083 posset,
1773 2042 1857 2072 nihil

86 2098 127 2128 ad
150 2096 232 2128 XII.
255 2097 306 2135 34,
331 2097 360 2128 1.
975 2103 977 2138 3
1000 2105 1082 2136 opus
1103 2103 1172 2126 erat
1195 2095 1326 2126 mittere
1349 2096 1551 2136 exemplum.

130 2148 276 2191 Equidem
299 2149 447 2181 credibile
469 2160 531 2180 non
556 2153 603 2180 es!
633 2152 783 2190 quantum
808 2149 951 2186 scribam,

648 2286 834 2327 XXVII.
902 2287 967 2332 (A.
1010 2286 1054 2327 U.
1095 2287 1135 2326 C.
1175 2286 1292 2339 709.)

158 2413 198 2454 1.
243 2411 302 2453 De
345 2412 513 2468 epistola
556 2412 606 2453 ad
649 2412 872 2463 Caesarem,
918 2411 1034 2454 nobis
1079 2428 1171 2454 vero
1221 2427 1376 2468 semper
1420 2412 1640 2453 rectissime
1690 2412 1855 2467 placuit,

93 2490 140 2526 ut
179 2485 247 2527 isti
291 2491 384 2527 ante
427 2484 619 2539 legerent.
671 2485 800 2526 Aliter
843 2486 949 2527 enim
993 2485 1209 2528 fuissemus
1243 2493 1284 2527 et
1317 2486 1359 2527 in
1393 2484 1466 2526 hos
1499 2486 1709 2526 inofficiosi
1743 2491 1783 2526 et
1816 2486 1857 2526 in

93 2564 250 2602 nosmet
291 2560 412 2615 ipsos,
457 2559 491 2600 si
539 2558 653 2600 illum
699 2559 890 2600 offensuri
933 2559 1099 2611 fuimus,
1146 2574 1269 2615 paene
1321 2559 1548 2615 periculosi.
1599 2559 1673 2601 Isti
1723 2566 1856 2600 autem

95 2633 285 2688 ingenue,
333 2631 511 2686 mihique
559 2636 732 2686 gratum,
781 2631 887 2686 quod
932 2632 1031 2688 quid
1075 2633 1272 2674 sentirent
1318 2647 1399 2674 non
1441 2632 1712 2674 reticuerunt:
1757 2631 1858 2672 illud
1899 2654 1913 2678 5

97 2721 189 2748 vero
223 2706 285 2747 vel
317 2706 480 2762 optime,
513 2705 621 2760 quod
654 2705 712 2747 ita
743 2705 871 2747 multa
903 2706 1050 2748 mutari
1084 2707 1238 2758 volunt,
1280 2713 1326 2749 ut
1359 2705 1457 2747 mihi
1492 2705 1540 2747 de
1573 2705 1730 2761 integro
1765 2705 1858 2746 scri-

139 2896 158 2937 §
181 2897 210 2928 1.
231 2895 280 2927 De
302 2895 435 2937 epistola
455 2893 500 2924 ad
515 2892 690 2924 Caesarem.
703 2892 744 2924 cf.
759 2892 841 2925 XII.
857 2893 908 2932 40,
923 2893 954 2926 2.
976 2910 980 2967 1
1001 2904 1106 2936 quens
1120 2895 1333 2936 periculosum
1356 2903 1424 2926 esse
1445 2894 1477 2925 z'n
1507 2904 1541 2925 se
1562 2894 1603 2925 de
1625 2902 1673 2931 eo,
1697 2893 1753 2933 qui
1777 2893 1859 2933 peri-

99 2950 200 2982 XIII.
223 2950 273 2988 26,
296 2950 316 2982 2
339 2956 410 2982 tum
433 2948 591 2990 epistolae
613 2948 764 2988 proxime
780 2953 953 2990 sequentes
978 2974 979 2980 ,
1001 2949 1114 2981 culum
1125 2949 1189 2980 sibi
1202 2953 1301 2981 creat.
1314 2947 1521 2980 Adverbium
1532 2957 1633 2988 paene
1648 2956 1714 2977 non
1730 2946 1860 2977 restrin-

98 3003 148 3042 28,
171 3003 192 3035 2
213 3010 246 3035 ct
267 3003 317 3041 31,
340 3004 369 3035 3.
1003 3002 1052 3043 git
1064 3002 1271 3039 vocabulum,
1288 3010 1432 3041 quocum
1448 3000 1604 3040 iungitur,
1620 2999 1676 3029 sed
1693 2998 1759 3029 fere
1776 2997 1860 3029 nihil

142 3058 203 3090 Isti
224 3064 302 3091 sunt
323 3057 522 3096 Caesariani,
543 3057 602 3098 qui
624 3062 695 3088 tum
715 3057 841 3089 Rornae
863 3062 957 3088 erant
1002 3056 1052 3087 rei
1072 3056 1185 3088 deesse
1207 3055 1330 3086 indicat
1352 3059 1520 3095 potestque
1543 3052 1701 3094 explicari
1718 3052 1859 3093 penitus,

99 3122 173 3144 cum
195 3113 322 3145 Attico.
1003 3108 1112 3149 plane.
1134 3108 1212 3139 Vid.
1236 3107 1401 3145 Handius,
1425 3106 1520 3137 Tui-s.
1545 3105 1606 3136 IV.
1631 3115 1660 3145 p.
1684 3104 1744 3136 417
1768 3114 1860 3145 seqq.

143 3165 247 3198 Paene
265 3165 446 3206 periculosi.
467 3165 622 3196 Notanda
644 3170 692 3196 est
713 3164 837 3195 locutio
861 3162 956 3194 infre·
1049 3160 1087 3190 Ut
1109 3160 1185 3191 milti
1206 3160 1245 3190 de
1267 3159 1389 3199 intem-o
1413 3157 1565 3188 scribendi
1587 3166 1681 3186 caum
1695 3166 1754 3186 non
1770 3156 1812 3186 sit
1824 3166 1856 3187 o:
