2062 3565
454 168 560 211 LIB.
594 170 670 212 IX.
707 170 790 212 ΕΡ.
831 173 898 212 19.
936 196 991 203 -
1027 173 1134 214 LIB.
1169 173 1221 215 X.
1256 174 1340 215 ΕΡ.
1380 176 1398 215 1

1761 179 1807 217 57

53 306 188 363 magni
219 306 385 348 aestimo
418 305 494 348 tibi
528 306 815 348 firmitudinem
849 307 974 348 animi
1010 309 1133 349 nostri
1168 316 1208 350 et
1243 311 1393 352 factum
1427 320 1606 352 nostrum
1645 312 1813 366 probari.

54 382 173 424 Sexto
211 379 318 422 enim
361 384 498 420 nostro
545 379 652 434 quod
701 380 844 422 scribis
888 380 1060 436 probari,
1107 384 1164 424 ita
1199 384 1334 434 laetor,
1370 392 1416 426 ut
1448 400 1511 426 me
1545 386 1658 440 quasi
1693 388 1815 441 patris

53 453 154 503 eius,
201 452 267 494 cui
312 467 466 508 semper
508 454 578 495 uni
623 454 839 509 plurimum
884 454 1023 505 tribui,
1069 456 1220 498 iudicio
1265 457 1513 513 comprobari
1560 465 1710 514 putem,
1745 461 1812 514 qui

53 525 166 578 mihi,
214 524 321 581 quod
349 540 465 581 saepe
499 526 605 568 soleo
640 526 851 576 recordari,
886 527 990 569 dixit
1022 529 1115 570 olim
1152 530 1284 572 Nonis
1320 531 1437 586 [illis]
1472 532 1552 574 illis
1585 533 1813 574 Decembri-

48 599 164 671 rbus,⁸
173 614 300 655 quum
332 613 428 654 ego:

375 713 445 731 ”⁶

91 743 110 766 n
131 713 212 769 Μὴ
243 711 369 771 μάν,

470 627 490 650 ,Ι
501 600 634 650 Sexte,
669 600 860 655 quidnam
893 616 987 656 ergo
999 602 1047 643 1³³¹
1853 616 1867 642 s

435 713 570 769 inquit
603 712 683 764 ille,
727 708 1010 764 ,Ιάσπουδεί
1036 731 1086 774 γε
1120 714 1208 757 καὶ
1243 712 1453 767 α’κλυὼς
1486 714 1780 774 α’πολοιμην,

66 783 240 831 ”And
271 785 406 846 μέγα
442 782 591 843 ῥέξας
627 802 671 828 τι
707 784 796 829 καὶ
831 784 1150 846 ἐσσομένοισι
1188 788 1503 832 πυθέσθαι.”

52 910 151 953 Elius
181 909 306 964 igitur
339 909 438 951 mihi
472 911 572 952 vivit
597 911 814 952 auctoritas
848 917 888 952 et
922 912 1149 954 simillimus
1183 913 1269 954 eius
1301 913 1407 954 filius
1440 914 1576 955 eodem
1601 920 1660 955 vsi
1705 916 1808 970 apud

48 997 114 1025 me
156 981 345 1038 pondere,
390 997 470 1039 quo
512 982 591 1025 fuit
622 983 689 1025 ille
702 1002 712 1034 3
749 998 866 1038 quem
901 984 1050 1026 salvere
1084 985 1201 1027 velim
1235 985 1374 1027 iubeas
1409 986 1639 1041 plurimum.
1676 991 1716 1030 ⁴2..
1751 990 1811 1030 Tu

46 1061 173 1099 tuum·
208 1056 421 1099 consilium
469 1058 543 1099 etsi
589 1072 670 1099 non
719 1058 762 1099 in
802 1057 1070 1114 longinquum
1113 1064 1272 1115 tempus
1319 1059 1453 1101 differs
1503 1086 1558 1092 —
1592 1062 1671 1103 iam
1705 1064 1812 1105 enim
1835 1075 1867 1101 ιο

50 1127 162 1172 illum
211 1134 390 1185 emptum
437 1131 726 1186 pacificatorem
779 1144 981 1186 perorasse
1021 1137 1134 1187 put0‚
1177 1132 1253 1173 iam
1301 1138 1432 1174 actum
1468 1134 1618 1189 aliquid
1653 1150 1736 1176 esse
1771 1137 1813 1178 in

51 1217 237 1245 consessu
287 1208 515 1245 senatorum
569 1228 625 1233 —
672 1208 854 1245 senatum
901 1204 1008 1245 enim
1052 1219 1133 1246 non
1169 1208 1266 1260 puto
1302 1230 1373 1256 —-‚
1407 1211 1541 1248 tamen
1574 1222 1810 1263 suspensum

50 1276 76 1320 †
103 1291 236 1318 meum
269 1275 440 1327 detines,
483 1276 551 1318 sed
595 1291 641 1318 eo
673 1277 822 1328 minus,
858 1276 966 1332 quod
998 1292 1079 1318 non
1114 1277 1257 1320 dubito
1301 1278 1398 1333 quid
1449 1278 1564 1321 nobis
1613 1282 1812 1336 agendum

5 1360 21 1402 j,
49 1353 178 1407 putes.
212 1348 297 1396 Qui
329 1350 436 1392 enim
471 1349 608 1391 Flavio
639 1349 840 1405 legionem
872 1355 913 1391 et
946 1350 1123 1392 Siciliam
1157 1350 1242 1392 dari
1276 1351 1426 1393 scribas
1458 1347 1520 1396 e&
1531 1352 1573 1394 id
1606 1353 1685 1394 iam
1713 1356 1811 1406 fieri,

49 1437 150 1479 quae
181 1428 229 1466 tu
261 1423 409 1465 scelera
450 1423 597 1479 partim
641 1423 770 1479 parari
802 1424 883 1465 iam
917 1429 957 1464 et
990 1424 1172 1478 cogitari,
1207 1425 1353 1479 partim
1386 1440 1435 1466 ex
1468 1430 1644 1482 tempore
1678 1428 1813 1471 futura
1837 1444 1868 1470 15

49 1497 211 1539 censes?
242 1496 331 1552 Ego
374 1511 466 1539 vero
500 1497 671 1548 Solonis,
704 1497 909 1553 popularis
942 1497 1018 1547 tui,
1055 1522 1111 1528 —-
1146 1503 1192 1538 ut
1224 1504 1321 1553 puto
1355 1499 1475 1540 etiam
1509 1501 1587 1542 mei
1612 1526 1669 1531 -—
1687 1502 1814 1558 legem

49 1569 264 1626 negligam,
287 1571 368 1626 ,qui
402 1571 532 1626 capite
565 1570 712 1621 sanxit,
749 1571 781 1611 si
814 1571 883 1626 qui
917 1572 959 1612 in
994 1571 1190 1612 seditione
1224 1586 1303 1612 non
1339 1572 1503 1614 alterius
1536 1575 1667 1616 utrius
1690 1577 1814 1631 partis

90 1735 233 1768 4-Nom's
252 1735 332 1775 illis,
353 1737 422 1768 illis
445 1736 660 1768 Decembribus
684 1754 724 1758 —
751 1736 786 1767 13
809 1735 847 1767 de
869 1738 957 1767 lene-5
979 1754 1020 1759 —-
1045 1736 1084 1767 14
1110 1736 1194 1778 Quid
1215 1738 1294 1768 em'm
1319 1738 1482 1778 —Jierif
1506 1757 1545 1763 -—

47 1890 220 1922 discidium
249 1891 335 1923 inter
364 1891 562 1934 Pompeium
592 1903 670 1925 cum
703 1895 796 1926 bonis
831 1895 909 1926 viris

49 1949 83 1977 et
103 1943 279 1976 Caesarem
299 1955 375 1977 eum
398 1945 449 1984 iis,
479 1947 536 1988 qui
559 1948 734 1989 populares
756 1948 909 1981 diceban-

50 2001 111 2029 tur.
133 1997 175 2030 ef.
199 1997 293 2029 Fam.
318 1998 362 2029 V.
388 1999 436 2038 17,
461 1999 489 2031 l.

0 2050 9 2058 ⁸
88 2050 183 2083 Sexto
205 2051 389 2084 Peducaeo.
411 2053 451 2084 cf.
476 2054 517 2085 ad
539 2053 604 2086 IX.
628 2054 656 2092 7,
679 2055 709 2086 2.

90 2103 192 2136 Nonis
211 2104 281 2135 illie
300 2104 378 2136 Dec.
401 2105 581 2148 Perperam
602 2117 698 2149 pron.
719 2108 789 2140 illis
807 2108 909 2147 gemi-
931 2117 933 2119 ¹

49 2158 121 2190 nari
142 2158 225 2190 vidit
247 2158 418 2191 Emestus.
439 2159 481 2191 ef.
508 2161 537 2192 1.
559 2161 609 2199 19,
633 2161 662 2193 6.

0 2198 21 2283 {⁸}
87 2208 144 2247 Μὴ
174 2207 246 2256 μὰν
275 2223 308 2244 κ.
338 2223 375 2245 τ.
407 2209 440 2245 λ.
470 2213 596 2245 Iisdem
606 2214 757 2245 versibus
770 2223 813 2246 ex
831 2214 909 2246 Ilia-

12 2271 108 2303 ‘dos
130 2271 188 2303 lib.
211 2271 331 2303 XXII.
362 2282 393 2302 v.
418 2273 481 2304 304
502 2282 552 2313 sq.
584 2274 764 2315 desumptis
794 2273 910 2305 Cicero

958 1896 1027 1926 Vix
1050 1902 1136 1926 recte
1158 1896 1202 1926 ob
1224 1905 1270 1933 ea,
1290 1905 1373 1937 quae
1391 1896 1503 1927 statim
1520 1905 1714 1938 sequuntur.
1737 1898 1815 1929 For-

956 1956 1040 1982 tasse
1062 1951 1286 1982 scribendum:
1313 1951 1502 1992 Smpensum
1523 1954 1607 1983 metu
1629 1963 1674 1984 nze
1695 1956 1793 1985 tenes.

999 2005 1060 2046 Qui
1081 2005 1162 2036 enim
1185 2023 1227 2028 —
1249 2005 1384 2036 censes?
1407 2005 1521 2044 Quum
1545 2006 1578 2037 in
1605 2007 1698 2038 libris
1711 2009 1815 2039 omni-

959 2060 1016 2090 bus
1039 2064 1139 2091 esset:
1178 2058 1263 2100 Quid
1283 2059 1362 2090 enim
1385 2065 1448 2091 cet.
1478 2060 1512 2091 in
1541 2060 1593 2091 his
1622 2061 1731 2092 verbis
1761 2062 1814 2094 vel

956 2112 1163 2154 explicandis
1185 2113 1239 2144 vel
1263 2113 1478 2144 emendandis
1500 2113 1646 2144 diversas
1668 2114 1737 2145 vias
1767 2113 1814 2145 in-

932 2183 933 2202 ;
956 2166 1061 2206 gressi
1083 2170 1160 2196 sunt
1181 2165 1332 2197 editores.
1362 2165 1417 2196 Ex
1445 2165 1497 2197 his
1529 2175 1615 2197 unus
1637 2165 1815 2198 Schutzius

932 2233 933 2240 ¹
956 2229 1072 2251 verum
1093 2229 1197 2260 paene
1220 2220 1303 2251 vidit
1332 2226 1365 2251 et
1397 2220 1557 2260 optimam
1590 2229 1668 2251 sane
1697 2221 1815 2252 oratio·

955 2282 1033 2304 nem
1055 2272 1162 2304 effecit
1184 2272 1285 2303 hane:
1314 2271 1398 2312 Quid
1417 2271 1526 2303 enim?
1548 2282 1637 2313 quum
1651 2272 1815 2304 Flavio——

0 2319 19 2361 ,ἶ
48 2327 152 2359 utitur
187 2327 221 2358 in
255 2327 347 2368 epist.
377 2328 419 2359 ad
448 2327 634 2366 Caesarem,
672 2329 766 2360 Fam
804 2328 907 2360 XIII.
944 2325 1032 2367 fieri,
1056 2336 1134 2367 quae
1157 2328 1192 2356 ta
1215 2344 1256 2348 —
1278 2324 1413 2355 censes?
1451 2324 1517 2356 Sed
1547 2325 1658 2357 locum
1681 2326 1814 2367 integri-

5 2365 16 2382 5

0 2384 19 2421 ',
50 2381 98 2419 15,
120 2382 148 2413 2.

0 2428 21 2480 ζ
90 2435 110 2476 ξ
132 2437 162 2467 2.
187 2435 284 2466 Illum
306 2438 435 2477 emptum
452 2436 698 2478 pacificatorem.
728 2438 837 2476 Quem
860 2437 905 2468 di-

0 2483 20 2530 ζ
48 2495 109 2527 cat,
131 2490 293 2522 incertum
329 2495 393 2526 est:
424 2490 481 2521 sed
511 2499 553 2521 ex
583 2490 747 2527 omnibus,
777 2490 834 2531 qui
863 2490 906 2521 ab

0 2532 18 2573 3
49 2541 121 2574 intt.
152 2543 193 2574 ad
225 2543 257 2573 h.
282 2543 302 2573 l.
332 2543 568 2584 producuntur,
599 2542 729 2573 nullum
757 2542 834 2579 vidi,
869 2543 903 2573 in

17 2603 147 2637 quem
167 2595 249 2626 haec
271 2595 448 2636 appellatio
469 2594 576 2635 magis
591 2595 791 2632 conveniret,
804 2605 904 2635 quani

0 2617 23 2715 ἒ
48 2647 83 2680 in
106 2647 142 2681 C.
165 2648 355 2686 Curionem,
378 2649 471 2680 cuius
494 2657 602 2680 mores
630 2649 784 2690 depinxit
814 2649 904 2680 Vell.

49 2701 174 2734 Patere.
197 2702 245 2734 11.
266 2703 317 2733 48.

0 2747 26 2788 ξ
89 2754 132 2787 In
153 2764 299 2787 consessu
319 2757 447 2786 senator
449 2766 499 2786 um
520 2773 562 2779 —
582 2758 723 2786 senatum
748 2755 827 2787 enim
845 2765 906 2786 non
927 2753 929 2772 ³

4 2806 129 2850 'puta
145 2827 187 2832 —
200 2808 242 2840 Iu
264 2808 358 2850 epist.
382 2809 423 2840 ad
442 2807 595 2840 Servium
612 2807 797 2849 Sulpicium
809 2807 929 2849 paulo?

954 2382 1013 2413 tati
1043 2381 1185 2413 restituit
1215 2380 1484 2421 Wesenbergius.
1516 2380 1645 2412 Emend
1690 2391 1716 2421 p.
1744 2382 1812 2418 124,

953 2435 1054 2466 allato
1076 2434 1221 2466 eiusdem
1244 2433 1497 2465 constructionis
1520 2433 1674 2474 exemplo
1697 2443 1740 2465 ex
1763 2443 1812 2474 ep.

951 2488 992 2518 ad
1017 2488 1056 2525 Q.
1082 2487 1119 2517 fr.
1143 2487 1170 2518 Ι.
1198 2487 1223 2523 1,
1257 2486 1294 2518 17
1337 2485 1404 2516 Iam
1435 2495 1492 2522 ρει
1524 2485 1557 2515 in
1585 2484 1734 2517 eiusmodi
1768 2496 1813 2516 re—

949 2540 1004 2570 bus
1028 2557 1068 2563 —
1089 2540 1200 2569 cautus
1223 2549 1290 2570 esse
1311 2547 1421 2569 want
1443 2548 1481 2568 ac
1503 2537 1648 2578 diliqens,
1681 2550 1739 2580 quo
1765 2548 1811 2568 ,ηε

951 2593 1054 2625 animo
1071 2594 1104 2624 in
1129 2592 1227 2624 servis
1249 2602 1317 2623 esse
1350 2592 1502 2623 cessas?
1542 2592 1675 2624 certam
1704 2602 1812 2624 emen-

926 2646 1122 2678 dationem
1145 2646 1367 2687 recipiendam
1389 2645 1510 2686 putavi.

994 2699 1116 2730 Flavio.
1140 2699 1190 2730 De
1212 2698 1330 2729 Flavio
1352 2708 1465 2729 riuuor
1486 2707 1591 2728 vanus
1623 2697 1700 2734 fuit;
1735 2707 1811 2728 nam

952 2752 1073 2784 Caesar
1104 2752 1137 2782 in
1162 2750 1313 2783 Siciliam
1336 2750 1518 2782 Curionem
1540 2750 1630 2781 misit
1652 2760 1727 2780 cum
1758 2751 1810 2781 tri-

953 2804 1013 2835 bus
1035 2803 1235 2844 legionibus.
1260 2803 1337 2833 Vid.
1359 2803 1400 2834 de
1423 2802 1463 2833 B.
1487 2802 1561 2833 C.1.
1576 2803 1626 2833 30.
1643 2802 1728 2833 infra
1743 2803 1771 2839 4,
1793 2803 1810 2832 8

0 2857 18 2901 Ϋτ
49 2868 121 2905 post
140 2863 217 2895 data
238 2863 354 2896 itidem
379 2864 494 2894 scribit
515 2873 592 2895 eum
605 2863 737 2903 frustra
759 2862 793 2894 in
818 2872 906 2894 sena·
927 2863 929 2906 j
952 2863 985 2889 et
1006 2857 1146 2898 saepius.

3 2906 18 2938 <3
49 2917 122 2954 tum,
144 2916 210 2948 sive
223 2916 333 2956 potius
355 2916 388 2947 in
417 2918 599 2947 conventum
630 2918 810 2947 senatorum
839 2919 929 2946 esse

993 2910 1116 2941 Solonis
1138 2927 1178 2932 —
1203 2910 1308 2951 leqem.
1333 2909 1382 2940 De
1405 2918 1510 2950 poena
1541 2909 1602 2939 hac
1633 2909 1706 2947 lege
1736 2918 1810 2938 cou-

49 2970 209 3000 venturum
245 2968 340 3000 Fam.
361 2969 424 3000 IV.
449 2969 477 3006 1,
502 2969 530 2999 1.
561 2968 717 3009 Dignitas
740 2969 831 3000 enim
852 2978 907 2999 cu·
928 2947 930 3001 1
952 2968 1067 2998 stituta
1088 2967 1176 2998 conf.
1198 2967 1353 3003 Meierus,
1376 2966 1417 2997 de
1443 2966 1535 2996 bonis
1557 2965 1666 2996 damn.
1689 2975 1720 3004 p.
1740 2965 1808 2995 102.

0 3024 11 3034 '⁴
49 3020 116 3053 riae
139 3021 235 3053 nulla
252 3027 330 3059 erat,
354 3022 531 3062 omniaque
554 3021 596 3052 ab
616 3021 667 3059 iis,
690 3021 746 3062 qui
769 3022 803 3053 in
827 3021 907 3052 urbe
928 3049 931 3065 ἦ

929 3081 931 3119 3
953 3075 1070 3116 grandi
1094 3075 1254 3111 Athenas,
1284 3074 1341 3105 sed
1362 3074 1492 3105 videtur
1513 3072 1678 3112 scripsisse
1712 3073 1741 3101 el
1774 3072 1807 3100 ut

929 3125 1027 3167 'pulo
1048 3127 1173 3159 iamiam
1200 3126 1266 3163 mei,
1290 3132 1326 3157 ut
1349 3125 1535 3157 Gronovius
1557 3123 1697 3154 volebat.

49 3079 283 3112 remanserant,
305 3075 346 3105 ad
368 3073 517 3106 Caesaris
540 3078 656 3105 nutum
679 3074 873 3115 agebantur.

92 3125 283 3166 Suspensum
303 3129 321 3160 †
344 3137 440 3158 meum
463 3126 595 3158 detines.
618 3127 670 3158 Ita
703 3126 792 3159 Med.
817 3125 908 3158 Orel-

3 3192 7 3194 ·
52 3178 115 3219 lius
134 3180 270 3222 putabat
290 3181 388 3215 scribi
411 3190 505 3223 posse
529 3190 613 3223 susp.
634 3192 678 3212 me
703 3180 793 3213 valde
809 3182 907 3212 lenes.

999 3021 1039 3052 Ut
1052 3024 1132 3062 puto
1154 3023 1249 3052 etiam
1271 3021 1340 3052 mei.
1364 3020 1537 3060 Significat
1557 3019 1732 3050 consilium
1751 3019 1808 3048 lui-

997 3180 1138 3212 Alterius
1163 3180 1276 3211 utrius.
1302 3180 1494 3212 Ciceronem
1517 3177 1621 3209 solere
1633 3181 1807 3218 utrumque
