2062 3565
143 136 228 174 328
543 131 626 172 ΕΡ.
661 131 738 171 AD
769 130 816 171 Τ.
849 127 1201 170 POMPONIUM
1233 126 1498 169 ATTICUM.

145 269 287 310 confici
322 293 377 297 —-
412 266 515 308 nihil
548 265 689 307 datum
721 279 832 316 esse;
866 263 945 305 tibi
976 278 1047 319 pro
1090 266 1162 304 tua
1194 267 1339 304 natura
1371 276 1525 318 semper
1558 262 1754 319 placuisse
1786 265 1906 317 teque

145 341 482 383 existimasse...
507 371 514 379 .
548 338 591 379 id
625 337 747 379 etiam
780 336 831 378 ad
864 336 1105 391 dignitatem
1136 350 1265 377 meam
1298 335 1513 391 pertinere,
1547 349 1639 376 eum
1672 350 1755 377 non
1787 334 1906 376 modo

145 414 361 457 liberaliter
407 428 429 453 a
471 411 588 453 nobis
635 410 704 452 sed
749 410 872 452 etiam
905 413 1043 451 ornate
1077 409 1361 464 cumulateque
1393 408 1571 450 tractari.
1622 408 1755 460 Quare
1788 407 1906 449 velim

146 502 258 529 cures
303 511 360 516 -
407 501 480 528 nec
523 484 599 527 tibi
643 500 769 527 essem
812 484 1017 535 molestus,
1063 484 1096 525 si
1142 499 1210 539 per
1244 483 1367 525 alium
1398 482 1474 524 hoc
1507 498 1623 538 agere
1657 497 1815 539 possem
1849 506 1907 512 --

108 578 121 598 5
145 567 192 603 ut
224 564 472 616 permutetur
505 559 699 610 Athenas,
735 558 842 615 quod
876 558 928 599 sit
960 558 1004 599 in
1037 572 1219 599 annuum
1262 562 1483 613 sumptum.
1535 557 1590 598 Et
1622 556 1776 597 scilicet
1807 555 1909 597 Eros

145 632 385 676 numerabit.
440 632 540 674 Eius
583 633 640 674 rei
686 647 804 674 causa
846 632 1033 673 Tironem
1078 631 1185 672 misi.
1234 629 1406 672 Curabis
1450 630 1575 685 igitur
1608 633 1648 670 et
1680 628 1731 670 ad
1764 643 1841 679 me,
1875 628 1910 670 si

146 708 243 763 quid
275 706 352 748 tibi
386 706 436 748 de
469 721 515 748 eo
549 706 767 757 videbitur,
803 705 967 748 scribes.

184 875 204 904 2
225 872 423 904 existimasse
443 872 480 904 id
499 890 541 896 —
564 874 581 903 5
604 873 756 912 sumptum
778 871 817 903 ei.
840 870 967 903 Scilicet
993 888 1032 894 ——

136 1021 295 1062 perditum
316 1019 493 1060 perdamus.
514 1020 610 1052 Rhet.
634 1021 675 1051 ad
697 1020 778 1052 Her.
794 1020 846 1051 IV
859 1019 1006 1051 miserere
1025 1022 1029 1071 l
1052 1021 1168 1059 lenius,
1191 1031 1308 1063 quam:
1325 1021 1402 1052 Tibi
1419 1031 1491 1052 vero
1506 1032 1565 1063 pro
1582 1027 1638 1053 tua
1653 1030 1772 1055 natura
1785 1033 1913 1066 semper

143 1075 253 1114 nostri,
275 1075 342 1106 noli
365 1075 566 1115 exstinquere
588 1075 770 1106 exstinctos.
794 1075 962 1112 Plautina,
977 1075 1006 1106 si
1025 1079 1027 1116 ι’
1050 1076 1211 1117 placuisse
1234 1082 1333 1116 teque
1355 1076 1561 1108 existimasse
1575 1076 1672 1115 video,
1689 1077 1723 1109 id
1740 1082 1810 1116 cet„
1824 1080 1913 1120 quod

143 1130 227 1162 tanti
250 1134 307 1167 est,
331 1131 416 1171 apud
439 1130 547 1171 ipsum
570 1130 794 1170 inspiciantur.
1025 1129 1027 1191 i
1051 1130 1221 1171 proposuit
1242 1130 1394 1161 Moserus
1417 1129 1530 1171 Symb.
1557 1130 1627 1162 Crit
1661 1131 1744 1163 VH.
1765 1142 1796 1173 p.
1819 1132 1849 1163 9.

185 1186 204 1225 ξ
226 1187 247 1215 4
284 1184 352 1215 Tibi
370 1195 428 1225 pro
452 1186 507 1215 tua
524 1187 640 1215 natura
657 1190 718 1216 cet.
744 1184 850 1223 Signa
867 1185 1005 1216 lacunae
1025 1198 1027 1242 ⁴
1092 1186 1109 1221 †
1131 1183 1171 1214 Et
1193 1183 1314 1214 scilicet
1339 1182 1418 1214 Eros
1441 1183 1626 1215 numerabit.
1650 1183 1796 1217 Orellius
1819 1195 1836 1218 e
1859 1187 1912 1218 de—

143 1241 287 1282 apposui,
310 1240 399 1282 quod
421 1251 495 1272 cum
510 1240 697 1280 Mongaltio
709 1245 741 1272 et
753 1239 912 1272 Schutzio
924 1240 1005 1272 haec
1025 1243 1027 1252 ¹
1050 1240 1224 1272 terior-ibus
1253 1241 1346 1272 libris
1376 1240 1506 1281 scripsit
1539 1241 1578 1279 ei,
1601 1241 1700 1282 idque
1723 1252 1800 1274 cum
1822 1253 1913 1285 supe-

143 1305 210 1326 nou
243 1294 350 1326 Marci
371 1294 433 1325 filii
456 1304 525 1326 esse
549 1300 665 1331 statuo,
689 1295 746 1326 sed
768 1295 878 1335 patris.
910 1294 1004 1326 Nihil
1025 1308 1027 1331 1
1050 1295 1192 1327 rioribus
1216 1295 1323 1327 verbis
1347 1295 1534 1327 coniunxit.
1558 1295 1624 1328 Sed
1647 1307 1714 1328 non
1729 1304 1809 1336 erat,
1825 1300 1914 1340 quod

143 1347 360 1379 dubitationis
391 1347 601 1388 relinquitur,
626 1347 653 1378 si
675 1358 906 1388 comparamus
929 1357 1003 1378 cum
1024 1335 1027 1391 Ι
1051 1348 1080 1379 ei
1101 1349 1149 1380 ibi
1170 1349 1352 1386 adderetur,
1377 1359 1484 1390 neque
1506 1355 1579 1390 apte
1602 1351 1800 1382 sententiam
1823 1351 1912 1383 clau-

144 1402 194 1433 his
219 1402 327 1433 verbis
351 1411 399 1439 ea,
422 1412 505 1442 quae
531 1402 689 1442 leguntur
711 1401 810 1432 XIV.
834 1402 862 1439 7,
886 1403 914 1433 2.
939 1401 1005 1433 Sed
1024 1428 1027 1444 ,
1050 1403 1108 1434 dit.
1132 1403 1248 1435 Cicero
1270 1404 1417 1445 scripsit:
1445 1403 1484 1434 Id
1495 1403 1615 1435 scilicet
1631 1403 1710 1435 Eros
1726 1405 1914 1444 numerabit,

144 1455 289 1486 intellexi
329 1465 495 1488 assumere
536 1457 656 1487 durum
688 1461 744 1493 est,
782 1466 890 1496 neque
924 1447 1027 1497 opus'
1051 1462 1109 1488 aut
1126 1458 1244 1499 potius,
1268 1463 1304 1488 ut
1316 1457 1492 1489 Schutzius
1508 1458 1655 1490 volebat:
1672 1457 1739 1490 Tibi
1749 1459 1817 1490 scil.
1835 1459 1914 1491 Eros

145 1516 192 1542 est
213 1516 356 1542 statuere
377 1511 431 1542 hic
447 1511 599 1552 periisse:
623 1510 688 1552 qu
703 1521 775 1542 vero
787 1511 919 1542 memini.
943 1511 1004 1542 Fa·
1025 1510 1027 1549 ξ
1051 1510 1235 1541 numerabit.
1271 1511 1422 1542 Klotzius
1458 1511 1488 1541 ei
1515 1511 1638 1542 scilicet
1668 1512 1710 1543 ab
1736 1512 1916 1554 interprete

144 1565 206 1596 cile
237 1565 322 1596 inter
352 1565 548 1597 emtimasse
577 1565 613 1595 id
634 1566 676 1596 ob
699 1566 868 1597 literarum
891 1566 1005 1597 simili·
1024 1574 1028 1629 ,
1052 1566 1091 1596 ad
1114 1565 1343 1606 praecedentia
1364 1565 1526 1606 adscripta
1549 1570 1649 1606 putat.

145 1619 294 1651 tudinem
331 1620 524 1652 intercidere
560 1620 668 1661 potuit
698 1619 776 1651 Scio.
813 1620 888 1651 Hoc
918 1625 1027 1652 certe

703 1762 825 1804 XVI.
860 1777 896 1803 a.
963 1762 1028 1816 (A.
1071 1760 1116 1802 U.
1153 1758 1195 1801 0.
1235 1761 1353 1815 710.)

208 1901 385 1942 Tandem
436 1917 458 1942 a
504 1902 695 1943 Cicerone
743 1899 974 1942 tabellarius
1025 1906 1065 1942 et
1110 1901 1336 1943 mehercule
1380 1901 1518 1942 literae
1563 1900 1912 1959 πεπινωμένως

145 1975 328 2031 scriptae,
365 1974 470 2030 quod
504 1976 638 2031 ipsum
682 1974 931 2034 προκοπὴν
965 1976 1139 2031 aliquam
1173 1976 1374 2032 significat
1388 1994 1398 2027 3
1433 1974 1609 2032 itemque
1644 1975 1768 2017 ceteri
1800 1990 1911 2031 prae-

146 2049 250 2091 clara
284 2048 480 2091 scribunt.
516 2050 714 2091 Leonides
746 2055 880 2092 tamen
914 2050 1061 2092 retinet
1094 2066 1211 2092 suum
1244 2049 1345 2092 illud
1382 2063 1591 2092 ADHVC.
1627 2049 1802 2091 Summis
1820 2065 1911 2090 vero

110 2135 122 2159 5
144 2121 332 2164 laudibus
379 2123 574 2164 Herodes.
631 2123 740 2175 Quid
787 2123 969 2178 quaeris?
1014 2124 1089 2165 Vel
1135 2124 1254 2166 verba
1294 2123 1394 2165 mihi
1439 2122 1524 2164 dari
1558 2122 1673 2164 facile
1707 2121 1836 2177 patior
1868 2121 1911 2162 in

147 2196 234 2246 hoc,
285 2210 427 2250 meque
473 2195 646 2237 libenter
695 2195 865 2251 praebeo
909 2196 1131 2237 credulum.
1182 2197 1244 2237 'l'u
1293 2196 1425 2246 velim,
1469 2196 1502 2237 si
1543 2194 1641 2250 quid
1686 2193 1761 2236 tibi
1795 2198 1856 2235 est
1888 2210 1910 2235 a

147 2268 274 2311 Statio
309 2268 516 2323 scriptum,
552 2268 658 2322 quod
694 2268 893 2324 pertineat
926 2268 975 2309 ad
1010 2284 1085 2320 me,
1122 2269 1328 2311 certiorem
1363 2284 1425 2310 me
1459 2268 1596 2310 facias.

190 2432 207 2461 3
230 2432 247 2468 †
269 2429 463 2472 nynificaret
485 2448 527 2454 —

192 2597 431 2644 Πεπινωμένως
451 2597 598 2638 scriptae·
620 2597 697 2629 Vid-
721 2599 761 2629 ad
784 2597 867 2628 XII·
891 2598 918 2635 6³
946 2601 974 2629 4-
1054 2604 1142 2635 Med.
1169 2605 1200 2635 h.
1225 2605 1245 2634 l.
1269 2609 1298 2635 et
1319 2603 1413 2634 Fam.
1437 2602 1534 2634 XVI.
1557 2603 1607 2640 21,
1630 2605 1659 2633 5.
1687 2602 1842 2634 Leonidas
1864 2607 1912 2634 est

191 2657 387 2702 Προκοπήν,
410 2663 631 2695 progressum.
653 2652 906 2686 substantivum
922 2657 1008 2697 apud
1055 2667 1175 2688 nomen
1207 2656 1419 2698 Spartanum.
1452 2656 1509 2687 Ad
1539 2665 1608 2687 rem
1630 2655 1673 2687 cf.
1697 2655 1796 2686 XIV.
1820 2655 1869 2692 16,
1893 2655 1911 2686 3

151 2715 254 2744 bonos
277 2712 449 2753 scriptores
470 2710 604 2751 reperiri
627 2715 749 2741 temere
764 2717 887 2752 negant
901 2712 1008 2752 Phry·
1030 2703 1031 2708 ¹
1054 2719 1087 2743 et
1109 2712 1158 2749 18,
1182 2712 1211 2742 4.

150 2767 277 2803 nichus,
301 2765 419 2798 Suidas
434 2770 467 2796 et
479 2764 635 2795 Thomas.
655 2762 838 2805 Castigavit
851 2775 905 2797 eos
923 2765 1008 2796 Tril—
1103 2765 1200 2796 Verba
1234 2765 1308 2795 mihi
1336 2764 1408 2795 dari
1439 2774 1471 2794 o:
1495 2773 1548 2794 me
1570 2763 1686 2804 decipi.
1711 2763 1824 2794 Verba
1845 2763 1910 2801 dat,

151 2821 238 2851 lerus
261 2819 294 2849 in
319 2818 393 2849 adn.
417 2818 457 2848 ad
486 2817 650 2848 Thomam
679 2817 713 2847 in
738 2827 767 2848 V.
791 2814 1007 2861 προκόπτειν.
1054 2819 1111 2861 qui
1142 2829 1200 2860 pro
1222 2829 1256 2850 re
1278 2818 1391 2849 inania
1414 2817 1572 2859 promissa
1600 2817 1667 2848 dat.
1690 2816 1829 2847 Locutio
1852 2815 1912 2848 fre-

150 2876 348 2919 Siymficaret
383 2875 534 2907 excusari
561 2879 666 2916 potest
698 2885 739 2907 ex
762 2875 873 2916 aliquo
905 2875 1008 2906 brevi·
1032 2899 1034 2907 ,
1055 2879 1193 2914 quenter
1214 2873 1336 2910 legitur
1357 2872 1442 2913 apud
1464 2871 1656 2902 Terentium
1681 2875 1712 2901 et
1735 2870 1826 2901 alios.

150 2929 225 2959 tatis
248 2929 374 2960 studio:
399 2928 464 2959 nisi
486 2927 561 2965 alia,
584 2927 638 2958 vel
659 2927 713 2959 hic
735 2928 804 2969 ipse
826 2927 923 2966 πίνος
938 2929 1008 2960 lite-

151 2993 259 3014 rarum
290 2983 491 3023 significaret
523 2984 668 3025 aliquem
700 2993 919 3025 progressum.
957 2984 1007 3016 Cf.

151 3037 248 3067 XIV.
283 3037 310 3074 7,
345 3037 374 3068 2.
421 3038 528 3069 Malui
561 3042 672 3069 tamen
705 3037 871 3079 siyniflcat,
909 3039 1007 3069 etiam

150 3096 281 3130 propter
302 3090 450 3128 scribunt,
474 3091 563 3132 quod
585 3090 740 3131 sequitur.

195 3141 357 3175 Leonides.
381 3143 481 3175 Recte
504 3143 582 3176 haec
606 3142 710 3175 forma
728 3150 874 3176 servatur
889 3143 922 3176 in
937 3145 1007 3175 cod.
