2062 3565
187 143 273 183 330
589 146 673 187 ΕΡ.
708 146 785 187 AD
816 146 864 187 Τ.
897 146 1250 189 ΡΟΜΞΡΟΝΙΠΜ
1281 148 1546 191 ΑΤΤΙΟΠΜ.

183 277 231 319 L.
276 279 500 321 Antonium
544 295 613 335 per
655 280 715 322 M.
760 279 936 332 fratrem,
970 286 1018 322 ut
1049 280 1233 333 arbitror,
1267 282 1456 325 facillime
1489 283 1721 328 deterrebis.
1771 286 1944 328 Autroni

183 353 305 402 vetui,
356 353 425 394 sed
467 353 649 395 nondum
696 368 903 410 acceperas
951 354 1099 407 literas,
1150 371 1200 397 ne
1234 357 1423 412 cuiquam
1455 357 1535 400 nisi
1566 358 1616 400 L.
1651 359 1776 402 Fadio
1809 359 1943 401 aedili.

182 425 311 467 Aliter
360 427 466 468 enim
516 442 590 469 nec
633 432 749 469 caute
793 443 867 469 nec
916 428 1002 470 iure
1051 430 1136 472 fieri
1170 434 1315 485 potest.
1371 430 1494 477 Quod
1527 431 1668 474 scribis
1699 433 1777 476 tibi
1809 432 1943 474 deesse

183 498 266 539 HS.
301 516 348 549 c.,
384 515 485 554 quae
519 500 703 542 Ciceroni
737 506 876 543 curata
909 502 1004 553 sint,
1048 503 1167 544 velim
1200 502 1250 544 ab
1284 505 1405 546 Erote
1440 519 1620 560 quaeras,
1654 505 1726 548 ubi
1759 506 1812 548 sit
1843 520 1943 546 mer-

141 586 154 609 ὁ
180 587 243 613 ces
283 572 520 615 insularum.
571 572 768 615 Arabioni
815 573 864 615 de
910 575 1011 617 Sitio
1043 575 1148 617 nihil
1179 576 1342 618 irascor.
1373 577 1461 632 Ego
1495 577 1544 619 de
1576 578 1733 631 itinere,
1766 578 1846 620 nisi
1879 593 1943 619 ex-

179 645 325 701 plicato
367 644 431 688 A.
479 646 582 688 nihil
615 647 761 702 cogito,
796 647 905 703 quod
937 648 1043 690 idem
1076 648 1155 690 tibi
1187 649 1314 691 videri
1347 655 1460 706 puto.
1496 654 1537 692 2.
1573 651 1710 694 Habes
1743 651 1794 693 ad
1829 666 1943 707 supe-

175 718 333 760 riorem.
384 721 508 761 Nunc
557 721 654 762 audi
688 721 738 762 ad
772 721 950 764 alteram.
984 723 1046 764 Tu
1079 738 1172 764 vero
1205 722 1317 775 facis,
1352 730 1398 765 ut
1431 725 1580 776 omnia,
1614 726 1722 781 quod
1755 725 1942 768 Serviliae

177 807 257 834 non
291 793 397 844 dees,
431 794 473 835 id
507 799 567 836 est
600 795 740 836 Bruto.
775 796 835 837 De
868 797 1007 852 regina
1039 797 1196 851 gaudeo
1228 802 1268 840 te
1300 813 1383 840 non
1414 797 1608 850 laborare,
1641 804 1787 842 testem
1820 799 1940 841 etiam

176 867 251 908 tibi
284 866 458 923 probari.
505 870 637 910 Erotis
670 869 844 911 rationes
878 875 919 911 et
951 886 998 912 ex
1030 871 1176 912 Thone
1209 872 1379 926 cognovi
1413 876 1453 913 et
1485 873 1624 914 vocavi
1657 873 1806 929 ipsum.
1841 873 1941 914 Gra-

122 953 155 978 10
175 941 388 993 tissimum,
440 942 549 998 quod
592 943 790 998 polliceris
836 943 1020 985 Ciceroni
1063 944 1166 985 nihil
1215 944 1460 995 defuturum,
1517 945 1566 986 de
1612 961 1690 1001 quo
1733 944 1935 987 mirabilia.

175 1015 362 1066 Messala,
414 1016 483 1070 qui
529 1016 712 1058 Lanuvio
746 1016 905 1058 rediens
940 1017 990 1059 ab
1023 1017 1103 1059 illis
1137 1018 1248 1059 venit
1279 1018 1329 1060 ad
1363 1033 1447 1060 me:
1484 1024 1525 1060 et
1556 1019 1782 1061 mehercule
1813 1019 1941 1075 ipsius

172 1089 310 1131 literae
353 1090 410 1131 sic
443 1094 483 1131 et
524 1086 866 1150 φιλοστόργως
900 1097 940 1133 et
972 1088 1185 1143 εὕπινῶς
1220 1093 1406 1148 scriptae,
1440 1098 1488 1134 ut
1520 1108 1585 1135 eas
1618 1093 1681 1135 vel
1712 1093 1756 1135 in
1789 1093 1941 1134 acroasi

173 1163 343 1205 audeam
374 1163 519 1219 legere,
554 1180 634 1220 quo
667 1165 796 1220 magis
830 1165 891 1207 illi
923 1165 1220 1221 indulgendum
1252 1171 1366 1222 puto.
1422 1167 1483 1208 De
1517 1167 1729 1209 Buciliano
1763 1166 1939 1209 Sestium

172 1242 270 1292 puto
303 1253 386 1280 non
418 1238 583 1279 moleste
617 1238 731 1280 ferre.
776 1240 875 1294 Ego,
925 1240 959 1281 si
991 1240 1084 1281 Tiro
1118 1239 1169 1281 ad
1202 1255 1279 1291 me,
1315 1241 1448 1296 cogito
1480 1241 1524 1283 in
1557 1241 1844 1283 Tusculanum.
1877 1241 1939 1282 Tu

115 1325 149 1350 15
173 1325 279 1361 vero,
313 1310 512 1366 quidquid
548 1311 638 1362 erit,
673 1311 780 1367 quod
814 1328 876 1354 me
911 1314 1010 1355 scire
1044 1328 1115 1368 par
1149 1313 1215 1363 sit,
1251 1313 1402 1354 statim.

213 1477 232 1507 2
254 1475 399 1512 litteram
423 1488 480 1510 nec
502 1478 641 1520 cuiquam
667 1497 706 1502 —-
730 1479 748 1509 8
771 1477 935 1514 laborare;
960 1480 976 1516 †
999 1480 1083 1509 certe
1105 1478 1198 1509 etiam
1223 1497 1263 1503 —

210 1639 244 1670 L.
267 1639 436 1670 Antonium
468 1657 498 1662 -
521 1638 701 1676 deterrebis,
725 1648 768 1669 ne
785 1638 968 1670 Buthrotiis
987 1638 1027 1669 sit
1051 1626 1054 1652 1
1077 1637 1199 1669 Brutus
1222 1639 1262 1670 de
1285 1639 1352 1670 suis
1375 1638 1585 1670 facultatibus
1608 1638 1656 1669 uti
1679 1638 1847 1676 voluisset,
1863 1647 1936 1670 usu-

167 1695 336 1725 molestus.
362 1693 412 1725 Cf.
437 1703 486 1734 ep.
514 1694 550 1724 15
575 1693 646 1724 init.
1051 1702 1053 1732 j
1075 1700 1159 1728 rum,
1183 1698 1343 1732 quantum
1366 1691 1427 1723 hae
1450 1691 1672 1733 paterentur.”

211 1747 346 1778 Antroni
370 1746 454 1777 vetui
477 1757 530 1788 np.
563 1747 655 1778 reddi
668 1757 787 1778 numos
802 1747 1027 1788 Arpinatium.
1052 1742 1053 1745 ’
1120 1744 1237 1775 Testem
1261 1745 1354 1776 etiam
1379 1745 1435 1776 tibi
1450 1745 1592 1786 probari.
1614 1745 1715 1776 Recte
1737 1754 1755 1776 e
1777 1745 1935 1786 scriptura

209 1800 271 1831 Sed
292 1800 427 1830 nondum
457 1809 625 1840 acceperas
657 1799 779 1837 literas,
814 1810 852 1830 ne
884 1799 1025 1840 cuiquam
1073 1799 1195 1830 codicis
1218 1800 1437 1831 Tornaesiani
1458 1801 1547 1836 teste,
1561 1808 1661 1839 quam
1676 1799 1775 1830 etiam
1792 1799 1936 1830 inveniri

168 1854 230 1885 nisi
253 1853 286 1884 L.
310 1853 409 1883 Fadio
431 1852 542 1883 aedili.
574 1853 629 1884 Sic
663 1853 777 1894 scripsi
811 1854 851 1884 de
875 1852 1026 1884 emenda·
1050 1844 1052 1886 1
1074 1853 1109 1884 in
1132 1854 1223 1884 Med.
1246 1860 1383 1885 testatur
1414 1853 1615 1885 Mommseni
1637 1853 1780 1890 collatio,
1803 1853 1935 1884 Lambi-

166 1908 256 1938 tione
288 1906 480 1947 Nipperdeii
517 1906 550 1936 in
582 1906 760 1946 Philologo
794 1906 859 1937 ΙΙΙ.
892 1917 922 1947 p.
954 1905 1025 1942 149,
1049 1910 1051 1945 ,1
1074 1916 1136 1936 nus
1159 1905 1235 1937 fecit
1257 1908 1377 1937 testem.
1410 1906 1465 1937 Ex
1488 1916 1536 1947 ep.
1562 1906 1611 1943 15,
1634 1905 1654 1936 2
1678 1910 1819 1947 apparet,
1848 1906 1933 1937 Am-

166 1971 268 2003 quum
290 1960 396 1991 adhuc
418 1959 615 1990 scriberetur
637 1969 694 1989 nec
705 1959 857 2000 cuiquam.
880 1959 1026 2000 Respicit
1049 1974 1051 2001 3
1074 1958 1224 1989 monium
1252 1959 1317 1990 dici
1347 1964 1463 1990 testem
1495 1958 1571 1990 iusti
1604 1958 1682 1996 odii,
1721 1968 1787 1999 quo
1818 1957 1934 1990 Cicero

166 2016 207 2047 ad
229 2015 340 2047 literas
374 2015 469 2045 huius
501 2013 577 2044 libri
613 2013 649 2044 15
688 2013 715 2050 1,
754 2019 785 2044 et
821 2012 861 2043 cf.
896 2021 946 2053 ep.
985 2012 1025 2042 20
1048 2012 1051 2070 ἰ
1074 2014 1227 2055 reginam
1264 2014 1545 2055 prosequebatur„
1578 2013 1628 2045 Cf.
1662 2013 1932 2054 Wesenbergius,

167 2074 249 2101 extr.
1048 2092 1050 2106 2
1073 2067 1213 2098 Emend.
1243 2077 1274 2108 p.
1310 2068 1358 2098 10.
1397 2067 1603 2098 Lambinum
1633 2071 1757 2097 temere
1788 2065 1934 2097 deseruit

211 2121 301 2163 Quod
319 2121 429 2152 scribis
452 2121 509 2152 tibi
531 2120 647 2152 deesse.
670 2120 736 2151 Pro
759 2120 878 2151 ultimo
902 2128 973 2150 voe.
989 2119 1023 2149 in
1047 2114 1050 2163 1
1072 2121 1234 2158 Moserus,
1260 2120 1375 2162 Symb.
1409 2120 1489 2152 Crit.
1512 2120 1593 2151 VH.
1630 2119 1669 2150 10
1701 2129 1761 2160 pro
1793 2119 1932 2160 vulgato

165 2178 257 2208 codd.
281 2177 305 2208 Z
329 2182 361 2208 et
382 2176 471 2207 Med.
497 2181 545 2206 est
567 2175 684 2211 desere,
708 2174 797 2205 unde
819 2173 937 2204 Lamb.
956 2182 1024 2203 cor·
1046 2183 1049 2214 4

165 2231 253 2262 rexit
274 2230 389 2261 deberi.
427 2229 493 2261 Sed
515 2235 601 2260 recte
623 2229 773 2259 Moserus
797 2227 911 2268 Symb.
942 2226 1024 2258 Crit.
1047 2227 1049 2229 ’

166 2285 244 2316 VII.
268 2295 298 2326 p.
323 2285 341 2315 9
364 2284 535 2324 antiquam
558 2282 738 2314 lectionem
760 2281 877 2318 deesse,
913 2287 949 2312 ut
972 2292 1023 2312 ur-

166 2339 346 2376 baniorem,
369 2337 521 2379 praefert.

208 2390 273 2432 Eyo
295 2390 334 2421 de
359 2390 474 2422 itinere
496 2396 556 2422 cet.
578 2389 667 2420 Nota
688 2389 720 2421 Λ
740 2389 879 2421 indicari
893 2389 1022 2421 videtur
1046 2393 1048 2430 ᾗ

164 2446 272 2493 λοὶπῳ
295 2450 316 2481 i.
342 2458 370 2479 e.
393 2448 522 2488 reliquo,
556 2452 593 2477 ut
617 2455 666 2485 ep.
698 2445 748 2482 15,
778 2446 795 2475 3
826 2445 953 2485 scripsit
981 2444 1021 2474 de

165 2504 297 2547 reliquis
330 2504 506 2536 Sententia
530 2498 667 2534 constat
681 2511 724 2533 ex
741 2501 791 2539 iis,
807 2510 891 2542 quae
908 2501 1020 2541 legun-

165 2565 217 2590 tur
239 2569 288 2600 ep.
312 2559 362 2596 20,
385 2560 406 2589 4
427 2557 490 2589 nisi
513 2556 674 2597 explicata
696 2554 851 2586 solutione
872 2565 935 2586 non
956 2566 1021 2586 sum

163 2612 368 2644 discessurus.
414 2610 667 2651 Peerlkampius
700 2609 841 2641 coniecit
876 2609 1022 2641 scriben-

163 2668 260 2699 dum:
283 2665 443 2707 explicata
464 2675 508 2696 re.

207 2722 225 2761 ξ
247 2721 276 2752 2.
303 2719 394 2760 Quod
413 2718 572 2751 Serviliae
593 2728 655 2749 non
677 2718 759 2755 dees,
783 2717 819 2748 id
841 2719 886 2748 est
908 2716 1021 2748 Bruto.

165 2772 403 2806 Commentarii
412 2772 516 2803 instar
527 2776 605 2802 sunt
617 2770 764 2802 Cornelii
775 2770 912 2811 Nepotis
921 2771 1021 2801 verba

164 2827 198 2858 in
222 2826 336 2858 Attico
357 2836 386 2857 c.
408 2826 437 2863 8,
459 2824 517 2866 qui
538 2830 651 2855 narrat
671 2824 824 2855 Atticum
843 2823 892 2855 M.
915 2823 1021 2854 Bruto

164 2879 421 2911 familiarissime
442 2888 541 2910 usum
563 2887 632 2909 esse
655 2883 688 2908 et
709 2877 848 2909 dixisse:
876 2891 889 2902 u
901 2877 928 2908 si
942 2877 1021 2917 quid

736 2983 909 3025 XVIII.
975 2983 1041 3036 (A.

1072 2177 1157 2206 certe
1178 2185 1342 2216 reponens
1367 2178 1483 2207 cetera.

1114 2227 1154 2258 In
1176 2229 1302 2260 acroasz‘
1324 2239 1357 2259 o:
1386 2233 1424 2259 ut
1448 2228 1609 2259 Ernestus
1631 2227 1872 2268 interpretatur,
1897 2228 1929 2258 in

1071 2286 1165 2313 coetu
1186 2282 1361 2313 hominum
1386 2282 1568 2318 doctorum,
1591 2280 1650 2311 ubi
1665 2280 1751 2312 nihil
1762 2280 1827 2311 nisi
1842 2281 1931 2322 quod

1046 2338 1048 2351 ³
1071 2336 1206 2376 elegans
1221 2337 1272 2373 sit,
1285 2336 1416 2367 recitari
1428 2335 1535 2366 debet.
1559 2334 1675 2366 Cicero
1690 2334 1821 2366 videtur
1832 2334 1930 2376 serip-

1069 2391 1149 2422 sisse
1171 2390 1206 2420 in
1230 2387 1408 2431 ἀκροάσει,
1440 2394 1478 2419 ut
1506 2397 1630 2420 nomen
1658 2386 1822 2419 Graecum
1850 2387 1930 2428 legi-

1069 2452 1122 2477 tur
1144 2446 1178 2476 in
1202 2446 1346 2477 Senecae
1368 2445 1451 2476 Exc.
1476 2444 1634 2476 Controv.
1659 2443 1766 2475 Praef.
1788 2443 1848 2475 lib.
1865 2444 1927 2476 IV.

1046 2518 1047 2523 =
1071 2499 1168 2531 Certe
1191 2509 1258 2530 non
1280 2498 1419 2539 scripsit,
1442 2499 1531 2539 quod
1547 2497 1721 2529 Graeterns
1735 2498 1770 2528 in
1785 2497 1928 2538 pessimo

1069 2553 1181 2583 codice
1204 2552 1380 2582 inventum
1403 2561 1470 2582 non
1495 2551 1633 2591 sprevit:
1662 2549 1702 2580 Ut
1723 2560 1778 2580 eas
1794 2550 1844 2581 vel
1859 2549 1928 2580 Ma-

1071 2615 1133 2642 cro,
1155 2605 1184 2635 si
1204 2603 1347 2641 audeam,
1371 2604 1516 2645 leqerem.

1112 2658 1160 2689 De
1183 2658 1364 2689 Buciliano.
1387 2658 1589 2689 Nominatur
1609 2658 1731 2689 iterum
1743 2656 1843 2688 XVI.
1856 2658 1887 2694 4,
1897 2659 1925 2694 4,

1044 2721 1176 2752 ·neque
1208 2710 1356 2742 diversus
1388 2711 1519 2741 videtur
1550 2710 1592 2741 ab
1625 2720 1664 2742 eo
1696 2707 1924 2755 Βουκολιανῷ,

1069 2779 1167 2811 quem
1188 2769 1363 2810 Appianus
1385 2769 1425 2800 B.
1449 2767 1485 2799 C.
1509 2768 1553 2799 ΙΙ.
1579 2767 1638 2800 117
1667 2767 1754 2799 inter
1777 2766 1926 2799 Caesaris

1068 2832 1274 2865 percussores
1297 2822 1456 2854 nominat.

1084 2982 1129 3023 U.
1167 2983 1206 3022 C.
1244 2981 1360 3034 710.)

235 3105 274 3144 1.
309 3114 422 3143 XVII.
455 3100 548 3142 Kal.
582 3100 656 3140 etsi
702 3098 798 3140 satis
830 3097 994 3140 videbar
1027 3097 1230 3153 scripsisse
1263 3095 1314 3137 ad
1345 3103 1386 3136 te
1420 3095 1517 3151 quid
1550 3095 1650 3136 mihi
1684 3109 1782 3148 opus
1815 3098 1919 3135 esset

166 3184 214 3218 et
249 3174 346 3233 quid
388 3179 426 3216 te
461 3173 586 3216 facere
627 3172 782 3220 vellem,
817 3172 849 3212 si
884 3170 958 3213 tibi
992 3171 1243 3214 commodum
1277 3174 1394 3218 esset,
1430 3174 1575 3218 tamen,
1610 3183 1735 3223 quum
1769 3168 1919 3224 profec-
