2062 3565
195 166 248 206 70
594 163 677 204 ΕΡ.
713 163 788 203 ΑΒ
821 162 866 202 Τ.
901 159 1250 202 POMPONIUM
1285 158 1548 200 ATTICUM.

191 298 337 354 quibus
380 300 500 340 etiam
541 295 758 352 Crassipes,
803 295 829 338 †
845 294 916 349 qui
960 292 1174 349 prudentia
1214 293 1348 349 potius
1392 293 1598 336 attendere
1643 317 1700 324 -—
1753 307 1954 336 sermones

190 372 378 423 minaces,
412 371 597 413 inimicos
630 368 900 424 optimatium,
934 367 1247 423 municipiorum
1280 366 1429 419 hostes,
1465 382 1593 410 meras
1626 367 1953 423 proscriptiones,

189 460 317 486 meros
361 444 512 495 Sullas3
557 457 658 497 quae
703 441 922 482 Lucceium
966 440 1091 495 loqui,
1151 455 1252 496 quae
1295 445 1422 483 totam
1456 441 1682 493 Graeciam,
1727 455 1829 495 quae
1860 455 1955 482 vero

187 517 492 572 Theophanem!
531 519 571 557 4.
606 516 660 557 Et
692 520 827 556 tamen
860 514 990 556 omnis
1023 529 1112 570 spes
1146 514 1287 556 salutis
1320 514 1364 557 in
1395 515 1476 557 illis
1510 519 1584 566 est,
1619 519 1660 556 et
1690 529 1764 570 ego
1797 512 1953 567 excubo

148 607 162 632 5
187 591 319 632 animo
358 605 432 631 nec
475 593 626 645 partem
671 588 792 629 ullam
840 588 953 642 capio
994 587 1141 642 quietis
1186 592 1240 639 et,
1274 594 1321 630 ut
1353 588 1425 630 has
1457 593 1590 644 pestes
1623 587 1826 643 effugiam,
1861 601 1953 629 cum

185 663 462 705 dissimillimis
495 662 621 704 nostri
655 676 738 702 esse
772 661 905 716 cupio.
940 660 1051 712 Quid
1083 661 1190 702 enim
1223 666 1270 703 tu
1301 662 1384 703 illic
1419 662 1662 718 Scipionem,
1697 660 1795 716 quid
1827 660 1952 702 Faus-

183 749 284 788 tum,
320 736 417 791 quid
450 735 647 778 Libonem
680 735 1056 790 praetermissurum
1089 735 1247 777 sceleris
1281 737 1429 791 putas?
1460 761 1517 766 —-
1542 749 1713 791 quorum
1736 732 1952 775 creditores

183 810 394 852 convenire
428 809 619 851 dicuntur
654 833 711 838 --
773 807 871 862 quid
905 823 971 849 eos
1005 812 1154 859 autem,
1189 824 1314 863 quum
1346 809 1532 861 vicerint,
1566 809 1610 851 in
1633 808 1740 850 cives
1765 822 1851 849 esse
1872 805 1953 849 fac-

182 884 320 926 turos?
354 897 472 938 quam
509 895 599 922 vero
631 879 991 939 μικροψυχίαν
1023 880 1148 922 Gnaei
1182 883 1309 924 nostri
1342 883 1460 924 esse?
1494 882 1701 924 Nuntiant
1723 882 1952 936 Aegyptum

125 968 160 995 10
181 962 222 999 et
254 955 444 998 Arabiam
478 947 758 1010 ezidac‘pcova
792 958 832 994 et
876 954 1209 1009 Mesopotamiam
1243 955 1434 1011 cogitare,
1469 955 1710 1010 Hispaniam
1744 953 1952 996 abiecisse.

181 1030 365 1071 Monstra
397 1034 575 1079 narrant,
610 1042 711 1082 quae
744 1027 843 1069 falsa
875 1042 959 1068 esse
992 1032 1175 1083 possunt.
1211 1029 1288 1071 Sed
1322 1034 1428 1071 certe
1461 1033 1502 1071 et
1534 1028 1633 1070 haec
1666 1028 1823 1085 perdita
1856 1031 1952 1070 sunt

180 1108 221 1145 et
252 1103 321 1144 illa
354 1118 433 1144 11011
468 1101 671 1143 salutaria.
705 1102 812 1142 Tuas
844 1101 980 1143 literas
1013 1101 1093 1142 iam
1127 1101 1324 1144 desidero.
1358 1103 1457 1144 Post
1489 1101 1627 1156 fugam
1648 1105 1827 1144 nostram
1848 1116 1952 1143 nun-

180 1191 300 1231 quam
343 1176 423 1217 iam
462 1176 488 1218 †
506 1179 690 1216 nostrum
730 1189 866 1216 earum
911 1174 1168 1216 intervallum
1211 1175 1303 1217 fuit.
1357 1176 1455 1218 Misi
1488 1175 1539 1217 ad
1571 1179 1612 1217 te
1646 1175 1873 1231 exemplum
1905 1174 1952 1216 li-

180 1254 354 1291 terarum
387 1262 566 1290 mearum
600 1246 650 1289 ad
684 1247 907 1298 Caesarem,
942 1246 1089 1303 quibus
1123 1262 1185 1290 me
1219 1248 1372 1304 aliquid
1406 1247 1679 1304 profecturum
1713 1251 1828 1304 puto.

222 1423 240 1452 8
263 1420 297 1452 in
320 1420 403 1452 cives
425 1420 593 1463 effecturos
615 1440 657 1445 —
697 1421 716 1452 9
740 1417 984 1466 μακροψυχίαν
1013 1437 1055 1443 -
1084 1427 1123 1458 10
1150 1420 1420 1468 Μεσοποταμίαν
1451 1437 1489 1442 -

185 1586 356 1628 Crassipes,
378 1585 430 1627 qm·
444 1583 649 1626 prudentiam
666 1583 775 1624 potius
796 1582 975 1614 ostenderet
998 1601 1039 1606 —
1128 1580 1372 1630 Μικροψυχίαν
1395 1584 1546 1625 rescripsi
1563 1593 1580 1616 e
1597 1588 1707 1615 vetere
1721 1581 1954 1615 emendatione

178 1646 333 1670 sermones
355 1637 501 1674 minace&
524 1640 585 1668 Get·
1063 1662 1065 1685 2
1090 1655 1148 1686 pro
1161 1638 1416 1687 μακροψυχίαν.
1438 1641 1536 1678 Nam,
1558 1645 1594 1672 ut
1616 1645 1704 1672 recte
1726 1640 1817 1678 Em„
1847 1638 1955 1670 ironia

223 1691 331 1723 Tolum
367 1690 533 1722 Graeciam
574 1703 587 1715 1‘
600 1689 752 1720 homines
787 1687 939 1726 Graecos,
979 1687 1038 1729 ‘lUi
1088 1698 1141 1729 hic
1164 1699 1275 1730 locum
1298 1708 1365 1730 non
1385 1697 1496 1729 habet.
1520 1696 1638 1738 Neque
1659 1695 1776 1728 Graeci
1794 1695 1951 1727 dicebant

178 1758 253 1780 cum
277 1747 436 1788 Pompeio
459 1746 584 1778 erant.''
609 1744 781 1776 Corradus.
1087 1749 1351 1798 μακροψυχὶαν,

221 1802 240 1842 ἓ
262 1803 292 1832 4.
315 1800 439 1831 Excubo
461 1799 564 1830 animo
587 1808 620 1829 οι
645 1798 758 1838 vigilo,
782 1798 823 1828 ad
845 1797 958 1828 onmia
973 1797 1040 1828 ani·
1064 1805 1065 1810 ¹
1130 1801 1200 1832 Iam
1224 1803 1364 1832 nostrum
1386 1810 1493 1832 earum
1504 1798 1707 1831 intervallum
1713 1797 1798 1838 suit.
1819 1796 1952 1840 Optime

179 1865 271 1887 mum
293 1855 439 1891 intendo,
462 1858 593 1894 paratus
608 1862 690 1884 sum.
715 1851 813 1882 Tusc.
830 1851 894 1882 IV.
909 1850 958 1889 37,
982 1850 1042 1883 Sa·
1064 1849 1065 1874 ἶ
1089 1856 1140 1887 vir
1161 1856 1276 1887 doetus
1298 1855 1383 1896 apud
1406 1852 1783 1886 Lambinumcorrexit:
1809 1854 1874 1883 tam
1886 1853 1953 1884 lon.

176 1911 266 1950 piens
288 1919 406 1950 semper
428 1908 532 1939 animo
554 1907 600 1938 sic
622 1907 764 1944 excubal,
789 1909 821 1936 ut
846 1905 928 1937 nihil
944 1906 974 1937 ei
988 1905 1042 1937 z'm-
1085 1902 1157 1952 (qun
1180 1920 1286 1942 earum
1308 1909 1511 1941 intervallum
1534 1907 1626 1949 fuit3
1649 1916 1711 1939 nec
1739 1906 1952 1948 praetulerim

172 1964 331 2005 provisam
353 1961 497 1993 accidere
512 1961 626 2002 JJOSSil-
1064 1969 1065 1975 ¹
1088 1964 1314 1996 coniecturam
1346 1961 1485 1994 Koehii:
1526 1971 1683 2003 nunquam
1718 1958 1819 1991 maius
1858 1957 1954 1991 trium

221 2016 261 2047 In.
283 2017 364 2048 cives
387 2025 454 2047 esse
461 2015 623 2056 facturos.
647 2015 760 2055 Vulgo
773 2014 953 2055 effecturos.
975 2013 1043 2045 Sed
1089 2017 1209 2048 dierum
1231 2016 1433 2048 intervallum
1447 2015 1652 2056 ficit,.quam
1663 2013 1843 2045 absolvisse
1859 2011 1897 2045 C.
1912 2011 1952 2044 F.

180 2070 298 2103 meiito
320 2070 481 2101 Ernestus
503 2069 752 2100 consuetudinis
776 2068 957 2099 Tullianae
972 2076 1042 2099 esse
1088 2070 1253 2102 Mullerus
1275 2069 1309 2100 in
1333 2068 1456 2100 Philol.
1479 2066 1581 2098 XIX.
1606 2065 1666 2099 327
1688 2074 1724 2097 se
1741 2065 1877 2106 putabat
1893 2074 1953 2106 pro

169 2124 288 2166 faeere
303 2123 336 2155 in
348 2123 483 2164 aliquem
498 2123 634 2154 notavit.
657 2122 744 2153 Nam
761 2121 924 2153 efficiendi
939 2122 1040 2153 verbo
1066 2128 1069 2169 ἦ
1090 2122 1191 2154 maius
1212 2122 1361 2154 scribens
1383 2119 1530 2160 amplius.

180 2177 289 2217 iungit
310 2176 493 2207 ablativum
514 2185 590 2206 cuin
612 2174 855 2216 praepositione
877 2173 920 2211 in,
943 2178 979 2204 ut
1001 2173 1035 2204 in
1066 2188 1069 2189 ⁷

182 2231 298 2263 Laelio
321 2230 340 2270 ξ
362 2230 414 2261 41.
440 2229 529 2261 Phil.
551 2229 649 2261 XIV.
673 2229 705 2260 9.

1048 2316 1097 2356 A.

638 2411 825 2449 CICERO
858 2410 963 2448 IMP.
996 2409 1033 2446 S.
1063 2408 1108 2445 D.
1141 2405 1364 2444 CAESARI
1396 2404 1501 2442 IMP.

250 2507 289 2545 1.
335 2504 393 2544 Ut
435 2504 514 2558 legi
557 2507 647 2543 tuas
669 2500 838 2552 literas,
873 2515 972 2556 quas
1005 2515 1028 2541 a
1060 2498 1211 2541 Furnio
1244 2501 1381 2538 nostro
1411 2509 1656 2550 acceperam,
1692 2492 1841 2548 quibus
1874 2506 1954 2532 me-

185 2593 276 2619 cum
327 2575 472 2631 agebas
514 2580 561 2616 ut
610 2575 660 2616 ad
694 2573 831 2615 urbem
867 2589 1006 2623 essem,
1041 2577 1079 2614 te
1113 2571 1212 2613 velle
1244 2570 1304 2611 uti
1338 2568 1506 2610 consilio
1541 2571 1581 2608 et
1614 2565 1814 2621 dignitate
1848 2578 1951 2614 mea,

184 2650 317 2691 minus
351 2663 439 2690 sum
473 2649 716 2690 admiratus:
754 2648 801 2689 de
836 2648 965 2702 gratia
998 2651 1038 2688 et
1071 2646 1119 2687 de
1153 2660 1225 2700 ope
1259 2643 1356 2699 quid
1391 2641 1651 2696 significares,
1686 2652 1841 2679 mecum
1865 2636 1950 2692 ipse

148 2743 162 2768 5
184 2721 438 2777 quaerebam,
487 2737 554 2776 spe
597 2710 738 2762 *tamen
788 2719 1013 2766 deducebar
1057 2719 1106 2760 ad
1147 2733 1232 2760 eam
1279 2716 1578 2771 cogitationem,
1625 2716 1670 2753 ut
1701 2715 1742 2752 te
1775 2725 1846 2766 pro
1880 2713 1952 2751 tua

184 2793 410 2836 admirabili
458 2809 503 2835 ac
547 2794 740 2849 singulari
781 2793 977 2849 sapientia
1021 2792 1070 2833 de
1114 2791 1210 2841 otio,
1245 2789 1294 2831 de
1328 2803 1438 2844 pace,
1473 2786 1522 2828 de
1556 2783 1770 2827 concordia
1802 2782 1951 2824 civium

184 2869 249 2924 agi
299 2866 397 2910 velle
430 2866 656 2917 arbitrarer,
681 2871 720 2907 et
753 2867 802 2908 ad
836 2882 919 2907 eam
956 2865 1151 2907 rationem
1183 2860 1463 2905 existimabam
1496 2859 1593 2900 satis
1627 2861 1761 2914 aptam
1793 2870 1878 2897 esse
1911 2858 1953 2895 et

185 2947 370 2984 naturam
418 2945 459 2982 et
506 2955 713 2995 personam
760 2955 899 2981 meam.
948 2942 988 2980 2.
1024 2937 1142 2990 Quod
1177 2937 1210 2977 si
1242 2936 1300 2976 ita
1333 2938 1393 2975 est
1426 2938 1466 2974 et
1498 2932 1531 2973 si
1565 2946 1644 2986 qua
1677 2930 1727 2971 de
1760 2927 1950 2984 Pompeio

231 3123 248 3160 ς·
272 3121 300 3150 l.
326 3119 408 3149 Tuas
430 3117 553 3154 literae,
576 3116 703 3147 additas
726 3118 816 3157 epist.
845 3116 863 3145 6
886 3116 918 3146 11.
944 3116 964 3146 l.
1068 3132 1071 3137 ›
1094 3119 1168 3154 post
1190 3113 1328 3145 Bosium
1341 3110 1468 3151 fautor.
1509 3109 1576 3140 Sed
1597 3106 1720 3138 auctori
1743 3105 1788 3137 ad
1809 3107 1840 3137 te
1861 3104 1951 3136 adiu-

188 3177 191 3179 ’
232 3174 249 3209 ξ
273 3174 302 3204 2.
325 3171 462 3203 Adinlor
484 3169 661 3211 diynitasis.
700 3170 787 3202 Med.
812 3172 931 3200 allelor.
956 3169 1046 3200 editt.
1068 3177 1070 3180 ’
1095 3166 1227 3197 vandum
1250 3165 1371 3205 optime
1394 3174 1466 3205 opp.
1498 3162 1634 3199 adiutor,
1658 3165 1695 3192 ut
1716 3159 1845 3199 scripsit
1868 3157 1950 3190 Hof-
