2062 3565
221 162 301 203 112
562 164 645 205 ΕΡ.
681 162 756 204 AD
789 164 834 203 T.
870 160 1220 203 POMPONIUM
1254 159 1517 202 ATTICUM.

218 313 335 352 quam
382 299 491 353 turpi
536 298 615 338 leto
648 311 870 352 pereamus,
905 301 945 336 et
978 295 1134 346 dubita,
1169 297 1203 336 si
1236 300 1362 350 potes,
1397 296 1496 350 quin
1529 296 1610 348 ille,
1645 312 1715 338 seu
1751 298 1880 339 victus
1915 310 1985 338 seu

219 371 343 411 victor
378 370 552 421 redierit,
587 370 749 411 caedem
783 369 962 410 facturus
996 368 1062 409 sit.
1097 369 1184 423 Ego
1217 383 1308 409 vero
1341 369 1403 409 vel
1434 368 1654 422 lintriculo,
1689 371 1724 412 si
1757 370 1871 412 navis
1903 383 1984 410 non

218 445 306 495 erit,
355 444 517 498 eripiam
562 457 625 483 me
672 458 720 483 ex
752 443 921 484 istorum
953 442 1182 498 parricidio.
1233 442 1311 483 Sed
1344 443 1459 498 plura
1493 443 1678 496 scribam,
1713 460 1838 500 quum
1870 443 1986 484 illum

218 531 452 557 convenero.
499 519 540 556 6.
586 516 779 557 Iuvenem
819 520 1002 557 nostrum
1041 531 1124 557 non
1156 531 1320 572 possum
1353 531 1435 557 non
1468 532 1613 569 amare,
1649 517 1718 559 sed
1751 516 1802 559 ab
1835 531 1881 558 00
1912 529 1986 558 1108

217 604 297 630 non
331 589 453 630 amari
487 589 604 644 plane
639 588 834 643 intelligo.
870 588 986 630 Nihil
1020 604 1093 644 ego
1127 589 1210 630 vidi
1243 594 1327 630 tam
1361 585 1747 644 ἀνηθοποίητον,
1772 595 1856 632 tam
1879 603 1986 630 aver-

218 678 303 703 sum
349 679 370 703 a
414 663 509 713 suis,
554 671 635 703 tam
682 663 817 704 1108010
867 663 964 717 quid
998 664 1193 718 cogitans.
1247 664 1339 704 Vim
1374 663 1654 705 incredibilem
1688 663 1984 706 molestiarum!

218 736 294 777 Sed
338 737 414 777 erit
456 751 572 777 curae
623 744 662 775 et
713 745 786 785 est,
836 741 881 776 ut
930 741 1105 789 regatur.
1152 737 1303 778 Mirum
1339 742 1399 777 est
1431 738 1535 778 enim
1571 737 1794 791 ingenium.
1829 734 1987 788 ’ἤθους

220 807 546 866 ε’πιμωλητίον.

221 959 328 990 batur:
355 978 394 981 —
415 958 583 989 anricmwa
607 958 667 988 Ιιαε
689 959 762 987 sunt
788 957 964 994 amicorum,
988 957 1077 997 quod

218 1013 262 1043 sic
296 1013 453 1053 explicari
486 1016 627 1052 poterat,
664 1011 721 1041 has
755 1011 877 1041 amicas
910 1021 976 1041 11011
1012 1010 1078 1041 dici

218 1066 320 1106 ipsius
342 1065 494 1102 Antonii,
507 1065 563 1096 sed
580 1064 648 1094 eius
667 1064 859 1094 amicorum.
883 1063 948 1094 Sed
962 1074 1073 1104 quain-

1126 958 1241 990 adfero
1264 968 1281 989 e
1305 957 1477 995 Cicerone,
1500 963 1628 998 praeter
1651 958 1760 989 locum
1787 959 1828 990 de
1848 958 1990 998 Leg.II.

1127 1012 1145 1042 9
1169 1015 1252 1042 extr.
1277 1011 1332 1041 ubi
1355 1011 1506 1042 consulto
1530 1011 1563 1041 in
1580 1011 1654 1051 lege
1670 1011 1837 1052 antiquior
1848 1011 1990 1042 formula
2023 1026 2026 1027 ⁷

1126 1065 1274 1105 quaesita
1297 1070 1355 1100 est,
1379 1064 1419 1095 (10
1443 1064 1555 1094 Divin.
1586 1064 1630 1094 ΙΙ.
1665 1064 1714 1102 56,
1738 1064 1795 1095 ubi
1818 1064 1868 1095 Ti.
1892 1063 1988 1095 Grac-

217 1120 267 1150 vis
296 1119 414 1150 Iunius
447 1118 480 1148 in
504 1118 631 1148 duobus
655 1116 747 1147 libris
771 1116 935 1147 invenerit
958 1126 1024 1153 eae,
1048 1120 1079 1146 et

219 1172 362 1203 Orellius
394 1180 467 1202 eam
497 1170 673 1201 lectionem
705 1169 776 1209 (eae
798 1172 871 1200 sunt
900 1183 936 1196 z
960 1170 992 1200 id
1016 1170 1078 1208 est)

218 1224 381 1261 defendat,
404 1229 514 1254 tamen
538 1223 599 1253 1100
622 1222 784 1263 displicet,
808 1222 968 1262 imprimis
991 1222 1079 1262 quod

220 1278 299 1308 haec
323 1277 423 1307 verba
443 1278 557 1316 septem
573 1286 607 1315 p.
631 1286 655 1306 c.
679 1276 700 1305 l.
724 1274 893 1306 scenicarum
906 1275 992 1306 male
1005 1285 1080 1306 011111

219 1330 442 1371 superioribus
465 1329 651 1360 cohaerent.
676 1329 805 1360 Verum
826 1334 904 1369 puto
920 1329 1080 1370 (111011ἀο-

219 1384 265 1415 dit
289 1384 420 1415 Bosius:
445 1385 559 1424 septem
577 1393 611 1423 p.
635 1382 820 1414 coniunctae
843 1382 975 1413 lecticae
999 1382 1077 1412 ami-

219 1448 323 1469 carum
355 1439 427 1468 sunt
457 1447 499 1467 an
529 1435 708 1472 amicorum,
738 1445 803 1476 quo
832 1435 923 1466 ducit
945 1444 1078 1476 quoque

220 1491 319 1527 Med„
342 1490 399 1531 qui
423 1500 463 1520 an
488 1490 530 1520 ob
552 1489 802 1520 similitudinem
825 1489 994 1529 sequentis
1017 1489 1081 1528 syl—

222 1544 313 1574 labae
347 1543 465 1574 omisit.
500 1542 548 1573 De
581 1542 642 1572 hac
674 1541 864 1582 quaestione
895 1541 1078 1572 dubitantis

221 1596 293 1627 dixi
315 1597 355 1626 ad
377 1596 404 1627 1.
428 1596 455 1632 3,
479 1596 507 1626 2.
531 1595 668 1625 Dubitat
690 1600 798 1625 autern
823 1594 948 1631 Cicero,
971 1600 1080 1624 utrum

222 1650 299 1683 illae
332 1652 465 1683 lecticae
495 1651 615 1681 amicas
648 1650 789 1680 Antonii
825 1650 1017 1680 contineant
1041 1660 1081 1680 an

223 1705 380 1737 exoletos.
418 1704 480 1735 Dio
508 1703 618 1734 XLV.
649 1703 688 1733 28
719 1702 796 1734 facit
827 1702 1021 1734 Ciceronem
1043 1689 1109 1733 del

224 1758 270 1788 Μ.
294 1757 444 1788 Antonio
466 1756 647 1788 dicentem:
665 1752 809 1801 πόρνους
823 1753 880 1787 καὶ
897 1752 1023 1799 πόρνας
1035 1770 1082 1776 --

224 1812 310 1858 μετὰ
339 1817 403 1846 τῶν
431 1811 642 1860 ῥαβδούχων
673 1810 976 1858 δαφνηφορούντων
999 1810 1084 1845 ἐπα·
1108 1808 1109 1822 ’

225 1869 367 1917 ’γόμενος
398 1870 460 1908 τὴν
501 1864 652 1904 Ἰταλίαν
683 1867 816 1915 περιίει.
858 1870 913 1901 Sic
949 1869 1084 1901 Clodius

228 1939 357 1970 semper
383 1939 495 1961 secum
524 1934 639 1965 scorta,
670 1937 798 1968 semper
820 1927 978 1964 exoletos,
1002 1936 1084 1958 seni-

229 1992 286 2023 per
308 1983 400 2023 lupas
422 1982 572 2018 habebat,
596 1981 670 2012 Mil.
694 1982 743 2011 55.

280 2036 355 2067 Vide
375 2046 463 2077 quam
488 2034 573 2075 turpi
594 2034 657 2065 leto
673 2044 839 2074 pereamue
862 2044 895 2064 o:
922 2033 1007 2065 Vide
1031 2042 1088 2074 per
1110 2044 1112 2046 ·

231 2100 329 2131 quam
352 2096 461 2131 turpes
483 2089 634 2120 homines
656 2098 707 2120 res
730 2089 879 2119 Romana
891 2092 1011 2129 pereat.
1034 2087 1086 2117 Ne

233 2145 306 2183 quis
335 2144 467 2175 haereat.
496 2143 528 2173 111
559 2153 588 2172 v.
622 2142 715 2173 letum
750 2146 784 2172 ut
813 2141 918 2182 poetis
947 2140 1087 2181 proprio,

848 2247 923 2287 XI.

1126 1119 1206 1150 chus
1244 1118 1324 1149 Caio
1369 1118 1460 1149 fratri
1494 1118 1528 1148 in
1562 1118 1687 1149 somnis
1720 1118 1845 1150 dixisse
1877 1117 1989 1157 fertur,

1102 1196 1105 1216 2
1127 1174 1244 1206 eodem
1267 1174 1295 1204 ei
1318 1172 1391 1209 leto,
1424 1182 1489 1213 quo
1523 1173 1591 1213 ipse
1624 1173 1797 1210 interisset,
1828 1182 1898 1204 esse
1920 1181 1989 1213 per-

1104 1229 1286 1260 eundum.
1333 1227 1494 1259 Similiter
1534 1227 1643 1268 posuit
1673 1227 1848 1259 Cornelius
1879 1227 1991 1268 Nepos

1127 1282 1167 1313 (10
1200 1281 1282 1321 Reg.
1317 1280 1346 1311 3.
1387 1280 1504 1320 Neque
1538 1279 1656 1310 Livius
1692 1279 1828 1310 XXXI.
1863 1280 1902 1312 18
1938 1279 1992 1310 ab·

1127 1334 1244 1365 stiuuit
1287 1333 1431 1364 dictione
1471 1332 1600 1374 poetica
1632 1341 1768 1363 narrans
1808 1332 1991 1373 Abydenus

1130 1397 1164 1419 se
1187 1388 1273 1429 ipsos
1290 1398 1349 1429 per
1371 1396 1475 1417 omnes
1500 1387 1568 1417 vias
1590 1386 1647 1417 leti
1662 1385 1871 1426 interfecisse.
1894 1385 1992 1418 Deni-

1104 1428 1107 1488 l
1129 1451 1192 1482 que
1225 1442 1312 1472 Plin.
1335 1442 1378 1472 H.
1402 1441 1443 1471 N.
1468 1439 1602 1471 xxiv.
1626 1440 1684 1473 157
1708 1440 1794 1472 dixit
1818 1439 1994 1471 insanabili

1130 1496 1193 1527 leto
1211 1495 1331 1535 perire.

1173 1549 1301 1586 Dubita,
1324 1549 1352 1579 si
1368 1551 1460 1589 potes
1483 1558 1516 1578 o:
1540 1547 1683 1579 dubitari
1707 1557 1774 1578 non
1789 1552 1906 1588 potest.
1919 1546 1995 1579 Ele-

1107 1603 1278 1643 ¹gantiam
1312 1602 1410 1633 huius
1445 1601 1619 1632 locutionis
1652 1600 1739 1632 male
1779 1604 1995 1641 corruperunt

1132 1657 1257 1687 librarii
1279 1657 1453 1687 scribendo
1475 1654 1614 1686 dubitari
1634 1656 1747 1694 potest.

1108 1765 1186 1804 ¹cit,
1223 1774 1322 1805 quem
1360 1771 1454 1795 vocat
1490 1761 1763 1804 ἀνηθοποίητον,
1800 1764 1871 1794 81110
1910 1767 1998 1794 certa

1108 1847 1109 1863 ¹
1134 1830 1264 1851 morum
1303 1819 1574 1856 conformatione,
1615 1818 1782 1856 mobilem,
1826 1818 1889 1849 sibi
1928 1827 1995 1849 non

1133 1876 1350 1903 constantem.
1373 1872 1472 1903 Recte
1494 1871 1691 1902 Wielandus
1714 1870 1829 1902 vertit:
1854 1869 1894 1900 In
1917 1869 1991 1900 mei-

1110 1954 1111 1967 3
1134 1936 1201 1957 nem
1225 1925 1325 1957 Leben
1349 1925 1408 1956 11αό
1432 1925 1483 1955 ἱσΙι
1505 1925 1609 1956 nichts
1630 1934 1664 1956 So
1688 1923 1941 1956 ckaralcterloses
1955 1941 1996 1947 —

1110 1984 1111 2019 j
1130 1979 1278 2021 qesehen.

1177 2030 1232 2061 Est
1261 2032 1296 2061 ut
1319 2032 1457 2070 reyatur.
1488 2029 1650 2060 Matthiae
1673 2030 1715 2060 ad
1735 2028 1855 2066 Milon,
1880 2027 1918 2058 35
1942 2035 1996 2058 ex-

1111 2073 1113 2118 l
1136 2085 1252 2125 plicat:
1276 2084 1346 2115 fieri
1372 2088 1485 2124 potest,
1508 2088 1543 2114 ut
1573 2087 1715 2123 regatur.
1737 2082 1846 2114 Male:
1871 2091 1888 2113 0
1905 2090 1996 2122 supe-

1111 2133 1114 2187 l
1137 2139 1277 2170 rioribus
1300 2139 1364 2170 huc
1387 2139 1584 2170 trahendum
1607 2148 1677 2169 voc.
1699 2147 1806 2169 curae.

990 2246 1056 2298 (A.
1098 2244 1142 2284 U.
1181 2245 1222 2284 C.
1262 2243 1379 2296 705.)

303 2370 341 2408 l.
393 2365 617 2420 Obsignata
660 2364 737 2405 iam
783 2360 950 2416 epistola
995 2359 1196 2414 superiore
1244 2373 1325 2398 11011
1359 2357 1511 2412 placuit
1543 2359 1580 2398 ei
1614 2358 1714 2409 dari,
1750 2359 1816 2399 cui
1849 2358 1997 2400 consti-

1174 1713 1191 1752 §
1226 1712 1253 1742 6.
1285 1711 1431 1742 Iuvenem
1454 1713 1604 1742 nostrum.
1635 1709 1801 1748 Quintum
1821 1709 1930 1740 filium
1951 1709 1985 1740 di
2036 1736 2040 1739 .

238 2447 406 2490 tueram,
451 2437 558 2493 quod
603 2441 687 2478 erat
735 2434 902 2476 alienus.
955 2432 1097 2485 Itaque
1138 2446 1183 2471 00
1229 2430 1292 2471 (110
1338 2429 1431 2471 data
1464 2445 1546 2472 non
1578 2436 1651 2471 est.
1687 2431 1854 2473 Interim
1888 2431 1998 2473 venit

239 2513 481 2555 Philotimus
513 2516 553 2552 et
585 2500 685 2551 mihi
719 2524 742 2549 a
773 2513 812 2548 te
844 2506 980 2547 literas
1014 2503 1204 2555 reddidit,
1238 2502 1385 2558 quibus
1420 2518 1521 2558 quae
1555 2503 1603 2544 de
1637 2504 1757 2545 fratre
1791 2519 1879 2546 meo
1903 2505 1998 2546 scri-

205 2605 218 2627 5
241 2587 316 2635 bis,
366 2589 461 2627 sunt
503 2600 548 2626 ea
591 2582 752 2638 quidem
794 2595 935 2636 parum
982 2580 1108 2628 firma,
1153 2576 1222 2617 sed
1272 2575 1421 2617 habent
1469 2575 1572 2617 nihil
1614 2573 1846 2632 ὕπουλον,
1896 2576 1999 2618 nihil

240 2660 373 2709 fallax,
418 2657 520 2699 nihil
563 2671 644 2697 non
692 2652 865 2694 flexibile
900 2652 946 2693 ad
983 2650 1219 2698 bonitatem,
1252 2648 1355 2690 nihil
1388 2648 1495 2703 quod
1528 2664 1624 2700 non,
1659 2664 1738 2704 quo
1771 2649 1883 2702 velis,
1917 2665 1998 2692 uno

242 2748 419 2774 sermone
453 2730 580 2786 possis
612 2727 841 2784 perducere.
901 2725 964 2765 Ne
996 2723 1135 2773 multa,
1170 2736 1306 2762 omnes
1340 2735 1445 2771 81108,
1480 2721 1600 2762 etiam
1635 2721 1782 2775 quibus
1813 2722 2000 2764 irascitur

243 2806 433 2855 crebrius,
466 2809 601 2846 tamen
634 2815 744 2843 caros
776 2797 912 2849 habet,
946 2812 1008 2837 me
1042 2795 1205 2850 quidem
1237 2809 1277 2835 80
1310 2793 1397 2849 ipso
1431 2793 1634 2835 cariorem.
1668 2794 1787 2846 Quod
1805 2795 1854 2836 de
1876 2809 2000 2850 puero

244 2880 357 2921 aliter
400 2878 450 2919 ad
493 2882 532 2918 te
577 2874 735 2930 scripsit
777 2876 816 2913 et
849 2870 898 2912 ad
931 2874 1098 2911 matrem
1132 2867 1180 2908 de
1212 2867 1307 2917 filio,
1341 2881 1423 2907 non
1455 2866 1715 2922 reprehendo.
1760 2868 1821 2908 De
1853 2867 1879 2912 †
1901 2867 2000 2909 itine

286 3011 391 3042 Aliter
413 3009 457 3041 ad
477 3011 507 3040 te
527 3008 653 3048 scripsit
675 3009 706 3038 et
735 3006 779 3038 ad
798 3006 927 3036 matrem
948 3014 981 3034 0:
1005 3003 1099 3034 aliter
1144 3001 1171 3031 Ι.
1201 3010 1230 3040 p.
1263 2999 1334 3030 268.
1363 2999 1482 3030 Simile
1511 3005 1559 3031 est
1588 2999 1679 3030 aliud
1713 2999 1831 3031 sentire
1853 3001 1890 3030 el..
1906 2999 2001 3041 loqui,

247 3066 288 3096 ad
315 3070 347 3096 te
375 3062 511 3103 scripsit,
544 3061 638 3092 aliter
659 3061 699 3091 ad
722 3063 870 3090 matrem.
892 3057 967 3088 Fin.
993 3056 1035 3093 V,
1060 3056 1098 3086 89
1143 3053 1237 3085 Fam.
1260 3053 1362 3084 VIII.
1385 3053 1413 3090 1,
1438 3053 1466 3084 3.

251 3117 370 3158 Quanti
391 3115 523 3158 quidque
545 3113 597 3151 sit,
625 3113 721 3144 aliter
743 3110 828 3143 docti
850 3111 881 3141 et
899 3109 1019 3140 indocti
1043 3110 1100 3147 (sc.
1187 3106 1237 3137 De
1262 3105 1368 3145 *sitine
1397 3108 1428 3136 et
1456 3106 1496 3137 de
1523 3116 1638 3137 sorore.
1668 3107 1721 3138 Ita
1741 3106 1831 3138 Med.
1853 3107 1895 3138 In
1917 3108 2002 3138 dete-

195 3179 197 3181 ’
249 3172 453 3212 loquuntur).
483 3168 523 3200 ef.
556 3167 761 3199 Facciolatus
790 3175 839 3206 ap.
872 3163 983 3195 Hand.
1008 3164 1103 3194 ans.
1126 3203 1127 3207 Ἰ
1149 3159 1289 3191 rioribus
1312 3159 1404 3191 libris
1427 3164 1474 3192 est
1497 3159 1545 3191 De
1566 3159 1690 3196 itinere,
1706 3159 1805 3200 idque
1827 3160 1868 3191 de
1884 3159 1925 3198 Q.
1940 3159 2002 3190 filii
