2062 3565
729 151 835 194 Lsss.
871 152 947 195 IX.
983 153 1066 195 ΕΡ.
1106 156 1145 194 9.
1768 158 1823 195 63

52 302 170 344 quam
218 286 325 328 hunc
369 285 464 328 fore.
524 286 629 328 [llud
680 303 740 328 me
792 288 989 343 praeclare
1034 288 1238 339 admones,
1275 304 1397 343 quum
1432 289 1546 331 illum
1582 289 1730 338 videro,
1769 306 1815 331 111·

52 361 172 405 nimis
210 359 466 414 indulgenter
511 367 550 402 et
598 367 644 402 ut
693 376 784 402 cum
817 362 1012 416 gravitate
1048 362 1182 417 potius
1214 362 1368 417 loquar.
1421 362 1543 403 Plane
1577 364 1634 404 sie
1671 363 1816 404 facien-

53 434 163 477 dum.
196 433 411 489 Arpinum,
457 449 581 489 quum
615 449 706 475 eum
740 449 977 486 comenero,
1012 435 1159 490 cogito,
1195 450 1243 476 ne
1278 436 1377 477 forte
1411 441 1481 477 aut
1514 434 1657 486 absim,
1692 451 1816 491 quum

53 507 198 559 veniet,
243 511 313 549 aut
351 521 504 548 cursem
551 508 628 548 huc
673 506 769 548 illuc
815 508 878 548 via
921 507 1148 550 deterrima.
1183 507 1391 559 Bibulum,
1426 513 1472 550 ut
1505 507 1661 559 scribis,
1697 509 1817 551 audio

53 581 205 624 venisse
253 586 293 621 et
335 580 483 622 redisse
528 580 654 636 pridie
706 580 818 621 Idus.
871 583 911 621 3.
962 581 1240 631 Philotimum,
1287 587 1332 622 ut
1376 582 1433 622 ais
1482 581 1651 637 epistola
1685 583 1816 632 tertia,
1860 595 1874 619 ε

8 711 10 713 ¹
53 646 324 710 exspEctabas.
359 657 415 695 At
447 654 513 696 ille
548 653 691 695 Idibus
725 669 748 694 a
781 669 842 695 me
877 654 1078 709 profectus
1111 659 1186 696 est.
1227 654 1288 696 Eo
1321 655 1447 696 serius
1481 654 1531 695 ad
1564 660 1674 696 tuam
1709 656 1816 696 illam

54 726 274 785 epistolam,
320 727 386 768 cui
430 742 503 782 ego
548 727 683 768 statim
726 726 1018 781 rescripseram,
1067 726 1243 768 redditae
1285 732 1380 768 sunt
1413 742 1522 769 meae
1556 727 1708 768 literae.
1765 729 1818 768 Dc

55 801 246 852 Domitio,
291 806 337 843 ut
386 799 542 850 scribis,
584 801 642 841 ita
683 800 823 856 opinor
868 815 966 850 esse,
1010 805 1056 841 ut
1100 808 1139 841 et
1183 802 1225 842 in
1259 800 1415 842 Cosano
1449 801 1502 842 sit
1533 806 1572 842 et
1606 801 1816 842 consilium

55 875 139 917 eius
182 875 401 930 ignoretur.
447 860 529 915 I'ste
563 873 743 914 omnium
778 873 1036 928 turpissimus
1069 880 1109 914 et
1143 872 1456 922 sordidissimus,
1491 874 1561 929 qui
1594 874 1820 915 consularia

54 947 214 990 comitia
258 963 281 990 a
323 952 503 1003 praetore
549 947 605 988 ait
637 945 776 987 haberi
811 961 938 1001 posse,
973 952 1033 987 est
1065 946 1186 997 idem,
1222 946 1291 1001 qui
1325 962 1478 1003 semper
1509 947 1551 987 in
1589 962 1626 988 re
1660 946 1817 1002 publicu
1841 959 1876 984 10

53 1021 143 1064 fuit.
191 1022 334 1077 Itaque
378 1021 568 1062 nimirum
610 1019 684 1061 hoc
727 1019 828 1061 illud
874 1025 947 1068 est,
994 1019 1099 1074 quod
1133 1020 1278 1061 Caesar
1311 1020 1451 1061 scribit
1483 1021 1526 1062 in
1559 1036 1605 1062 ea
1638 1021 1819 1076 epistola,

52 1095 166 1138 cuius
208 1094 434 1150 exemplum
476 1093 525 1136 ad
567 1100 606 1134 te
651 1093 756 1143 misi,
801 1108 841 1134 se
886 1092 985 1134 velle
1028 1093 1091 1134 uti
1131 1092 1298 1134 consilio
1343 1108 1454 1144 meo;
1490 1108 1577 1149 age,
1611 1099 1710 1144 esto,
1746 1094 1820 1134 hoc

51 1184 260 1212 commune
309 1173 392 1218 est;
439 1167 593 1223 gratia3
638 1166 819 1221 ineptum
863 1165 905 1206 id
953 1165 1129 1220 quidem,
1175 1166 1259 1216 sed,
1305 1171 1418 1221 puto,
1466 1166 1540 1208 hoc
1574 1167 1736 1209 simulat
1771 1168 1819 1208 ad

51 1242 241 1299 quasdam
289 1246 518 1283 senatorum
563 1240 804 1291 sententias3
851 1239 1063 1294 dignitate,
1106 1240 1272 1281 fortasse
1317 1240 1539 1281 sententiae
1584 1240 1820 1282 consularis.

15 1312 25 1335 ⁴³
50 1315 159 1359 Elud
191 1312 414 1358 extremum
447 1318 521 1365 est,
567 1329 640 1368 ope
674 1313 855 1354 omnium
888 1328 1035 1354 rerum.
1086 1313 1135 1355 Id
1169 1329 1241 1369 ego
1277 1314 1470 1369 suspicari
1505 1315 1618 1370 coepi
1651 1321 1738 1355 tum
1773 1330 1821 1356 ex
1845 1330 1873 1354 15

49 1389 130 1432 tuis
172 1388 314 1438 literis,
361 1392 431 1428 aut
472 1386 547 1427 hoc
587 1386 721 1442 ipsum
764 1401 848 1428 esse
890 1391 960 1427 aut
1002 1401 1085 1428 non
1135 1386 1262 1428 multo
1297 1401 1424 1464 seffls.
1474 1387 1581 1429 Nam
1614 1387 1819 1443 permagni

7 1474 18 1488 “·
49 1462 136 1504 eius
166 1461 335 1504 interest
367 1476 450 1503 rem
483 1460 533 1501 ad
566 1460 840 1515 interregnum
876 1474 957 1500 non
992 1459 1139 1501 venire.
1183 1460 1234 1501 Id
1268 1465 1507 1515 assequltur,
1543 1460 1575 1501 si
1608 1475 1678 1515 per
1711 1475 1820 1515 prae-

47 1539 173 1576 torem
205 1534 390 1577 consules
422 1538 622 1575 creantur.
673 1533 759 1574 Nos
793 1536 926 1573 autem
959 1532 1004 1573 in
1035 1531 1149 1574 libris
1183 1531 1378 1574 habemus
1411 1548 1493 1574 non
1527 1532 1644 1574 modo
1679 1548 1820 1574 consu-

51 1607 106 1650 les
150 1623 172 1649 a
214 1613 394 1664 praetore
435 1607 504 1649 sed
549 1622 598 1648 ne
643 1612 843 1663 praetores
889 1606 1051 1661 quidem
1097 1608 1222 1649 creari
1262 1609 1325 1649 ius
1370 1623 1469 1659 esse,
1515 1608 1636 1664 idque
1671 1608 1821 1649 factum

8 1687 10 1689 '
49 1695 133 1723 esse
167 1695 396 1735 nunquam;
431 1681 629 1732 consules,
665 1696 710 1722 eo
744 1696 824 1722 non
860 1695 944 1721 esse
978 1681 1056 1731 ius,
1092 1681 1199 1736 quod
1235 1682 1366 1723 maius
1385 1682 1598 1736 imperium
1624 1698 1642 1722 a
1670 1682 1820 1722 minore
1842 1704 1876 1730 ρο

89 1865 129 1898 Se
149 1885 191 1891 —
210 1868 398 1909 supm'orem
420 1880 510 1911 quam
533 1869 704 1909 hunc-fine
727 1878 761 1899 ³:
792 1878 826 1900 se
861 1878 911 1899 su·
934 1901 935 1905 ,
961 1869 1053 1900 salva
1066 1869 1235 1911 republica
1247 1870 1330 1901 milu'
1343 1870 1500 1902 adsentiri
1515 1870 1676 1902 solebant.
1694 1870 1820 1902 Deinde

6 1927 18 1934 ⁰
49 1920 212 1962 periorem
234 1920 312 1959 fore,
335 1932 436 1968 quam
459 1921 581 1956 Caesar
603 1930 661 1954 est.
684 1922 735 1954 De
747 1928 911 1954 construe·
933 1908 936 1965 i
961 1923 1062 1954 verba
1083 1923 1140 1953 hoc
1168 1923 1267 1963 ipsum
1290 1932 1358 1955 esse
1387 1925 1443 1954 ant
1466 1933 1527 1954 non
1549 1924 1647 1954 multo
1668 1932 1756 1954 semes
1780 1933 1824 1956 re-

0 1978 3 1982 '
50 1974 140 2006 tione
161 1979 266 2014 agunt
289 1973 397 2006 Garat.
421 1982 453 2007 et
468 1975 661 2007 Wunderus
676 1976 718 2006 ad
730 1975 846 2007 Plane.
860 1975 912 2006 30.
933 1971 936 2042 Ι
960 1976 1037 2008 ferri
1060 1977 1181 2009 debent
1203 1978 1244 2008 ad
1267 1978 1309 2016 id,
1332 1978 1420 2018 quod
1449 1978 1595 2019 Lepidus
1618 1984 1748 2018 praetor
1770 1988 1822 2008 eo-

0 2029 2 2035 '
50 2025 199 2068 Madvig.
222 2025 368 2060 Gramm.
391 2028 458 2060 Lat
493 2029 511 2069 5
532 2030 594 2060 443
617 2029 644 2059 b.
678 2028 759 2060 Post
781 2038 909 2069 compa·
934 2054 937 2088 Ι
960 2031 1053 2062 mitia
1074 2032 1261 2063 consularia
1286 2032 1407 2063 habere
1429 2032 1573 2064 volebat.

0 2094 13 2133 ᾖ
49 2080 171 2112 rativos
193 2085 304 2113 autem
326 2082 468 2123 superior
490 2089 523 2115 et
545 2081 680 2123 inferior
709 2089 797 2114 recte
826 2082 913 2123 apud
934 2092 938 2151 Ι
1001 2083 1081 2115 Nam
1100 2085 1266 2126 permayui
1287 2085 1355 2115 eius
1376 2085 1510 2116 interest
1533 2094 1595 2115 rem
1620 2084 1663 2115 ad
1687 2085 1808 2115 intem-e

6 2150 18 2180 r·
50 2132 119 2166 Cic.
140 2135 235 2175 sequi
255 2145 356 2176 quam,
379 2136 419 2168 de
442 2146 508 2178 quo
540 2136 700 2168 Ernestus
729 2135 911 2173 dubitabat,
934 2156 937 2174 .
957 2149 1050 2178 qnum
1073 2149 1134 2170 non
1151 2139 1266 2170 venire.
1289 2139 1339 2170 De
1351 2139 1521 2171 voluntate
1535 2139 1824 2179 interregisincer·

50 2186 82 2218 h.
104 2187 125 2218 l.
153 2197 244 2229 quam
266 2187 350 2219 hunc
371 2194 404 2220 et
425 2189 460 2220 in
484 2198 533 2230 ep.
556 2189 597 2220 ad
629 2188 672 2227 Q.
694 2187 733 2218 fr.
757 2188 785 2218 1.
811 2188 838 2225 l,
862 2188 911 2225 18,

0 2304 17 2387 Ξ

0 2488 17 2565 ξ4

0 2570 23 2714 ἓ

0 2724 20 2770 Ξ

0 2864 12 2895 2

935 2217 937 2255 Ι
960 2199 1011 2224 tus
1041 2198 1110 2224 erat
1139 2191 1268 2230 Caesar,
1299 2202 1403 2234 quum
1425 2193 1523 2224 sciret
1544 2192 1709 2234 Lepidum
1736 2202 1822 2233 prae-

49 2249 140 2281 quam
170 2251 217 2272 me
247 2246 397 2282 suspecta
428 2241 571 2279 habene,
605 2241 717 2272 multis
748 2241 912 2282 exemplis
936 2269 938 2279 ‚
960 2250 1067 2276 torem
1105 2252 1137 2277 et
1171 2245 1329 2277 maiorem
1367 2246 1480 2287 populi
1514 2252 1640 2287 partem
1671 2246 1720 2276 sui
1755 2255 1824 2276 esse

49 2293 160 2326 docuit
182 2294 300 2327 Matth.
322 2295 426 2336 Epist.
448 2295 510 2328 sel.
534 2305 564 2337 p.
587 2295 628 2326 39
934 2302 937 2328 i
961 2299 1152 2330 studiosam.

91 2347 242 2389 Arpinum
275 2366 315 2371 —
349 2348 450 2390 coyito
482 2358 514 2380 a:
540 2359 606 2380 non
629 2349 719 2390 prius
741 2349 909 2389 Arpinum
934 2340 937 2365 ³
1002 2351 1042 2382 In
1075 2352 1166 2383 libris
1202 2367 1215 2378 n
1228 2352 1466 2393 augu1-alibus”
1504 2351 1606 2388 Man„
1644 2352 1701 2392 qui
1738 2358 1823 2382 recte

49 2402 213 2442 proficisci
235 2403 322 2442 volo,
345 2413 446 2444 quam
469 2404 643 2436 Caesarem
665 2413 862 2435 convenere.
933 2425 936 2465 ἱ
961 2411 1104 2436 statuere
1143 2405 1282 2442 videtur,
1321 2404 1356 2435 P.
1395 2404 1580 2445 Sulpicium
1612 2403 1751 2441 Galbam,
1781 2404 1823 2442 Q.

98 2456 225 2490 Venisse
247 2468 265 2490 e
280 2457 378 2499 Syria
400 2466 431 2491 et
453 2458 574 2490 redisse
598 2460 640 2490 ad
662 2459 869 2500 Pompeium,
892 2469 911 2490 a
934 2469 936 2512 ἰ
958 2459 1110 2490 Mucium
1143 2458 1337 2496 Scaevolam,
1376 2458 1414 2490 C.
1446 2458 1586 2489 Cassium
1617 2458 1822 2498 Longinum,

48 2519 116 2552 quo
144 2511 205 2543 toti
234 2512 343 2544 officio
370 2512 538 2543 maritimo
559 2513 763 2553 praepositus
785 2519 844 2544 est.
869 2511 910 2542 cf.
961 2514 1009 2545 M.
1040 2513 1221 2551 Antonium,
1251 2523 1334 2554 quos
1363 2513 1436 2551 hoc,
1460 2513 1547 2553 quod
1571 2512 1691 2544 Caesar
1714 2512 1823 2548 vellet,

50 2561 142 2596 Caes.
165 2564 206 2596 B.
230 2563 268 2596 C.
291 2564 356 2596 III.
381 2566 410 2595 5.
957 2566 1133 2597 decernere
1157 2565 1270 2597 scribit
1293 2565 1417 2603 Cicero,
1443 2564 1544 2597 fuisse
1568 2570 1646 2596 tunc
1671 2565 1704 2595 in
1720 2574 1822 2605 augu-

90 2617 111 2658 ξ
142 2618 161 2649 3
209 2617 277 2650 Iste
305 2618 437 2650 omnium
470 2618 668 2660 turpissimus
711 2618 836 2659 Tangit
862 2618 911 2649 M.
958 2628 1033 2650 rum
1061 2628 1211 2650 numero.
1244 2618 1291 2650 M.
1313 2619 1503 2650 Antonium
1527 2628 1554 2649 a.
1578 2617 1639 2650 704
1661 2627 1819 2658 augurem

50 2669 224 2712 Lepidum,
246 2677 430 2713 praetorem
451 2672 514 2703 hoc
536 2681 634 2709 anno,
651 2671 710 2712 qui
724 2670 913 2702 consularia
958 2681 1028 2704 esse
1055 2671 1180 2704 factum
1207 2677 1336 2704 constat
1367 2681 1410 2704 ex
1432 2672 1537 2703 Hirtii
1560 2672 1757 2708 narratione,
1781 2672 1821 2702 de

50 2723 192 2762 comitia,
214 2734 318 2765 quum
339 2724 492 2756 consules
515 2724 677 2761 abessent,
701 2733 720 2754 a
741 2732 776 2754 se
797 2723 912 2754 haberi
959 2727 1056 2758 Bello
1078 2725 1279 2758 Gall.V111.
1304 2726 1353 2756 50.
1368 2724 1524 2757 Ceterum
1537 2725 1689 2756 eonsules
1703 2733 1820 2765 aprae-

50 2785 144 2817 posse
164 2777 309 2818 putabat.
959 2786 1029 2812 tore
1050 2780 1153 2812 creari
1175 2779 1226 2811 ius
1249 2789 1316 2810 non
1339 2777 1438 2810 fuisse
1470 2778 1623 2809 novimus
1647 2786 1779 2818 quoque
1802 2786 1819 2807 e

91 2828 162 2860 Hoc
185 2839 340 2861 commune
362 2833 408 2862 est
431 2841 464 2862 o:
488 2830 551 2861 hoc
573 2839 641 2861 non
664 2830 706 2860 ad
727 2838 781 2860 me
803 2837 908 2860 unum
958 2834 1007 2865 M.
1036 2834 1199 2866 Messalae
1230 2833 1315 2864 libro
1345 2833 1386 2863 de
1418 2832 1572 2873 auspiciis
1594 2831 1709 2872 primo,
1734 2831 1819 2861 unde

0 2917 13 2929 ,Β
51 2892 192 2919 unamve
213 2893 284 2916 rem
306 2889 439 2926 spectat,
472 2885 530 2916 sed
551 2884 640 2916 idem
660 2885 701 2916 de
726 2884 840 2914 multis
865 2893 911 2916 re·
957 2888 1039 2920 haec
1062 2888 1163 2920 verba
1184 2887 1357 2928 descripsit
1378 2887 1421 2918 A.
1448 2885 1575 2918 Gellius
1599 2886 1640 2916 N.
1663 2887 1706 2917 A.
1722 2885 1819 2920 XIII,

11 2935 15 2939 '
52 2934 111 2966 bus
132 2936 173 2967 ad
196 2935 315 2968 multos
338 2937 479 2968 scribere
501 2940 615 2977 potest,
631 2941 728 2977 atque
741 2941 911 2977 propterea
959 2941 1015 2971 152
1041 2955 1055 2966 ιι
1067 2940 1215 2976 Praetor,
1239 2940 1301 2971 etsi
1322 2939 1453 2980 collega
1473 2938 1619 2969 consulis
1640 2945 1698 2975 est,
1714 2946 1818 2977 neque

51 2997 118 3020 non
150 2989 250 3021 nimis
275 2990 352 3021 huic
380 2991 482 3022 verbo
513 2989 661 3022 Caesaris
695 2991 909 3022 tribuendum
958 2998 1153 3034 praetorem,
1176 3001 1284 3033 neque
1299 2991 1471 3023 consulem
1487 2992 1556 3022 iure
1570 2999 1685 3031 rogare
1704 2994 1818 3030 potest,

52 3046 112 3074 est.
127 3042 280 3084 Belgice:
296 3043 348 3074 laet
364 3043 392 3074 is
414 3053 490 3074 eene
501 3044 678 3084 alyemeene
690 3043 910 3085 uitdrukkinq.
957 3050 996 3077 ut
1022 3045 1155 3087 quidem
1185 3053 1244 3076 nos
1274 3054 1293 3074 a
1323 3043 1546 3084 superioribus
1575 3042 1763 3083 accepimus
1786 3048 1818 3072 et

48 3109 53 3113 ·
93 3095 145 3127 Ad
165 3097 315 3138 quasdam
337 3100 517 3130 senatorum
537 3099 714 3130 sententias
727 3108 760 3130 o:
778 3104 816 3130 ut
829 3098 911 3130 obti·
957 3105 1034 3132 ante
1055 3100 1137 3132 haec
1159 3105 1307 3140 tempora
1327 3102 1495 3130 servatum
1518 3102 1567 3129 est
1589 3101 1621 3128 et
1637 3096 1717 3127 utin
1734 3104 1818 3126 com-

2 3191 7 3195 .
53 3154 128 3179 neat
158 3150 338 3184 sententias
372 3151 610 3182 nonnullorum
633 3157 831 3187 senatorum,
855 3151 910 3191 qui
957 3152 1118 3183 mentm-io
1142 3150 1366 3183 tertiodecimo
1390 3149 1426 3179 Ὁ.
1449 3149 1604 3180 Tuditani
1629 3154 1726 3188 patet,
1741 3147 1816 3187 quia
