2062 3565
708 136 816 178 LIB.
851 137 951 178 Ml.
987 137 1070 178 ΕΡ.
1107 139 1302 178 34-37.
1805 140 1886 178 ΗΜ)

128 276 212 315 tato
244 272 345 314 loco.
381 272 470 314 Hoc
504 274 620 328 quale
653 274 706 315 sit
739 288 886 329 quaeso
919 273 1142 315 considera.
1177 275 1282 316 Nam
1317 277 1392 317 etsi
1427 276 1558 317 minus
1581 290 1723 331 urgeor
1748 290 1888 330 meque

127 347 212 403 ipse
244 344 531 403 propemodum
564 346 720 402 collegi,
754 352 890 390 tamen
922 347 1084 403 indigeo
1117 349 1179 391 tui
1213 350 1385 391 consilii.
1430 351 1571 406 Itaque
1606 356 1644 392 te
1681 349 1886 392 vehemen-

129 424 188 461 ter
215 418 336 461 etiam
369 422 489 473 atque
522 419 642 460 etiam
687 435 796 476 rogo,
832 421 959 476 magis
992 437 1111 477 quain
1149 438 1171 464 a
1204 438 1264 464 me
1300 424 1357 465 vis
1391 429 1461 466 aut
1494 425 1639 480 pateris
1675 429 1711 466 te
1747 424 1888 478 rogari,

129 496 175 535 ut
206 492 310 535 hanc
343 492 627 548 cogitationem
661 498 746 536 toto
780 499 939 550 pectore
974 495 1225 551 amplectare.

129 682 219 714 Male
240 680 418 725 Schutzius
445 686 553 722 spreta
577 681 638 712 hae
660 681 886 722 explicatione
915 692 991 713 con·
1014 683 1017 705 l
1039 683 1158 715 iuriam
1182 686 1243 716 silvi
1268 687 1337 717 lieri
1362 691 1475 727 putare
1500 692 1634 727 poterat,
1658 687 1683 718 si
1709 686 1824 718 Cicero
1849 687 1892 718 ita

132 736 222 769 iecit:
245 734 307 766 nisi
330 736 398 766 tuto
421 746 441 766 a
464 734 636 766 mutatione
657 735 735 767 loco.
1013 729 1015 762 l
1039 737 1187 771 instaret.
1209 739 1250 771 cf.
1274 740 1366 772 Fam.
1391 742 1455 772 111.
1482 742 1528 779 102
1553 742 1582 773 2.

171 790 275 834 Maqis
297 799 388 834 quam
410 802 431 822 α.
453 800 501 822 me
522 789 570 822 vis
593 808 631 813 —
655 789 772 831 roqari.
796 789 929 821 Atticus
942 790 989 821 in·
1012 780 1014 827 ΪῘ

680 919 884 964 XXXVI.
951 924 1018 975 (A.
1061 924 1105 963 Is.
1144 925 1185 964 C.
1226 925 1341 979 709.)

194 1056 232 1096 1.
278 1055 435 1096 Fanum
478 1052 563 1094 fieri
596 1052 699 1102 volo,
733 1066 863 1106 neque
897 1051 973 1092 hoc
1006 1050 1106 1091 mihi
1140 1051 1226 1091 erui
1259 1056 1403 1106 potest.
1450 1053 1630 1108 Sepulcri
1664 1054 1895 1096 similitudi—

129 1143 219 1170 nem
264 1128 437 1184 effugere
481 1141 563 1169 non
605 1130 689 1167 tam
733 1129 894 1181 propter
937 1139 1108 1181 poenam
1151 1124 1251 1179 legis
1296 1125 1451 1177 studeo,
1493 1142 1611 1181 quam
1645 1132 1692 1169 ut
1724 1128 1894 1170 maxime

127 1217 315 1258 assequar
356 1197 669 1245 ἀποθέωσιν*
713 1198 821 1255 quod
863 1202 1057 1255 poteram,
1102 1198 1133 1239 si
1177 1198 1220 1239 in
1265 1198 1353 1254 ipsa
1387 1199 1481 1241 villa
1513 1200 1697 1252 facerem,
1731 1202 1815 1253 sed,
1851 1207 1896 1244 ut

127 1291 244 1332 saepe
275 1275 402 1318 locuti
431 1289 584 1326 sumus,
619 1272 954 1315 commutationes
988 1271 1243 1314 dominorum
1266 1271 1495 1314 reformido.
1529 1273 1580 1315 In
1603 1289 1697 1329 agro
1723 1274 1894 1318 ubicun-
1938 1292 1952 1317 5

127 1365 205 1406 que
248 1349 394 1400 fecero,
437 1347 538 1390 mihi
582 1347 720 1390 videor
764 1347 923 1403 assequi
967 1361 1097 1402 posse,
1142 1350 1190 1387 ut
1221 1346 1434 1402 posteritas
1467 1346 1614 1390 habeat
1645 1349 1895 1404 religionem.

129 1424 218 1466 Hae
261 1438 372 1465 meae
415 1421 493 1464 tibi
531 1421 707 1478 ineptiae
753 1445 810 1450 —
857 1419 982 1462 fateor
1015 1419 1123 1462 enim
1159 1444 1215 1449 —-
1250 1418 1435 1462 ferendae
1469 1425 1577 1463 sunt.
1627 1423 1734 1464 Nam
1768 1422 1895 1466 'nabeo

128 1512 178 1539 ne
222 1512 286 1539 me
331 1496 494 1552 quidem
527 1496 675 1552 ipsum,
710 1510 883 1551 quocum
916 1499 1000 1536 tam
1034 1493 1225 1536 audacter
1257 1495 1562 1547 communicem,
1597 1511 1716 1552 quam
1750 1502 1803 1540 te.
1855 1498 1895 1540 Si

128 1569 204 1613 tibi
249 1586 325 1630 res,
370 1570 405 1612 si
449 1570 576 1621 locus,
621 1570 654 1611 si
686 1569 922 1611 institutum
956 1568 1100 1624 placet,
1135 1567 1222 1623 lege
1257 1583 1403 1623 quaeso
1436 1568 1565 1624 legem
1599 1570 1778 1625 mihique
1811 1587 1894 1612 eam

129 1645 258 1687 mitte.
292 1644 334 1687 Si
367 1643 467 1700 quid
498 1643 542 1685 in
575 1646 749 1684 mentem
783 1641 930 1692 veniet,
965 1656 1045 1697 quo
1078 1640 1197 1682 modo
1238 1656 1325 1682 eam
1358 1641 1531 1697 effugere
1564 1644 1776 1699 possimus,
1811 1649 1897 1686 ute·
1916 1658 1952 1686 10

130 1733 231 1760 mur.
283 1720 323 1760 2.
371 1717 435 1759 Ad
479 1717 652 1759 Brutum
702 1717 736 1758 si
779 1715 877 1772 quid
921 1714 1086 1766 scribes,
1130 1715 1210 1757 nisi
1253 1714 1429 1757 alienum
1474 1716 1649 1771 putabis,
1685 1716 1896 1773 obiurga-to

128 1807 234 1843 eum,
269 1791 375 1847 quod
407 1791 450 1833 in
483 1791 666 1833 Cumano
699 1805 785 1832 esse
817 1789 993 1831 noluerit
1027 1793 1188 1845 propter
1221 1804 1308 1830 eam
1332 1804 1507 1841 causam,
1536 1806 1655 1845 quam
1677 1790 1754 1833 tibi
1778 1791 1895 1833 dixit.

128 1865 335 1921 Cogitanti
367 1866 475 1907 enim
508 1864 610 1906 mihi
641 1864 744 1906 nihil
777 1868 860 1906 tam
893 1863 1053 1905 videtur
1086 1863 1264 1920 potuisse
1295 1863 1424 1905 facere
1456 1865 1620 1907 rustice.
1654 1866 1721 1916 Et,
1755 1865 1788 1906 si
1810 1864 1887 1907 tibi

130 1937 304 1994 placebit
336 1939 393 1980 sic
426 1953 541 1993 agere
574 1937 623 1979 de
657 1937 764 1988 fano,
799 1942 846 1978 ut
878 1936 1097 1992 coepimus,
1132 1936 1251 1978 velim
1286 1936 1492 1979 cohortere
1525 1944 1566 1980 et
1599 1954 1768 1981 exacuas
1802 1938 1895 1980 Clu-

127 2012 275 2064 atium3
319 2027 427 2063 nam,
468 2012 589 2053 etiam
633 2011 666 2052 si
712 2011 790 2052 alio
816 2010 916 2052 loco
958 2009 1146 2065 placebit,
1190 2010 1299 2052 illius
1345 2010 1460 2053 nobis
1494 2027 1614 2068 opera
1646 2013 1894 2069 consilioque
1916 2027 1947 2052 15

128 2084 323 2127 utendum
359 2089 469 2141 puto.
503 2085 565 2126 Tu
598 2084 646 2126 ad
684 2084 816 2125 villam
850 2084 1015 2125 fortasse
1050 2099 1150 2126 cras.

172 2251 191 2285 7
215 2250 285 2282 Non
307 2250 405 2281 habeo
427 2268 467 2273 —
489 2251 508 2281 8
531 2249 650 2291 quicum
676 2267 716 2272 —-

172 2397 191 2438 ξ
216 2397 243 2428 1.
267 2396 387 2427 Fanum
398 2395 479 2438 fleri
502 2396 581 2427 volo.
606 2396 700 2428 Idem
723 2396 902 2428 consilium
925 2397 990 2428 iam
1014 2402 1017 2421 s
1036 2399 1187 2431 decessit.
1213 2399 1254 2430 cf.
1277 2408 1326 2440 ep.
1350 2400 1390 2430 46
1412 2400 1446 2430 h.
1470 2399 1490 2430 l.

131 2457 229 2484 antea
250 2450 379 2492 aperuit
401 2449 516 2482 Attico
537 2449 571 2480 h.
594 2449 615 2480 l.
640 2450 689 2488 18,
713 2450 729 2480 1
754 2455 788 2481 et
799 2450 849 2488 19,
863 2450 891 2481 1.
914 2450 991 2481 Non
1081 2452 1161 2484 Nam
1183 2452 1279 2483 habeo
1292 2462 1331 2483 ne
1344 2463 1391 2484 me
1403 2452 1525 2494 quidem
1540 2453 1638 2492 ipsum
1650 2457 1710 2484 eet.
1734 2453 1789 2483 Sic
1806 2453 1895 2485 Med.

132 2513 241 2538 tamen
275 2515 295 2536 a
327 2504 549 2546 pontificibus,
582 2504 639 2535 sed
671 2504 801 2545 privata
830 2504 993 2545 religione
1038 2506 1110 2538 Non
1149 2506 1247 2538 habeo
1283 2507 1409 2538 nullius
1444 2506 1521 2538 libri
1553 2506 1634 2537 Mss.
1666 2506 1730 2538 fide
1767 2506 1894 2538 nititur.

132 2559 242 2590 locum
264 2556 448 2588 consecrari
478 2556 624 2588 voluisse
654 2556 793 2587 videtur.
831 2556 874 2588 cf.
907 2557 993 2588 Mar·
1014 2585 1016 2592 ,
1038 2560 1207 2591 Kahntius
1230 2559 1347 2600 Symb.
1372 2559 1454 2592 Crit.
1477 2570 1509 2600 p.
1531 2559 1550 2589 8
1581 2558 1776 2591 Ciceronem
1798 2560 1895 2600 scrip-

131 2614 261 2655 quardt.
283 2613 402 2654 Antiq.
425 2613 521 2644 Rom.
546 2612 608 2643 IV.
632 2623 662 2653 p.
684 2613 745 2643 435
768 2623 816 2654 sq.
1038 2614 1118 2645 sisse
1141 2613 1292 2655 putabat:
1320 2613 1399 2644 Nam
1421 2612 1518 2644 habeo
1540 2612 1701 2650 neminem,
1721 2623 1760 2644 ne
1776 2624 1822 2644 me
1833 2614 1895 2654 qui-

176 2667 265 2699 Erui.
301 2666 387 2699 Cum
421 2666 587 2698 Lambino
623 2665 708 2704 exui,
745 2672 800 2698 aut
831 2677 907 2698 eum
935 2667 993 2698 Er·
1015 2683 1017 2690 ι
1038 2669 1105 2700 dem
1127 2669 1223 2710 ipsum
1247 2673 1308 2700 eet.
1332 2668 1399 2700 Sed
1422 2679 1487 2700 non
1511 2678 1593 2709 opus
1615 2673 1664 2699 est
1687 2668 1755 2698 ullo
1774 2669 1893 2699 addita-

131 2727 225 2755 nesto
259 2721 338 2762 eripi
375 2730 572 2762 reponamus
608 2730 738 2752 censeo.
796 2721 837 2753 cf.
871 2721 995 2753 Moseri
1016 2739 1017 2764 3
1039 2727 1161 2754 mento.
1185 2721 1273 2753 Nam
1295 2723 1353 2762 qui
1376 2721 1435 2752 illo
1457 2722 1555 2752 modo
1577 2721 1617 2752 de
1641 2730 1674 2752 se
1687 2726 1892 2760 negat‚‹:crte

131 2776 249 2818 Symb.
274 2776 354 2808 Crit.
379 2775 422 2807 V.
446 2786 476 2816 p.
499 2775 550 2806 20.
1016 2771 1019 2808 ¹,
1039 2776 1121 2807 alios
1144 2775 1302 2813 excludit,
1326 2776 1386 2807 etsi
1411 2784 1466 2807 eos
1489 2785 1554 2806 non
1579 2775 1738 2806 nominat.

174 2829 214 2860 In
237 2828 306 2870 ipsa
327 2827 407 2860 victa
429 2838 462 2860 0:
495 2828 528 2860 in
552 2828 755 2866 Tusculano,
786 2829 843 2861 ubi
882 2829 996 2861 'ruma
1016 2818 1019 2870 ἡ
1081 2832 1100 2870 ς
1122 2831 1151 2863 2.
1179 2829 1346 2863 Cluatium.
1371 2831 1412 2862 ef.
1435 2839 1484 2871 ep.
1511 2831 1558 2867 18,
1584 2830 1610 2861 1.

672 2956 899 3002 XXXVII.
965 2961 1030 3014 (A.
1072 2960 1118 3002 U.
1156 2961 1198 3002 C.
1236 2960 1354 3014 709.)

198 3088 237 3128 1.
272 3089 307 3140 A
340 3091 380 3128 te
412 3086 497 3127 heri
540 3085 640 3128 duas
673 3086 861 3142 epistolas
895 3087 1044 3144 accepi,
1079 3087 1242 3129 alteram
1278 3086 1404 3142 pridie
1438 3084 1571 3126 datam
1606 3084 1759 3134 Hilaro,
1795 3085 1891 3126 alte·

135 3174 216 3202 ram
250 3159 386 3202 eodem
421 3159 484 3200 die
520 3158 739 3210 tabellario,
773 3161 986 3217 accepique
1022 3161 1072 3202 ab
1106 3162 1288 3217 Aegypta
1322 3159 1464 3201 liberto
1487 3159 1623 3200 codem
1648 3157 1711 3200 dic
1745 3158 1887 3202 Piliam
