2062 3565
169 152 254 194 372
570 152 654 194 ΕΡ.
690 151 765 192 AD
796 150 843 191 T.
878 130 1228 191 POMPONfflM
1263 148 1528 191 A'rrrch.

169 289 377 344 coepisset,
426 303 508 330 non
551 287 670 328 modo
719 286 940 328 deseruerit
972 291 1131 342 emptus
1166 285 1350 341 pecunia,
1386 284 1455 327 sed
1490 284 1625 336 etiam,
1660 288 1855 339 quantum
1891 283 1933 324 in

168 362 255 417 ipso
296 361 388 411 fuit,
429 361 629 402 everterit.
666 363 707 401 2.
742 359 862 412 Quod
896 364 1029 401 autem
1064 359 1222 414 quaeris
1274 357 1474 412 quomodo
1507 358 1573 412 agi
1606 356 1774 413 placeat,
1809 371 1935 411 quum

166 434 251 476 dies
294 435 461 486 venerit,
506 435 680 491 primum
714 433 832 474 velim
866 432 1063 474 eiusmodi
1097 432 1162 483 sit,
1197 437 1244 473 ut
1277 447 1359 473 non
1393 431 1568 473 alienum
1603 430 1657 472 sit
1689 445 1751 471 me
1785 430 1934 470 Romae

166 523 264 559 esse,
310 507 359 548 de
394 522 486 562 quo,
531 511 578 547 ut
622 505 671 547 de
711 505 868 556 ceteris,
902 505 1062 554 faciam,
1096 508 1142 544 ut
1175 509 1221 545 tu
1253 503 1470 545 censueris.
1518 503 1580 543 De
1613 517 1768 543 summa
1800 505 1935 542 autem

128 612 134 616 -
164 581 231 636 agi
271 596 431 636 prorsus
474 579 729 621 vehementer
770 584 810 620 et
857 594 989 621 severe
1024 578 1128 619 volo.
1179 578 1269 619 Etsi
1301 592 1512 633 sponsores
1545 575 1744 631 appellare
1776 573 1936 616 videtur

164 653 311 695 habere
345 653 546 709 quandam
579 646 855 703 δυσωπίαν,
889 658 1025 694 tamen
1058 651 1135 693 hoc
1169 651 1286 707 quale
1321 652 1374 693 sit
1406 651 1634 693 consideres
1666 649 1799 691 velim.
1839 647 1936 688 Pos-

166 742 303 769 sumus
350 728 471 778 enim,
517 731 563 767 ut
612 740 822 781 sponsores
867 721 1127 780 appellemus,
1175 729 1450 780 procuratores
1494 722 1772 773 introducere3
1807 734 1936 774 neque

165 801 270 842 enim
315 801 375 841 illi
422 800 534 842 litem
579 797 931 849 contestabuntur,
967 814 1047 853 quo
1080 798 1186 839 facto
1214 813 1295 838 non
1330 813 1419 839 sum
1453 797 1614 839 nescius
1647 809 1858 852 sponsores
1890 793 1936 834 li-

206 1022 224 1055 7
248 1024 283 1053 ut
317 1031 483 1062 sponsores
506 1032 567 1053 non
591 1022 802 1063 appellentur,
818 1024 1058 1062 procuratorem
1079 1023 1282 1055 introducere
1313 1041 1353 1046 -—
1386 1032 1575 1064 neque.....
1607 1020 1870 1053 contestabantur
1896 1037 1938 1044 —

165 1086 225 1117 quo
238 1075 335 1117 facto
357 1094 399 1100 -

164 1286 230 1317 duo
254 1286 373 1318 eximii
396 1286 478 1324 leti,
509 1286 666 1318 Kellerus
697 1286 732 1316 in
766 1285 852 1316 libro
885 1286 924 1316 de
947 1276 1049 1320 Litisl
1076 1288 1134 1320 ret,
1158 1283 1215 1314 sed
1237 1283 1315 1323 quia
1338 1283 1490 1323 iniquum
1513 1288 1582 1313 erat
1605 1281 1639 1312 in
1652 1289 1826 1322 sponsores
1840 1279 1939 1320 ipsos.

164 1340 391 1372 contestatione
415 1341 530 1371 Turici
554 1350 643 1371 anno
667 1340 747 1372 1827
768 1341 866 1377 edito,
880 1350 912 1380 p.
925 1340 1029 1370 463—
1048 1326 1049 1353 3
1076 1337 1194 1377 Igitur,
1217 1347 1259 1368 ne
1282 1337 1485 1368 inhumanus
1521 1336 1697 1373 videretur,
1728 1335 1820 1366 aliud
1843 1343 1939 1366 exco-

165 1393 226 1426 479
250 1399 281 1425 et
303 1394 365 1424 Ph.
389 1394 427 1424 E.
451 1393 645 1424 Huschkius
668 1393 702 1424 in
739 1393 822 1434 disp.
859 1393 1029 1434 peculiari,

166 1456 249 1488 quae
272 1447 442 1478 invenitur
465 1447 498 1477 in
522 1446 638 1478 Diario
661 1446 937 1487 iurisprudentiae
966 1446 1030 1476 his·
1050 1434 1051 1437 Ἴ

166 1502 297 1539 toricae‚
326 1500 425 1532 XIV.
466 1501 494 1538 l,
533 1511 563 1542 p.
601 1500 736 1533 42—70.
784 1499 940 1538 Orellius,
973 1500 1030 1541 qui

167 1555 335 1586 Huschkii
357 1555 468 1586 labore
492 1565 558 1586 non
583 1555 689 1595 potuit
710 1554 770 1592 uti,
795 1564 870 1585 cum
893 1554 1031 1585 Kellero
1051 1582 1053 1586 ,

168 1608 245 1639 facit
268 1608 471 1649 inseruitque
504 1618 565 1638 non
596 1608 630 1638 in
660 1608 769 1639 verbis
804 1609 838 1637 ut
867 1617 1052 1647 sponsores*

1078 1391 1248 1431 gitaverat.
1276 1391 1421 1422 Volebat
1443 1391 1534 1422 enim
1549 1391 1776 1430 procuratores
1797 1387 1938 1418 introdu-

1077 1455 1157 1481 cere,
1181 1445 1213 1475 id
1236 1450 1294 1481 est,
1320 1445 1370 1482 iis,
1393 1454 1474 1485 quos
1497 1444 1532 1475 in
1555 1444 1605 1475 ius
1640 1452 1757 1474 vocare
1787 1452 1854 1473 non
1885 1451 1939 1482 po-

1078 1506 1172 1538 terat,
1196 1501 1380 1532 debitorem
1403 1501 1576 1531 absentem
1605 1499 1802 1540 appellando
1834 1498 1961 1540 impo-v

1080 1563 1157 1585 nere
1181 1554 1275 1595 quasi
1299 1553 1529 1585 necessitatem
1552 1552 1587 1583 in
1609 1552 1661 1583 ius
1684 1551 1852 1583 veniendi.
1883 1549 1939 1582 Sic

1078 1609 1214 1639 demum
1237 1608 1309 1639 sine
1331 1607 1400 1638 ulla
1421 1606 1677 1648 reprehensione
1699 1614 1873 1647 sponsores
1886 1614 1938 1646 ap-

168 1662 377 1703 appellentur,
408 1662 577 1702 nimiaque
606 1662 770 1702 religione
800 1661 834 1692 in
865 1662 921 1692 alt.
954 1650 1053 1693 edit.¹
1079 1663 1203 1703 pellare
1227 1668 1364 1704 poterat,
1388 1662 1521 1703 quando
1537 1662 1764 1702 procuratores
1780 1659 1940 1696 debitum,

167 1715 298 1756 scripsit
313 1717 551 1756 procuratorem
575 1715 786 1752 introducere,
803 1725 904 1755 quum
919 1720 1030 1747 tamen
1079 1718 1168 1759 quod
1190 1726 1312 1757 negare
1335 1727 1401 1747 non
1424 1720 1585 1757 poterant,
1608 1724 1677 1745 non
1689 1714 1866 1745 solverent.
1889 1713 1939 1744 At

169 1769 334 1800 sententia
355 1774 465 1810 aperte
481 1771 707 1809 procuratores
735 1769 879 1809 postulet
902 1775 935 1800 et
964 1769 1030 1800 Do·
1051 1764 1053 1818 l
1078 1771 1343 1811 procuratoribus
1367 1770 1489 1801 licebat
1510 1769 1604 1801 litem
1625 1767 1824 1803 contestari;
1849 1767 1939 1808 quod

169 1823 310 1854 labellae
336 1824 560 1863 procuratores
590 1822 806 1853 nominentur
839 1821 933 1852 Fam.
968 1822 1030 1853 VI.
1051 1856 1054 1885 λ
1078 1825 1106 1855 si
1128 1824 1291 1861 fecissent,
1316 1824 1401 1855 actio
1424 1824 1459 1854 in
1472 1832 1646 1864 sponsores
1658 1822 1795 1863 peribat.
1818 1821 1937 1862 Itaque

170 1876 218 1912 18,
244 1878 260 1906 5
285 1880 316 1907 et
339 1875 437 1906 XVI.
461 1875 511 1912 24,
535 1875 563 1905 2.
601 1875 647 1905 At
676 1874 870 1905 Huschkius
895 1875 1029 1915 egregie
1052 1887 1053 1896 ¹
1101 1877 1263 1908 ericulum
1287 1882 1364 1914 erat,
1389 1886 1430 1907 ne
1454 1875 1570 1908 Cicero
1600 1875 1661 1906 hac
1691 1874 1820 1905 ratione
1849 1873 1937 1904 male

167 1930 409 1961 demonstravit
439 1929 652 1969 negationem
681 1929 775 1959 illam
808 1928 907 1969 plane
935 1939 1029 1970 repu-
1051 1912 1053 1980 J
1078 1887 1144 1961 guis
1167 1930 1264 1961 rebus
1288 1930 1496 1971 prospiceret.
1530 1928 1617 1966 Scio,
1650 1928 1768 1969 inquit,
1796 1927 1859 1958 hoc
1893 1927 1938 1958 ita

168 1992 270 2023 gnare
294 1982 463 2014 Ciceronis
487 1982 601 2018 menti,
635 1992 736 2022 quain
759 1981 918 2013 Kellerus
941 1982 1028 2013 male
1051 2005 1053 2020 ,
1078 1993 1165 2021 esse3
1189 1985 1246 2015 sed
1268 1984 1319 2014 illi
1342 1984 1436 2015 litem
1458 1994 1526 2015 non
1542 1982 1817 2014 contestabantur
1834 1980 1938 2022 (quod

168 2042 389 2077 perspexerat.
417 2036 513 2066 [llius
537 2035 713 2076 disputatio
735 2035 800 2066 huc
834 2035 901 2066 fere
933 2036 1026 2066 redit.
1050 2032 1053 2062 l
1078 2038 1215 2079 Belgice
1239 2044 1302 2069 est:
1337 2039 1377 2079 zij
1403 2038 1515 2069 zullen
1538 2036 1618 2068 over
1639 2037 1679 2068 de
1702 2035 1819 2067 schuld
1852 2044 1935 2075 geen

169 2091 283 2122 Cicero
309 2096 457 2122 accurate
488 2090 663 2130 distinguit
698 2091 785 2121 inter
814 2090 917 2122 debiti
947 2090 1027 2121 diem
1050 2114 1053 2123 ,

169 2150 199 2174 et
222 2153 378 2174 summam.
402 2143 500 2174 Diem
523 2143 698 2174 solutionis
720 2143 849 2184 saepius
875 2144 940 2173 iam
956 2152 1027 2183 pro·
1050 2155 1052 2160 ·

168 2205 317 2238 rogatam
332 2198 446 2229 Attico
459 2198 726 2228 constituendam
742 2197 918 2238 permittit,
942 2207 1028 2227 sum·
1051 2234 1053 2247 Ι

168 2261 256 2282 mam
280 2251 314 2282 in
338 2251 408 2282 iure
443 2260 556 2282 severe
590 2251 682 2290 exigi
716 2251 796 2288 vult,
826 2251 883 2281 sed
917 2251 1053 2281 tamen⁴

168 2303 363 2335 Dolabellae
374 2303 615 2334 existimationi
627 2312 769 2344 parcere.
793 2303 926 2334 Poterat
938 2303 1027 2334 enim
1050 2293 1053 2330 l

168 2357 277 2398 ipsum
298 2356 508 2388 Dolabellam
533 2356 567 2386 in
589 2356 641 2387 ius
666 2366 781 2387 vocare
805 2363 846 2393 et,
870 2356 898 2386 si
914 2356 1028 2387 absen-

165 2411 209 2442 tis
231 2415 468 2452 procuratores,
492 2410 611 2451 quibus
633 2409 775 2440 mandati
797 2409 957 2440 contraria
972 2419 1024 2439 ac-

168 2465 212 2496 tio
235 2466 391 2497 adversus
412 2465 584 2496 hominem
607 2464 679 2501 sine
703 2474 736 2495 re
750 2470 781 2495 et
796 2465 867 2495 sine
884 2464 947 2495 fide
959 2474 1027 2494 non
1050 2463 1053 2500 i

167 2520 313 2551 multum
343 2519 498 2560 praesidii
529 2518 667 2550 afferret.
703 2528 834 2549 causam
865 2504 1054 2559 relinque-l

168 2579 252 2611 rent,
275 2574 442 2615 postulare
464 2579 500 2604 ut
524 2573 558 2603 in
588 2573 827 2613 possessionem
866 2573 1027 2603 bonorum

169 2627 365 2664 mitteretur,
400 2635 484 2666 quae
516 2630 625 2666 postea
656 2626 811 2666 praeconi
841 2625 1053 2656 subiiceret..

168 2679 236 2711 Sed
256 2679 320 2710 hoc
341 2679 413 2710 fieri
436 2689 502 2710 non
526 2684 654 2719 poterat
675 2678 743 2709 sine
765 2689 880 2709 summa
904 2678 1028 2709 debito·
1050 2676 1053 2700 ¹

168 2733 212 2764 ris
234 2733 406 2774 iynominz‘a
430 2739 462 2764 et
484 2733 630 2764 infamia.
652 2735 768 2775 Itaque
790 2734 853 2765 hoc
865 2734 963 2764 modo
977 2734 1026 2764 ius

169 2798 264 2819 suum
286 2788 439 2829 persequi
469 2789 612 2820 nolebat.
649 2789 814 2826 Restabat,
836 2794 871 2819 ut
894 2798 1026 2829 sponso-

168 2852 219 2873 res
243 2842 431 2883 appellaret.
460 2842 572 2882 Atque
594 2843 656 2873 hoc
679 2852 713 2873 se
736 2842 841 2873 facere
864 2841 951 2873 velle
974 2842 1025 2872 de·
1050 2856 1051 2865 ¹

169 2894 271 2925 clarat
294 2900 327 2925 et
349 2904 446 2925 suum
469 2895 644 2925 consilium
659 2895 807 2926 defendit
822 2895 863 2925 ab
879 2894 928 2931 iis,
942 2903 1026 2934 quae
1050 2893 1051 2908 ¹

169 2947 210 2977 ab
233 2947 306 2977 aliis
329 2947 384 2978 vel
407 2947 448 2977 ab
470 2946 584 2978 Attico
607 2953 720 2978 contra
743 2948 809 2978 dici
841 2956 936 2988 posse
970 2957 1026 2987 pu-

167 3005 261 3032 taret.
282 3001 370 3032 Nam
393 3002 454 3033 etsi
477 3011 607 3032 summo
638 3002 709 3033 iure
743 3007 871 3043 poterat
907 3010 1026 3032 conve-

169 3054 240 3084 nire
263 3063 437 3094 sponsores
463 3058 538 3085 ante
560 3064 653 3085 reum
663 3054 890 3095 principalem,
914 3060 1026 3085 tamen

168 3107 356 3139 verecundia
381 3109 542 3149 quaedam
564 3109 606 3139 ab
627 3109 689 3140 hoc
712 3109 851 3140 consilio
861 3108 1028 3139 dehortari

168 3161 350 3198 videbatur,
374 3172 440 3193 non
467 3173 532 3202 quo
556 3162 600 3192 sic
624 3163 820 3195 Dolabellae
839 3162 961 3193 iniuria
974 3162 1027 3192 fie-
1050 3168 1053 3201 1Δ

1078 2101 1191 2132 proces
1215 2092 1363 2131 voeren).
1394 2090 1544 2127 Causam,
1568 2099 1626 2120 cur
1646 2089 1692 2120 ita
1715 2093 1844 2126 statuat,
1868 2097 1936 2119 non

1078 2144 1177 2181 addit,
1200 2145 1258 2174 sed
1281 2143 1377 2175 facile
1398 2143 1484 2174 hanc
1506 2152 1576 2173 esse
1598 2146 1696 2182 patet,
1726 2141 1804 2182 quia
1832 2140 1879 2171 sic
1902 2149 1936 2171 se

1077 2199 1140 2239 ipsi
1173 2198 1371 2238 obligarent,
1408 2198 1497 2237 quod
1540 2195 1715 2227 Dolabella
1749 2195 1937 2231 mandante,

1077 2251 1132 2291 qui
1156 2256 1248 2281 tanto
1271 2259 1345 2280 aere
1367 2249 1477 2280 alieno
1501 2248 1681 2285 laborabat,
1711 2256 1808 2278 nemo
1837 2255 1937 2278 sanae

1078 2304 1199 2334 mentis
1222 2305 1367 2335 auderet.
1390 2303 1484 2334 Haec
1507 2307 1556 2333 est
1577 2301 1746 2332 Huschkii
1761 2300 1937 2338 sententia,

1077 2366 1176 2397 quam
1198 2361 1229 2387 et
1252 2355 1411 2387 ICtorum
1445 2354 1645 2386 testimoniis
1679 2359 1711 2385 et
1743 2353 1938 2385 auctoritate

1051 2418 1053 2428 ·
1077 2409 1282 2448 Quintiliani
1304 2408 1452 2439 Declam.
1476 2407 1536 2440 273
1557 2407 1740 2444 confirmat,
1763 2406 1820 2437 ubi
1842 2415 1937 2447 spon-

1078 2472 1130 2493 sor
1153 2462 1187 2492 in
1212 2461 1370 2492 iudicium
1394 2461 1562 2497 adductus,
1592 2458 1740 2490 defendit
1767 2469 1835 2489 nou
1869 2467 1938 2490 esse

1078 2515 1280 2555 exigendum
1304 2525 1323 2545 a
1344 2523 1378 2545 se
1400 2513 1573 2550 creditum,
1591 2512 1658 2543 nisi
1673 2512 1763 2553 prius
1774 2516 1938 2542 convento

1078 2578 1126 2606 eo,
1150 2569 1202 2599 cui
1226 2568 1366 2609 pecunia
1388 2573 1472 2598 esset
1503 2567 1594 2598 data:
1626 2575 1693 2596 non
1723 2565 1814 2597 enim
1842 2564 1938 2596 aliter

1077 2623 1169 2654 salvo
1191 2623 1315 2663 pudore
1338 2630 1532 2662 sponsorem
1554 2619 1723 2661 appellari.
1748 2637 1788 2641 —
1803 2618 1938 2649 Laelius

1078 2685 1208 2716 quoque
1231 2675 1409 2706 Taurellus
1432 2675 1472 2704 de
1505 2673 1539 2703 h.
1562 2673 1584 2703 l.
1608 2672 1688 2713 quid
1716 2671 1853 2703 sentiret
1881 2680 1937 2702 ex-

1050 2739 1052 2745 ·
1077 2729 1191 2770 plicuit
1203 2729 1237 2759 in
1251 2728 1389 2769 epistola
1402 2736 1491 2758 anno
1510 2726 1590 2757 1545
1606 2725 1797 2756 Florentiae
1807 2724 1937 2766 scripta,

1077 2792 1178 2823 quam
1199 2781 1342 2822 cognovi
1367 2790 1409 2812 ex
1432 2781 1505 2811 Ind.
1528 2780 1602 2811 lect.
1633 2778 1738 2810 Acad.
1765 2778 1879 2809 Turic.
1908 2787 1938 2808 a.

1078 2836 1168 2873 1847,
1191 2846 1221 2877 p.
1248 2835 1381 2866 13—16.
1414 2833 1652 2873 Quaestionem
1674 2838 1794 2869 tamen,
1816 2836 1854 2862 ut
1875 2831 1937 2862 ini-

1077 2889 1124 2919 tio
1146 2889 1216 2929 ipse
1227 2888 1409 2929 profitetur,
1425 2897 1493 2918 non
1505 2886 1657 2918 absolvit.
1672 2903 1714 2908 —
1724 2886 1775 2919 De
1784 2880 1937 2923 ὃυςωπία

1076 2944 1116 2975 cf.
1140 2945 1181 2977 ad
1204 2943 1307 2975 XIII.
1331 2944 1383 2980 33,
1405 2943 1437 2975 2.

1122 2997 1161 3028 Ut
1177 3007 1341 3038 sponsores
1352 2996 1554 3037 appellemus.
1577 2996 1692 3036 Vulgo
1707 3001 1781 3036 post
1799 2995 1936 3026 Bosium

1077 3057 1110 3082 et
1131 3050 1250 3086 Lamb.
1271 3050 1375 3081 edunt
1396 3049 1606 3089 appellentur,
1629 3048 1718 3089 quod
1740 3053 1850 3079 tamen
1868 3058 1935 3078 non

1077 3108 1165 3139 certa
1204 3103 1325 3134 codicis
1365 3102 1560 3133 auctoritate
1600 3101 1726 3132 nititur.
1769 3101 1810 3132 In
1844 3101 1938 3132 Med.

1078 3155 1210 3189 Oxonn.
1234 3162 1265 3186 et
1288 3154 1374 3187 Ball.
1387 3156 1544 3195 scriptum
1561 3160 1610 3185 est
1625 3153 1825 3193 appellemur,
1848 3153 1936 3192 quod

2034 2365 2062 2787 ἱ

2038 2790 2062 2880 ξ
