2062 3565
94 1092 126 1116 10

139 183 218 222 lili
481 181 560 220 ΕΡ.
598 180 671 219 AI)
704 180 749 218 T.
784 176 1133 217 POMPONIPM
1168 174 1429 215 A'iVHCsUM.

747 373 848 414 XII.
915 373 979 424 (A.
1021 371 1062 412 U.
1099 371 1138 410 C.
1175 371 1291 422 709.)

208 494 246 532 l.
280 492 340 532 De
374 490 480 540 dote,
514 494 627 529 tanto
660 488 787 542 magis
819 501 1032 541 perpurga.
1078 484 1197 526 Balbi
1229 484 1338 538 regia
1371 483 1548 524 conditio
1581 489 1641 524 est
1674 480 1900 536 delegandi.

143 564 315 618 Quoquo
361 562 479 602 modo
524 562 687 602 confice.
720 561 852 614 Turpe
886 564 947 600 est
978 573 1061 599 rem
1094 556 1330 612 impeditam
1361 555 1503 596 iacere.
1554 555 1692 596 Insula
1726 553 1900 608 Arpinas

145 636 287 677 habere
332 639 463 691 potest
502 647 730 688 germanam
770 629 1080 684 ἀποθέωσιν,
1126 629 1195 670 sed
1236 643 1370 670 vereor
1414 643 1463 669 ne
1506 627 1701 668 minorem
1752 623 1901 681 τιμὴν

144 709 288 750 habere
335 708 515 749 videatur
560 703 879 761 ε’κτοπισμός.
931 704 1004 744 Est
1036 703 1160 757 igitur
1193 702 1349 743 animus
1381 701 1425 741 in
1459 700 1599 750 hortis,
1634 714 1734 754 quos
1766 703 1902 739 tamen

145 782 368 836 inspiciam,
403 795 526 835 quum
560 794 716 820 venero.
754 781 794 818 2.
829 778 889 818 De
923 777 1113 831 Epicuro,
1158 781 1204 817 ut
1236 775 1357 825 voles,
1392 774 1468 815 etsi
1499 770 1902 831 μεθαρμόσομαι

146 857 187 895 in
237 860 439 909 posterum
486 868 612 907 genus
657 852 732 892 hoc
780 865 1053 906 personarum.
1104 847 1345 889 Incredibile
1389 851 1462 897 est,
1507 861 1626 901 quam
1660 860 1706 886 ea
1739 843 1903 900 quidam

146 926 364 980 requirant.
414 924 478 965 Ad
528 924 713 979 antiquos
755 924 898 977 igitur:
950 919 1255 978 ἀνεμέσητον
1303 916 1410 977 γάρ.
1471 918 1587 959 Nihil
1618 916 1747 958 habeo
1782 915 1831 957 ad
1865 921 1904 956 te

147 998 254 1054 quod
298 996 554 1052 perscribam,
604 996 673 1037 sed
715 1001 850 1036 tamen
897 993 1058 1035 institui
1102 992 1281 1048 quotidie
1325 991 1496 1040 mittere,
1536 996 1583 1031 ut
1627 990 1783 1031 eliciam
1816 993 1905 1030 tuas

146 1072 294 1120 literas,
344 1086 425 1111 non
476 1085 554 1124 quo
599 1069 750 1124 aliquid
795 1084 842 1108 ex
882 1068 933 1108 iis
966 1072 1204 1122 exspectem,
1241 1065 1309 1106 sed
1342 1064 1476 1105 nescio
1510 1079 1589 1119 quo
1621 1064 1740 1104 modo
1771 1068 1906 1104 tamen

147 1150 345 1199 exspecto.
394 1143 526 1194 Quare
569 1143 649 1182 sive
702 1141 822 1182 lia-bes
864 1140 959 1194 quid
1006 1140 1086 1180 sive
1121 1138 1222 1179 nihil
1255 1137 1391 1187 lrabeS,
1428 1136 1554 1177 scribe
1587 1142 1720 1177 tamen
1755 1134 1907 1189 aliquid

147 1223 264 1272 teque
300 1232 407 1258 cura.

190 1391 206 1418 5
231 1386 392 1438 ἕκτροπος
415 1410 452 1414 -
478 1392 496 1419 (5
525 1389 568 1420 De
590 1392 606 1427 †
629 1388 763 1427 Epicuro
787 1401 824 1406 —

192 1555 209 1593 ξ
236 1553 263 1583 1.
286 1552 334 1582 De
356 1553 428 1583 dote
450 1559 509 1582 cet.
535 1551 706 1582 Sententia
726 1550 805 1580 haec
828 1555 890 1580 est:
908 1548 1007 1587 Quod
1097 1536 1331 1587 Ἐκτοπισμός.
1364 1543 1482 1582 Recepi
1498 1541 1762 1574 emendationem
1779 1540 1911 1576 Kochii,

152 1607 269 1638 attinet
292 1607 332 1636 ad
354 1606 463 1636 dotem
488 1615 506 1634 a
528 1603 702 1634 Dolabella
719 1602 928 1642 exigendam,
945 1611 1010 1641 quo
1058 1608 1140 1639 quae
1164 1609 1182 1629 a
1203 1599 1364 1638 scriptura
1386 1598 1459 1628 libr.
1484 1597 1564 1627 Mss.
1587 1605 1913 1640 εκτοπιμοςε.εκ·γο-

153 1659 258 1698 magis
281 1658 437 1698 impedita
468 1666 517 1687 res
541 1662 599 1692 est,
624 1661 716 1686 tanto
739 1654 916 1685 studiosius
939 1663 958 1684 a
981 1658 1012 1683 te
1058 1665 1153 1698 νιμος
1197 1653 1307 1683 minus
1356 1653 1489 1688 recedit,
1526 1662 1626 1692 quam
1668 1651 1921 1682 Gronovianum

154 1719 202 1743 est
231 1710 436 1751 explicanda.
480 1709 579 1747 Quod
609 1713 720 1738 autem
754 1707 898 1738 Balbum
931 1706 1013 1736 mihi
1061 1703 1235 1750 ἔκτροττος.
1272 1705 1402 1735 Nomen
1435 1704 1678 1735 substantivum
1708 1712 1840 1743 quoque
1868 1703 1922 1734 ad—

154 1765 328 1805 delegavit,
342 1770 391 1795 est
406 1764 486 1794 haec
502 1763 646 1794 conditio
667 1763 749 1793 dura
772 1766 870 1801 atque
886 1760 1013 1800 iniqua.
1062 1761 1180 1792 iectivo
1196 1761 1227 1791 h.
1243 1761 1262 1790 l.
1276 1765 1427 1800 praestat.
1453 1757 1615 1789 Graecum
1636 1768 1706 1789 esse
1715 1754 1917 1804 ἐκτοπισμόν

155 1817 220 1856 Qui
243 1817 332 1848 enim
354 1816 476 1857 possim
515 1825 631 1845 numos
657 1815 790 1854 exigere
815 1814 856 1843 ab
879 1813 1015 1843 homine
1061 1817 1113 1848 vel
1137 1816 1254 1847 Suidas
1276 1816 1394 1846 docere
1424 1818 1539 1854 potest.
1576 1814 1704 1845 Iudicat
1733 1815 1832 1844 locum
1862 1815 1916 1845 de-

152 1872 300 1903 Caesaris
331 1870 510 1901 familiari?
551 1884 561 1894 11
575 1869 732 1910 Deleyare
770 1875 819 1899 est
856 1868 927 1898 vice
957 1877 1015 1897 sua
1062 1869 1152 1899 vium.
1178 1887 1218 1891 —
1241 1868 1356 1899 Cicero
1381 1866 1511 1897 volebat
1535 1865 1649 1896 fanum
1670 1867 1741 1898 fieri
1763 1867 1796 1896 in
1819 1866 1920 1897 hortis

152 1925 256 1955 alium
276 1933 369 1955 reum
393 1924 470 1953 dare
492 1922 646 1953 creditori
675 1922 729 1952 vel
762 1921 816 1951 cui
849 1920 1015 1951 iussei·it.”
1062 1932 1095 1952 ος
1119 1921 1193 1952 loco
1215 1920 1337 1951 celebri
1367 1929 1465 1960 prope
1494 1920 1620 1950 urbem.
1660 1919 1701 1950 cf.
1730 1930 1779 1961 ep.
1810 1920 1858 1957 19,
1891 1921 1920 1951 1.

153 1978 318 2019 Ulpianus
340 1978 374 2008 in
398 1977 419 2007 1.
451 1977 486 2006 11
519 1986 566 2017 pr.
601 1976 676 2015 Dig.
710 1976 749 2005 de
783 1974 1016 2005 novationibus
1064 1977 1203 2007 Temere
1234 1975 1446 2006 Hofmannus
1470 1975 1648 2015 legendum
1678 1979 1770 2016 putat
1793 1975 1814 2006 l.
1839 1986 1865 2006 e.
1890 1986 1920 2016 p.

156 2031 220 2069 (46,
256 2031 300 2069 2).
344 2030 393 2060 De
424 2028 642 2069 perpuryandi
674 2027 808 2058 notione
844 2027 938 2056 docta
970 2032 1018 2056 est
1067 2028 1124 2058 33:
1147 2029 1204 2057 sed
1229 2026 1374 2057 videatur
1397 2023 1572 2071 extento&-
1592 2027 1626 2058 in
1650 2027 1771 2067 quibus
1792 2027 1849 2058 sed
1870 2027 1924 2058 ad-

156 2083 405 2124 XVyttenbachii
428 2084 503 2113 adn.
524 2083 565 2113 ad
588 2082 676 2112 Plut.
700 2081 785 2112 Mor.
808 2082 834 2111 I.
859 2091 888 2121 p.
912 2080 983 2110 499.
1067 2082 1163 2114 scivit
1185 2092 1227 2113 ex
1250 2083 1503 2123 interpolatione
1526 2081 1623 2119 Crat„
1647 2092 1746 2122 quam
1772 2088 1873 2119 vocat,
1891 2087 1922 2113 et

205 2137 313 2168 Insula
339 2136 486 2177 Arpinas.
510 2136 551 2166 cf.
577 2136 658 2176 Leg.
683 2135 728 2166 II.
754 2136 782 2165 3.
802 2153 843 2157 ——
860 2135 914 2165 Ex
929 2144 1017 2164 com-
1068 2136 1191 2172 habere,
1213 2136 1301 2175 quod
1323 2145 1439 2166 omnes
1461 2135 1553 2165 codd.
1576 2135 1664 2172 dant,
1686 2135 1817 2166 delevit.

159 2190 325 2231 paratione
349 2189 445 2219 huius
471 2189 534 2218 loci
556 2198 631 2219 cuni
655 2197 743 2228 seqq.
759 2187 904 2228 epistolis
924 2196 1017 2227 appa·
1111 2189 1128 2227 ξ
1152 2188 1180 2218 2.
1206 2187 1249 2217 De
1271 2187 1413 2227 Epicuro,
1447 2190 1481 2218 ut
1510 2187 1606 2217 voles.
1639 2187 1715 2218 Non
1746 2197 1825 2228 opus
1853 2197 1922 2218 esse

161 2249 208 2274 ret
231 2242 378 2273 Tulliam
399 2246 563 2271 mortuam
586 2250 665 2277 esse,
689 2245 878 2280 patremque
901 2240 1016 2271 dolore
1068 2240 1256 2271 coniectura
1278 2238 1405 2276 Orellii,
1422 2239 1529 2280 quide
1546 2239 1697 2279 Epicureo
1712 2239 1923 2270 scribendum

160 2308 351 2339 oppressum
366 2297 598 2328 dilectissimae
616 2297 703 2327 filiae
720 2294 915 2327 memoriam
941 2296 1019 2326 fano
1069 2293 1243 2330 iudicabat,
1266 2293 1396 2324 monuit
1418 2293 1607 2333 Madvigius
1630 2293 1664 2324 in
1679 2292 1785 2324 Praef.
1799 2294 1839 2324 ad
1855 2292 1924 2324 Cic.

160 2351 270 2382 colere
294 2350 447 2381 voluisse.
493 2350 592 2380 Recte
624 2355 734 2380 autem
762 2348 931 2379 Gruberus
967 2358 1019 2389 op.
1068 2347 1142 2378 Fin.
1166 2357 1197 2388 p.
1221 2347 1316 2378 LIX.
1338 2347 1413 2378 Hoc
1437 2347 1525 2378 enim
1547 2347 1626 2378 dicit
1647 2348 1734 2387 quod
1755 2352 1922 2388 receptum

162 2406 183 2435 l.
207 2416 239 2446 p.
263 2405 303 2435 :24
325 2414 371 2444 sq.
396 2402 551 2444 epistolas
573 2402 672 2433 huius
694 2403 772 2433 libri
796 2402 917 2432 12-35
942 2413 1019 2434 cum
1069 2406 1117 2432 est
1140 2410 1157 2432 e
1180 2401 1277 2432 Mss.:
1304 2415 1316 2426 ν
1329 2400 1379 2432 De
1401 2400 1535 2441 Epicuri
1560 2400 1721 2431 sententia
1737 2401 1770 2431 in
1786 2400 1923 2431 alicuius

160 2457 298 2497 septima
338 2461 369 2487 et
410 2460 523 2486 octava
554 2465 666 2486 mense
697 2455 818 2486 Martio
848 2456 927 2485 anni
959 2455 1017 2487 709
1069 2464 1208 2495 persona
1232 2454 1429 2494 explicanda
1452 2454 1579 2490 faciam,
1603 2458 1637 2484 ut
1661 2454 1786 2485 voles-5⁰

162 2511 305 2540 Asturae
328 2510 462 2549 scriptas
485 2517 555 2538 esse
578 2508 700 2538 tradit.v
1042 2486 1047 2534 l

755 2616 879 2656 XIII.
948 2617 1012 2668 (Α.
1055 2616 1099 2656 Is.
1140 2617 1180 2655 C.
1220 2616 1336 2668 709.)

232 2732 270 2772 l.
315 2731 548 2772 Commovet
592 2744 652 2770 me
695 2730 844 2781 Attica,
880 2731 955 2771 etsi
989 2730 1182 2771 assentior
1217 2729 1395 2770 Cratero.
1437 2729 1554 2769 Bruti
1586 2728 1724 2771 literae
1757 2730 1926 2785 scriptae

166 2812 205 2846 et
238 2804 454 2859 prudenter
499 2809 540 2844 et
573 2804 697 2844 amice
743 2804 1024 2845 multas'mihi
1055 2809 1190 2844 tamen
1223 2803 1405 2843 lacrimas
1439 2802 1676 2844 attulerunt.
1727 2804 1794 2844 Me
1829 2802 1926 2843 haec

166 2877 339 2918 solitudo
384 2878 517 2918 minus
563 2877 743 2917 stimulat
787 2892 906 2931 quam
957 2877 1033 2917 ista
1081 2875 1303 2917 celebritas.
1353 2876 1407 2916 Te
1452 2890 1578 2916 unum
1627 2876 1822 2927 desidero,
1858 2875 1926 2917 sed

208 3011 226 3050 ξ
250 3010 278 3041 1.
307 3008 478 3040 commovet
500 3017 546 3038 me
575 3006 695 3038 Attica.
728 3007 768 3039 cf.
802 3017 852 3049 ep.
886 3008 904 3038 6
935 3015 1023 3040 extr.
1115 3008 1211 3039 Bruti
1232 3008 1356 3045 literae,
1373 3008 1493 3048 quibus
1509 3017 1562 3039 me
1573 3007 1811 3039 consolaturde
1824 3012 1928 3038 morte

169 3064 196 3101 1,
220 3063 249 3093 2.
274 3063 313 3092 14
337 3066 420 3093 extr.
433 3079 474 3084 —-
487 3060 659 3092 Craterum
673 3062 815 3092 eundem
825 3066 913 3102 put0,
927 3071 1027 3102 quem
1072 3061 1172 3092 filiae.

170 3114 326 3145 Horatius
350 3112 418 3145 Sat.
443 3113 489 3143 II.
512 3113 541 3150 3,
564 3111 621 3142 161
648 3116 680 3143 et
702 3112 834 3144 Persius
858 3112 927 3144 Sat.
943 3114 972 3151 3,
986 3114 1024 3144 65
1113 3112 1259 3143 Stimulat
1282 3123 1314 3144 o:
1340 3114 1433 3154 angit
1455 3120 1488 3145 et
1516 3120 1627 3145 vexat.
1656 3112 1740 3144 Mox
1764 3112 1888 3143 doloris
1910 3121 1928 3144 e

173 3168 353 3207 prim-ipem
378 3166 540 3198 medicum
565 3166 697 3196 landant
1072 3171 1175 3197 morte
1195 3166 1281 3196 filine
1295 3167 1434 3206 suscepti
1455 3165 1643 3196 violentiam
1661 3169 1754 3195 vocat
1774 3163 1928 3195 ardorem.
