2062 3565
107 953 140 978 lo

110 1324 141 1348 15

161 143 246 185 332
564 142 649 184 ΕΡ.
683 141 759 182 AD
791 141 839 182 Τ.
871 137 1222 182 POMPONIUM
1253 137 1518 181 ATTICUM.

161 281 235 322 Est
266 279 367 322 illud
400 277 562 334 quidem
596 270 824 337 ἐργῶδες,
860 276 929 318 sed
951 272 1164 321 ἀνεκτὸν
1185 274 1365 331 mihique
1383 275 1670 331 gratissimum.
1703 277 1766 319 De
1785 277 1918 327 armis,

160 353 263 394 nihil
295 352 379 394 vidi
412 351 603 407 apertius.
637 350 858 406 Fugiamus
890 349 1029 404 igitur,
1064 354 1118 401 et,
1152 353 1199 390 ut
1231 348 1304 400 ais,
1338 363 1485 390 coram.
1527 349 1790 406 Theophanes
1824 349 1920 404 quid

162 427 258 468 velit
289 425 438 468 nescio.
473 425 695 481 Scripserat
727 424 834 466 enim
867 423 917 464 ad
951 438 1027 465 me.
1061 423 1139 465 Cui
1171 422 1356 478 rescripsi
1388 427 1435 465 ut
1466 423 1594 478 potui.
1644 423 1751 465 Mihi
1785 428 1918 466 autem

162 499 301 541 scribit
343 499 478 540 venire
529 498 578 540 ad
627 513 689 539 me
736 513 777 539 se
822 497 936 549 velle,
981 501 1027 538 ut
1068 502 1109 538 et
1152 496 1201 538 de
1236 496 1318 538 suis
1350 495 1470 537 rebus
1503 501 1544 537 et
1575 496 1785 552 quaedam,
1819 511 1920 552 quae

162 571 211 613 ad
254 587 317 612 me
360 572 619 627 pertinerent.
664 572 770 613 Tuas
807 571 943 613 literas
987 576 1188 627 exspecto.
1231 569 1336 611 Vide
1379 585 1524 625 quaeso
1557 585 1608 612 ne
1640 569 1739 626 quid
1770 574 1919 612 temere

161 646 242 687 fiat.
293 648 332 686 2.
378 647 530 688 Statius
577 646 737 702 scripsit
769 645 820 688 ad
853 661 915 688 me
947 646 1129 687 locutum
1163 659 1297 686 secum
1331 659 1416 686 esse
1449 644 1500 696 Q.
1535 644 1770 686 Ciceronem
1803 643 1919 685 valde

162 725 444 772 asseveranter,
488 736 529 762 se
576 721 674 762 haec
718 720 817 762 ferre
862 736 943 762 non
988 736 1116 776 posse,
1158 723 1311 761 certum
1360 717 1438 760 sibi
1473 733 1555 760 esse
1590 718 1640 760 ad
1673 718 1847 759 Brutum
1880 721 1921 758 et

161 793 344 834 Cassium
386 795 570 836 transire.
621 795 711 836 Hoc
751 794 953 836 enimvero
996 809 1105 836 nunc
1149 793 1301 834 discere
1345 807 1466 844 aveo,
1510 792 1586 834 hoc
1629 806 1704 847 ego
1737 791 1835 847 quid
1869 790 1922 832 sit

161 866 414 922 interpretari
457 883 538 910 non
588 883 763 925 possum.
814 868 953 909 Potest
997 866 1150 923 ahquid
1191 867 1317 909 iratus
1362 866 1555 918 Antonio,
1589 869 1722 922 potest
1753 864 1921 920 gloriam

160 954 306 980 novam
345 956 547 996 quaerere,
587 946 720 998 potest
762 946 895 984 totum
939 957 1023 983 esse
1070 935 1384 999 σχεδίασμα,
1430 945 1470 981 et
1509 940 1700 981 nimirum
1745 939 1803 981 ita
1835 943 1919 989 est;

161 1012 231 1054 sed
273 1018 407 1055 tamen
456 1019 495 1056 et
539 1031 612 1070 ego
657 1030 792 1057 vereor
825 1020 865 1057 et
897 1021 1009 1071 pater
1043 1014 1306 1057 conturbatus
1340 1018 1413 1055 est.
1464 1013 1550 1055 Scit
1581 1013 1687 1055 enim
1721 1027 1822 1068 quae
1854 1012 1922 1054 ille

162 1085 211 1127 de
244 1086 342 1128 hoc:
378 1103 534 1130 mecum
570 1089 731 1144 quidem
765 1085 942 1145 ἄφατα
978 1090 1086 1131 olim.
1131 1089 1256 1131 Plane
1289 1087 1388 1144 quid
1421 1087 1518 1129 velit
1549 1087 1698 1129 nescio.
1733 1088 1768 1128 A
1801 1085 1921 1127 Dola-

162 1159 266 1201 bella
313 1161 502 1203 mandata
547 1151 719 1214 habebo,
765 1177 867 1218 quae
913 1162 1013 1204 mihi
1059 1161 1318 1212 videbuntur,
1367 1160 1410 1202 id
1444 1165 1504 1202 est
1535 1160 1651 1202 nihil.
1697 1160 1774 1202 Dic
1806 1160 1920 1212 mihi,

162 1234 208 1275 C.
256 1235 457 1277 Antonius
500 1236 678 1277 voluitne
722 1236 806 1277 fieri
847 1224 1089 1291 septemvir?
1123 1235 1220 1277 Fuit
1253 1239 1357 1276 certe
1392 1233 1553 1289 dignus.
1588 1234 1649 1275 De
1682 1233 1921 1276 Menedemo

162 1313 235 1358 est,
270 1313 317 1350 ut
349 1308 504 1350 scribis.
541 1310 678 1352 Facies
713 1309 846 1351 omnia
878 1309 977 1351 mihi
1012 1315 1120 1352 nota.

204 1511 223 1540 2
245 1510 414 1552 Fuyz'amus
435 1510 545 1550 iqitur.
570 1511 623 1549 At,
645 1513 679 1540 ut
703 1509 760 1546 ais,
785 1519 897 1539 coram.
932 1525 963 1531 —

163 1709 291 1748 ceptum.
314 1706 436 1738 Decem
459 1706 610 1738 homines
631 1716 689 1747 per
719 1712 946 1748 contemptum
969 1717 1022 1748 ap·
1069 1704 1150 1736 haec
1172 1706 1212 1736 ad
1244 1715 1334 1747 seqq.
1366 1707 1408 1737 de
1440 1705 1481 1745 Q.
1503 1705 1573 1737 filio
1607 1705 1769 1746 pertinere
1801 1705 1924 1737 statuit.

163 1761 279 1802 pellari
310 1760 515 1791 decemviros
545 1760 632 1801 agris
672 1760 705 1791 in
735 1760 837 1801 Epiro
867 1761 1019 1792 dividun·
1111 1759 1130 1797 ξ
1153 1757 1182 1788 2.
1206 1755 1421 1804 σχεδίασμα,
1444 1759 1592 1791 subitum
1614 1758 1802 1796 consilium,
1826 1758 1924 1798 Belg,

162 1814 212 1846 dis
235 1813 414 1855 probabilis
435 1820 485 1845 est
506 1812 653 1845 Graeteri
683 1813 832 1854 suspicio.
868 1813 956 1844 Nam
990 1814 1017 1845 si
1068 1823 1125 1844 een
1148 1813 1246 1846 inral.

163 1869 203 1900 de
226 1867 314 1908 agris
337 1867 463 1898 Italicis
487 1872 518 1898 et
538 1867 579 1898 de
601 1867 743 1908 praediis
766 1867 866 1908 ipsius
889 1866 1018 1898 Cicero·
1111 1865 1176 1897 Scit
1200 1866 1290 1906 enim,
1311 1877 1390 1909 quae
1412 1867 1470 1898 ille
1491 1867 1531 1898 de
1553 1868 1610 1898 hoc
1632 1877 1665 1898 o:
1689 1866 1732 1906 Q.
1754 1871 1845 1908 pater
1856 1866 1925 1904 scit,

163 1922 214 1953 nis
235 1927 388 1962 ageretur
417 1920 622 1962 Septemviros
653 1921 825 1953 nominare
853 1922 1019 1953 debuerat.
1069 1930 1152 1962 quae
1174 1920 1298 1953 Statius
1320 1921 1403 1953 mihi
1425 1922 1466 1953 de
1488 1922 1550 1953 filii
1571 1921 1710 1953 consilio
1732 1921 1872 1963 scripsit.

162 1974 227 2015 (Cf.
251 1974 312 2005 sub
333 1974 436 2005 finem
457 1974 555 2004 huius
578 1973 761 2016 epistolae).
785 1974 849 2005 His
865 1974 1020 2005 tribuitur
1110 1974 1288 2016 Septemvir.
1327 1976 1430 2017 Agn's
1462 1976 1579 2008 Italiae
1615 1976 1807 2007 dividundjs
1838 1975 1926 2007 inter

161 2029 258 2069 culpa
271 2028 451 2065 molestiae,
470 2037 552 2068 quae
564 2028 717 2059 Atticum
728 2029 908 2069 premebat.
932 2028 1019 2059 Nam
1069 2030 1200 2061 milites.
1224 2029 1372 2071 Dignum
1402 2031 1481 2062 dicit
1504 2030 1548 2062 C:
1563 2030 1751 2062 Antonium
1771 2030 1829 2071 qui
1850 2039 1927 2061 cum

161 2083 239 2114 haec
262 2092 338 2113 cum
360 2082 582 2122 superioribus
605 2082 780 2114 cohaerere
804 2088 834 2113 et
849 2091 1020 2123 perperam
1069 2082 1223 2114 fratribus
1245 2084 1292 2114 M.
1316 2089 1348 2115 et
1369 2084 1419 2121 L„
1442 2083 1626 2121 Dolabella,
1643 2083 1776 2114 Nucula
1796 2088 1828 2114 et
1839 2083 1925 2114 Len-

161 2148 178 2167 a
201 2135 359 2167 Schutzio
382 2146 457 2166 cum
480 2136 695 2177 sequentibus
719 2136 827 2167 verbis
852 2136 884 2166 in
918 2145 1019 2166 unam
1069 2143 1145 2168 tone
1167 2138 1276 2178 legem
1299 2147 1356 2178 per
1377 2138 1447 2169 vim
1470 2138 1570 2168 latam
1593 2142 1838 2178 exsequeretur.
1874 2136 1924 2168 cf.

161 2190 361 2222 sententiam
383 2189 552 2230 coniungi,
577 2189 671 2220 bonis
697 2189 900 2230 argumentis
922 2188 1019 2220 Grae·
1069 2191 1156 2222 Phil.
1180 2191 1245 2222 XI.
1272 2192 1310 2223 13
1337 2197 1368 2223 et
1392 2192 1433 2222 V.
1457 2193 1507 2222 33.
1540 2191 1735 2223 Ciceronem
1757 2196 1868 2224 autem
1890 2191 1925 2222 in

162 2254 249 2278 terus
273 2245 396 2277 evincit
417 2245 578 2285 probante
600 2244 736 2276 Orellio.
762 2245 853 2284 Quid
869 2245 911 2276 sit
937 2244 1020 2275 illud
1068 2246 1262 2277 nominibus
1283 2246 1537 2287 magistratuum
1559 2251 1590 2277 et
1620 2247 1839 2284 sacerdotum,
1868 2246 1924 2287 qui

161 2300 249 2340 quod
271 2300 389 2330 durum
411 2303 516 2335 vocat,
541 2299 599 2328 sed
622 2298 795 2329 tolerabile
807 2298 936 2338 sibique
949 2308 1019 2338 gra·
1068 2309 1087 2329 a
1116 2308 1254 2330 numero
1287 2300 1502 2341 appellentur,
1541 2300 1722 2331 scribendis
1753 2299 1815 2331 etsi
1847 2304 1926 2330 nota

160 2353 335 2390 tissimum,
357 2351 496 2383 omnino
517 2351 710 2391 ignoramus
755 2352 887 2383 Atticus
911 2351 1018 2388 facile,
1068 2353 1231 2384 numerali
1254 2363 1321 2384 non
1345 2352 1449 2384 literis
1471 2363 1568 2384 usum
1580 2352 1679 2384 fuisse
1694 2354 1738 2384 A.
1754 2351 1794 2384 G.
1807 2352 1925 2393 Zump-

160 2408 241 2449 quid
269 2407 321 2438 his
354 2406 463 2438 verbis
493 2405 594 2437 vellet
626 2406 750 2443 Cicero,
785 2406 962 2447 perspexit,
992 2406 1018 2437 si
1069 2406 1116 2437 tio
1137 2408 1291 2445 concedo,
1316 2407 1373 2448 qui
1396 2408 1436 2439 de
1460 2416 1497 2438 ea
1520 2417 1555 2438 re
1579 2407 1709 2439 monuit
1731 2407 1772 2438 ad
1789 2412 1870 2438 orat.
1885 2407 1925 2438 de

161 2462 230 2503 ipse
252 2459 287 2490 in
310 2468 368 2490 sua
392 2459 529 2499 epistola
562 2459 734 2501 negotium
765 2460 945 2501 appellavit
966 2457 1017 2504 ἐρ·
1069 2460 1133 2501 leg.
1157 2470 1226 2501 agr.
1247 2471 1277 2502 p.
1301 2462 1343 2491 44
1366 2465 1399 2492 61
1414 2460 1485 2498 138,
1502 2462 1623 2499 tamen,
1640 2470 1744 2502 quum
1759 2470 1827 2492 non
1843 2460 1926 2491 mul-

159 2510 282 2559 «γῶὃες.
1068 2518 1140 2545 tum
1162 2514 1289 2553 referat,
1313 2515 1518 2546 constantiae
1540 2524 1638 2546 causa
1660 2514 1806 2546 codicem
1833 2514 1923 2546 Med.

202 2571 250 2602 De
271 2570 378 2607 armis,
401 2569 483 2600 nihil
505 2569 573 2600 vidi
593 2571 735 2610 apertius
759 2581 791 2601 o:
816 2577 851 2602 ut
873 2582 944 2614 sup.
969 2584 1019 2614 ep.
1069 2574 1200 2601 secutus
1223 2579 1306 2601 sum.

159 2625 342 2666 scripserat,
367 2632 417 2654 res
439 2622 483 2653 ad
502 2623 625 2653 caedem
648 2625 791 2664 spectare
813 2624 948 2656 videtur.
1111 2623 1159 2653 De
1182 2622 1375 2654 Menedemo.
1399 2622 1449 2654 cf.
1471 2623 1513 2654 ad
1533 2632 1583 2663 ep.
1607 2623 1634 2659 2,
1658 2622 1678 2653 2
1699 2622 1732 2652 h.
1750 2622 1771 2654 l.
1794 2621 1924 2659 Omnia,

202 2678 371 2719 aniamus
391 2676 491 2717 ἐρίκην
514 2679 553 2714 et,
577 2679 611 2707 ut
635 2677 692 2715 ais,
717 2688 830 2710 eoram.
853 2679 1020 2712 Ultimum
1069 2687 1152 2719 quae
1176 2678 1217 2708 de
1239 2676 1337 2708 huius
1359 2677 1506 2708 hominis
1531 2676 1691 2717 supplicio
1707 2676 1822 2707 Attico
1832 2676 1926 2707 inno·

159 2744 231 2765 voc.
254 2736 445 2772 corruptum
466 2730 604 2761 videtur.
628 2731 781 2772 Repone:
805 2743 968 2764 curramus
985 2744 1020 2765 0:
1069 2735 1209 2768 tuerant,
1233 2731 1317 2762 scire
1339 2731 1441 2772 cupit.
1474 2731 1502 2762 E
1525 2730 1675 2770 vestigiis
1696 2730 1785 2762 Med.
1807 2729 1846 2760 de
1860 2740 1925 2761 meo

160 2786 311 2818 celeriter
331 2784 509 2825 fugiamus.
543 2783 598 2814 Sic
621 2793 670 2825 ep.
695 2784 744 2822 20,
768 2786 786 2816 3
818 2785 1021 2827 Properemus
1069 2785 1152 2817 domi
1175 2786 1223 2815 est
1245 2794 1367 2816 nomen
1390 2784 1581 2816 Menedemi
1604 2789 1678 2825 apte
1701 2784 1785 2815 eruit
1814 2784 1924 2815 Victo-

160 2842 268 2882 z'yilur.
291 2839 401 2871 Valde
422 2838 568 2879 languet,
592 2840 680 2880 quod
702 2840 804 2880 vulgo
819 2841 940 2872 editur:
967 2844 1019 2880 At,
1069 2839 1147 2876 rius,
1181 2838 1237 2869 sed
1273 2837 1390 2868 malim
1420 2846 1437 2868 e
1466 2837 1594 2868 duabus
1623 2837 1795 2869 sententiis
1823 2846 1924 2868 unam

162 2898 196 2926 ut
220 2894 278 2931 uix,
301 2904 405 2924 coram
427 2902 470 2923 56.
493 2892 750 2925 deliberabimus
773 2895 813 2925 de
836 2904 873 2926 ea
896 2904 939 2926 re.
1043 2907 1045 2932 i
1070 2892 1155 2923 hanc
1177 2891 1322 2922 efficere:
1344 2889 1393 2920 De
1415 2889 1607 2927 Menedemo,
1629 2889 1658 2920 si
1681 2890 1728 2920 est
1748 2893 1784 2919 ut
1804 2888 1925 2927 scribis,

207 2948 407 2989 Theophanes
427 2946 504 2988 quid
523 2947 598 2977 velit
611 2947 724 2978 nescio.
748 2948 818 2979 Nos
837 2949 943 2981 multo
955 2960 1021 2981 ma·
1043 2944 1169 2985 ..facies
1189 2942 1292 2974 omnia
1315 2942 1390 2972 milli
1417 2944 1500 2973 vola-

163 3005 212 3045 gis
234 3002 409 3034 nescimus.
431 3001 482 3032 De
503 3001 706 3043 Theophane
729 3003 770 3034 cf.
791 3003 839 3034 ΙΙ.
863 3006 891 3040 5,
916 3003 944 3034 1.
1041 2985 1046 3023 Ι

211 3057 286 3089 Vide
307 3068 345 3098 q„
368 3066 407 3087 ne
429 3054 506 3098 quid
526 3057 639 3087 temere
650 3057 728 3097 fiat.
751 3071 766 3085 n
775 3057 828 3089 Ne
843 3058 1020 3090 consilium
1040 3099 1042 3101 Ι

163 3113 290 3154 capiam
305 3110 525 3142 temerarium.
550 3109 730 3143 Considera
741 3111 930 3153 diligenter,
941 3113 1021 3154 quid
1040 3108 1042 3121 ⁵

164 3166 248 3210 mihi
269 3165 435 3205 agendum
457 3164 533 3196 sit.''
552 3164 642 3196 Man.
666 3165 804 3198 Temere
815 3166 1021 3207 Mongalnus
1040 3166 1042 3171 ’

2059 3318 2062 3325 .
2055 3087 2062 3265 ι-...ῄ-Λ-Ᾰ-
2057 3028 2062 3063 ..-
