2062 3565
686 159 785 202 hm.
823 159 937 201 XIV.
972 159 1055 201 ΕΡ.
1093 162 1226 201 :3—5.
1748 164 1832 204 2753

71 297 168 334 tare.
221 292 297 344 Tu,
345 293 379 334 si
427 293 525 349 quid
576 292 935 355 πραγματικὸν
984 295 1121 347 habes,
1166 295 1339 348 scribes;
1391 297 1453 339 sin
1499 298 1648 350 minus,
1694 298 1832 354 populi

72 363 415 425 ε’πισημασιῖιν
447 374 488 409 et
518 369 729 410 mimorum
764 369 872 412 dicta
904 368 1154 425 perscribito.
1190 369 1315 411 Piliae
1348 376 1389 412 et
1420 371 1579 413 Atticae
1613 371 1800 414 salutem.

682 494 766 535 IV.
831 495 897 547 (Α.
940 495 985 535 U.
1023 495 1066 536 C.
1105 495 1223 549 710.)

132 609 172 672 1.
216 607 339 649 Ν11110
381 607 480 663 quid
524 613 642 663 putas
692 623 752 649 me
798 608 1001 651 Lanuvii?
1052 612 1107 651 At
1146 625 1219 665 ego
1264 616 1302 652 te
1336 611 1429 653 istic
1462 611 1643 667 quotidie
1678 611 1832 668 aliquid

68 680 162 722 novi
205 680 399 736 suspicor.
447 681 622 722 'fument
665 681 841 736 negotia.
887 683 994 724 Nam
1039 698 1164 738 quum
1209 684 1377 735 Matius,
1425 685 1524 741 quid
1559 701 1696 727 censes
1729 690 1832 727 cete-

68 753 156 795 ros?
199 752 399 809 Equidem
442 753 570 806 doleo,
617 754 725 810 quod
773 770 981 810 nunquam
1025 757 1069 798 in
1116 757 1196 799 ulla
1243 759 1406 801 civitate
1440 759 1601 810 accidit,
1636 776 1717 802 non
1750 775 1832 802 una

66 841 158 868 cum
198 824 382 868 libertate
425 841 506 868 rem
551 826 756 883 publicam
796 834 1085 883 recuperatam.
1132 830 1337 873 Horribile
1371 837 1432 874 est
1465 848 1567 888 quae
1599 833 1830 890 loquantur,
1870 851 1884 875 5

66 915 166 955 quae
199 900 451 942 minitentur.
503 902 562 941 Ac
595 915 732 942 vereor
765 899 922 942 Gallica
954 902 1074 943 etiam
1108 903 1225 955 bella,
1260 905 1346 960 ipse
1381 907 1525 947 Sextus
1560 922 1639 961 quo
1672 907 1830 949 evadat.

67 977 108 1015 2.
153 973 230 1016 Sed
275 974 409 1015 omnia
440 973 536 1015 licet
568 979 823 1025 concurrant,
859 973 958 1016 Idus
991 975 1162 1018 Martiae
1197 978 1470 1021 consolantur.
1523 981 1663 1022 Nostri
1697 986 1832 1022 autem

63 1046 228 1107 ἥρωες,
273 1046 382 1102 quod
422 1062 493 1103 per
532 1048 641 1104 ipsos
685 1047 828 1089 confici
861 1049 1008 1103 potuit,
1042 1049 1326 1104 gloriosissime
1363 1058 1403 1093 et
1436 1053 1830 1109 magnificentissime

67 1120 337 1162 confecerunt.
373 1120 565 1176 Reliquae
598 1136 661 1163 res
693 1136 788 1177 opes
822 1127 861 1162 et
894 1123 1028 1177 copias
1061 1123 1305 1176 desiderant,
1342 1140 1440 1180 quas
1473 1126 1603 1168 nullas
1620 1126 1829 1169 habemus.

66 1196 180 1237 Haec
212 1209 286 1250 ego
318 1193 369 1235 ad
412 1199 466 1246 te,
500 1199 547 1236 ut
579 1195 613 1236 si
655 1195 753 1251 quid
787 1195 882 1236 novi
918 1221 975 1226 —
1024 1212 1117 1238 nam
1150 1198 1332 1254 quotidie
1367 1200 1519 1256 aliquid
1553 1206 1738 1256 exspecto
1773 1218 1885 1244 —10

65 1268 275 1310 confestim
318 1267 368 1309 ad
409 1283 472 1309 me
515 1274 570 1320 et,
615 1269 649 1310 si
682 1269 776 1310 novi
824 1269 941 1321 nihil,
966 1277 1112 1313 >nostro
1146 1287 1254 1315 more
1286 1278 1421 1315 tamen
1456 1290 1504 1316 ne
1537 1274 1736 1330 patiamur
1768 1275 1829 1316 in-

63 1342 234 1384 termitti
266 1341 446 1384 literulas
458 1360 470 1394 3
506 1342 695 1399 equidem
727 1358 808 1385 non
842 1345 1107 1389 committam.

105 1508 124 1550 ξ
149 1508 178 1539 1.
203 1507 331 1539 Pument
353 1508 490 1551 neqotia.
516 1523 529 1534 u
546 1507 674 1540 Tumere
696 1510 844 1551 eleganti
854 1520 924 1543 me·
946 1509 950 1544 l
974 1513 1089 1546 Cicero
1111 1515 1226 1546 tumori
1249 1515 1376 1547 adiecit.

64 1562 201 1604 taphora
235 1562 401 1600 dicuntur,
445 1572 530 1604 quae
569 1569 726 1604 eruptura
758 1565 926 1596 videntur.
1015 1567 1087 1608 Ipse
1107 1567 1223 1600 Sea-tus
1246 1579 1305 1611 quo
1328 1568 1443 1601 evadat
1467 1580 1502 1601 οε
1527 1570 1606 1611 quid
1629 1570 1664 1602 S.
1689 1570 1830 1612 Pompe-

65 1614 246 1657 Usurpavit
268 1615 385 1647 Cicero
409 1615 458 1647 bis
481 1615 516 1646 in
540 1625 589 1657 ep.
613 1617 654 1647 ad
675 1617 748 1648 Att.
770 1616 872 1649 XIV.
905 1619 926 1648 4
972 1622 1022 1654 ius
1044 1628 1177 1654 acturus
1200 1624 1252 1661 sit,
1274 1629 1388 1655 utrum
1409 1634 1469 1665 pro
1492 1625 1582 1666 repb.
1605 1635 1646 1656 an
1670 1625 1711 1656 ad
1730 1625 1832 1656 domi-

63 1674 96 1701 et
118 1670 135 1700 5
159 1668 276 1710 (rerum
293 1670 444 1709 tumor).''
466 1669 599 1711 Lipsius
622 1671 664 1701 ad
677 1671 858 1702 Tac-Hist.
874 1671 924 1704 H.
973 1677 1143 1710 nationem
1164 1679 1346 1720 parandam
1367 1679 1469 1721 copiis
1493 1680 1535 1711 sit,
1557 1689 1684 1711 usurus.

63 1723 114 1755 32.
155 1723 278 1754 Nescio
300 1728 410 1755 tamen
433 1733 475 1755 an
497 1724 606 1765 potius
627 1733 746 1766 sequar
767 1725 924 1758 Mencke-
1015 1732 1033 1772 ξ
1056 1731 1084 1763 2,
1107 1730 1200 1762 Haec
1221 1742 1277 1773 ⁶9⁰
1298 1732 1344 1763 ad
1362 1734 1405 1771 te,
1428 1735 1474 1771 ut,
1495 1732 1524 1764 ,η’
1541 1731 1617 1774 quid
1628 1732 1832 1764 novi-0091-

63 1777 166 1816 nium,
189 1778 247 1820 qui
277 1776 416 1811 Observ.
446 1788 478 1819 p.
501 1778 562 1811 987
593 1788 642 1820 sq.
671 1780 819 1810 tumorem
852 1789 923 1812 esse
963 1783 1079 1825 festini
1101 1784 1147 1815 ad
1167 1795 1223 1816 nze.
1246 1785 1336 1817 Vere
1358 1785 1514 1817 Klotzius
1535 1786 1620 1817 vidit
1631 1796 1690 1827 pro
1708 1789 1744 1817 ut
1755 1787 1831 1818 scri-

61 1833 194 1866 morbum
224 1839 256 1866 et
289 1836 406 1865 tumere
436 1834 501 1866 dici
530 1844 589 1876 pro
617 1837 784 1875 aeqrotare
814 1836 920 1868 docet.
972 1837 1118 1869 bendum
1140 1847 1211 1870 esse
1233 1839 1280 1870 tu.

61 1891 163 1924 Favet
183 1897 270 1924 certe
292 1891 369 1924 huie
390 1892 573 1925 sententiae
594 1902 665 1924 voc.
688 1892 815 1932 mederi,
832 1893 923 1935 quod

702 2000 750 2042 V.
816 2001 882 2054 (A.
923 1999 969 2041 U.
1007 2001 1050 2041 C.
1087 2000 1206 2055 710.)

126 2116 167 2158 1.
200 2115 323 2171 Spero
354 2113 432 2157 tibi
463 2115 544 2157 iam
576 2130 661 2157 esse
694 2120 741 2157 ut
773 2114 973 2167 volumus,
1008 2115 1196 2171 quoniam
1231 2114 1394 2172 quidem
1416 2114 1675 2172 ήσίτησας,
1701 2132 1823 2173 quum

61 2189 200 2231 leviter
248 2194 471 2231 commotus
515 2204 634 2241 esseS,
678 2189 747 2231 sed
790 2195 927 2232 tamen
970 2189 1090 2232 velim
1124 2190 1224 2232 scire
1257 2189 1356 2245 quid
1390 2206 1498 2246 agas.
1548 2192 1672 2247 Signa
1704 2191 1822 2241 bella,

59 2262 167 2319 quod
201 2261 376 2305 Calvena
407 2263 572 2305 moleste
606 2263 683 2305 fert
715 2280 755 2306 se
790 2268 1022 2320 suspectum
1056 2278 1140 2305 esse
1173 2263 1315 2305 Bruto.
1349 2263 1427 2305 Ela
1459 2264 1574 2320 signa
1597 2280 1679 2306 non
1702 2264 1820 2316 bona,

60 2337 94 2378 si
127 2351 219 2378 cum
260 2337 386 2391 signis
418 2336 595 2392 legiones
638 2338 809 2380 veniunt
840 2353 861 2379 0
896 2337 1043 2379 Gallia.
1093 2336 1203 2389 Quid
1236 2342 1282 2378 tu
1315 2336 1404 2379 illas
1436 2343 1568 2394 putas,
1603 2354 1704 2394 quae
1738 2338 1821 2380 fue·
1862 2352 1874 2375 5

60 2415 156 2451 runt
187 2410 231 2451 in
265 2410 476 2466 Hispania,
511 2425 645 2452 nonne
677 2411 785 2452 idem
819 2411 1118 2467 postulaturas?
1151 2409 1279 2461 Quid,
1313 2425 1412 2466 quas
1438 2412 1597 2454 Annius
1619 2418 1819 2468 transpor-

59 2483 185 2526 tavit?
245 2483 462 2526 Caninium
510 2484 631 2541 volui,
681 2484 750 2526 sed
798 2482 1119 2542 μνημονικὸν
1167 2480 1456 2543 ἁμάρτημα.
1525 2485 1590 2527 Ab
1645 2485 1817 2526 aleatore

101 2646 120 2676 6
142 2649 158 2682 †
180 2646 302 2678 Annius
325 2666 365 2671 —
388 2648 407 2681 7
430 2647 594 2680 Caninium
617 2664 654 2669 —-

105 2806 250 2838 Calvena.
274 2806 340 2839 vid.
364 2808 405 2839 ad
427 2816 476 2849 ep.
500 2807 528 2844 2,
551 2807 582 2839 2.
604 2805 728 2838 Matius
740 2806 917 2848 putabatur
937 2808 941 2865 Ι
962 2807 1066 2839 fectus
1089 2807 1171 2848 (vid.
1193 2807 1257 2839 Dio
1277 2805 1390 2838 XLV.
1415 2806 1468 2848 10)
1504 2806 1614 2848 copias
1644 2816 1683 2838 eo
1717 2812 1817 2837 tmus-

63 2859 309 2892 inimicissimus
331 2870 402 2892 esse
424 2860 483 2892 otii
506 2865 539 2892 et
560 2865 731 2901 propterea
749 2864 916 2900 suspectus
938 2868 941 2902 3
961 2867 1156 2902 portaverat.
1200 2861 1301 2893 Recte
1337 2861 1398 2893 hae
1430 2861 1577 2902 legiones
1607 2868 1819 2902 opponuntur

60 2918 129 2945 erat
149 2914 265 2946 Bruto.
961 2914 1012 2952 iis,
1032 2924 1117 2956 quae
1129 2914 1271 2956 fherunt
1293 2915 1327 2946 in
1356 2914 1520 2956 Hispania
1551 2914 1663 2955 ibique
1695 2914 1817 2944 bellum

103 2967 196 3009 Quid,
218 2978 295 3010 quas
323 2968 446 3000 Annius
476 2967 736 3009 transportavit?
766 2970 784 3006 †
819 2967 916 2998 Cani·
962 2967 1112 3000 Caesaris
1133 2968 1236 3000 ductu
1266 2974 1444 3008 gesserant.
1468 2967 1519 2999 De
1542 2967 1648 2998 Annio
1671 2977 1737 2998 nou
1761 2973 1818 3002 est,

59 3019 144 3052 nium
164 3022 259 3054 volui.
282 3021 426 3055 Orellius
450 3031 571 3054 nomen
595 3021 692 3052 Annii
723 3028 916 3062 corruptum
937 3011 941 3096 i
962 3021 1049 3061 quod
1072 3030 1280 3062 quaeramus,
1312 3030 1414 3061 quum
1447 3020 1516 3060 ipse
1539 3019 1654 3051 Cicero
1676 3028 1818 3050 errorem

62 3081 175 3106 censet
195 3084 239 3107 ex
262 3075 382 3107 Asinio.
415 3075 502 3106 Mihi
524 3079 639 3106 contra
660 3074 792 3106 videtur
819 3073 917 3105 Cani·
962 3084 1062 3106 suum
1084 3074 1306 3116 castigaverit.

61 3127 146 3158 nium
168 3129 365 3160 mutandum
394 3138 464 3160 esse
498 3128 532 3159 in
569 3126 602 3158 C.
624 3127 778 3166 Asinium,
806 3128 866 3169 qui
898 3137 917 3158 a
938 3130 942 3174 Ι
1005 3127 1053 3158 Ab
1071 3128 1217 3160 aleatore
1228 3121 1354 3171 φυρμὸς
1365 3123 1473 3163 πολύς
1487 3135 1519 3156 o:
1536 3124 1705 3156 Antonius
1718 3124 1821 3154 multa

64 3180 201 3213 Caesare
223 3183 321 3223 paulo
345 3189 419 3213 ante
443 3182 623 3222 Hispaniae
646 3182 795 3213 ulteriori
830 3191 917 3222 prae-
939 3179 941 3182 ’
964 3184 1082 3222 turbat,
1106 3185 1162 3215 sed
1189 3183 1272 3214 nihil
1297 3183 1407 3213 effic-it.
1434 3181 1598 3213 Mentoris
1611 3190 1731 3212 nomen
1746 3191 1820 3212 con·

125 3239 183 3280 Π.
1581 3239 1633 3278 1³⁵¹
