2062 3565
717 152 824 195 LIB.
859 153 952 194 XV.
988 152 1070 193 ΕΡ.
1110 153 1179 192 19.
1218 153 1289 192 20.
1797 153 1880 190 :5:53

732 364 821 405 XX.
886 365 951 415 (A.
994 365 1038 405 [J.
1077 367 1119 405 C.
1159 365 1277 418 710.)

189 492 229 533 1.
264 492 341 547 Egi
373 491 522 547 gratias
554 490 762 541 Vettieno;
798 490 900 532 nihil
931 492 1038 532 enim
1072 492 1205 547 potuit
1239 491 1467 532 humanius.
1511 490 1740 532 Dolabellae
1774 506 1882 533 man-

125 564 218 606 data
261 565 344 606 sint
384 563 601 621 quaelibet,
648 564 747 605 mihi
781 563 948 619 aliquid,
984 565 1045 606 vel
1079 564 1187 621 quod
1220 565 1364 606 Niciae
1398 564 1594 606 nuntiem.
1644 566 1746 617 Quis
1779 566 1884 607 enim

126 638 236 690 haec,
279 642 328 680 ut
370 637 525 688 scribis,
573 638 598 680 †
617 639 790 678 anteno?
835 637 957 678 Nunc
1001 638 1186 680 dubitare
1230 653 1468 693 quemquam
1502 637 1754 694 prudentem,
1788 639 1885 693 quin

125 726 238 753 meus
284 711 483 754 discessus
527 710 818 766 desperationis
862 711 927 762 sit,
973 727 1053 753 non
1096 712 1332 766 legationis?
1379 715 1419 752 2.
1463 711 1581 763 Quod
1623 711 1680 753 ais
1712 717 1887 753 extrema
1929 727 1943 750 5

122 783 320 840 ‘quaedam
366 785 446 827 iam
493 784 676 826 homines
722 783 770 825 de
817 798 858 824 re
903 784 1064 839 publica
1101 785 1211 840 loqui
1244 790 1284 826 et
1316 800 1381 825 eos
1414 784 1576 839 quidem
1610 785 1714 826 viros
1747 784 1886 835 bonos,

126 871 213 913 ego,
247 872 326 913 quo
366 857 431 899 die
465 856 605 899 audivi
638 856 753 897 illum
786 860 1001 911 tyrannum
1034 858 1077 898 in
1110 858 1295 899 contione
1336 858 1693 899 clarissimum
1729 859 1885 900 virum

127 930 335 987 appeHari,
371 931 630 973 subdiffldere
665 930 792 986 coepi,
825 935 966 986 postea
998 946 1089 972 vero
1123 946 1243 987 quam
1275 936 1408 973 tecum
1440 931 1613 972 Lanuvii
1631 931 1712 972 vidi
1733 936 1888 973 nostros

126 1008 284 1046 tantum
317 1005 403 1061 spei
440 1004 586 1046 habere
620 1003 670 1044 ad
703 1002 935 1054 vivendum,
970 1010 1166 1059 quantum
1199 1004 1446 1060 accepissent
1469 1003 1519 1045 ab
1539 1007 1731 1056 Antonio,
1751 1006 1888 1062 despe-

129 1077 228 1119 ravi.
262 1077 420 1133 Itaque,
454 1079 511 1121 mi
545 1078 694 1129 Attice,
728 1077 884 1119 fortiter
916 1077 992 1119 hoc
1026 1078 1144 1119 velim
1178 1079 1363 1134 accipias,
1398 1083 1443 1119 ut
1476 1093 1549 1133 ego
1572 1079 1715 1122 scribo.
1750 1082 1889 1122 Genus

132 1150 234 1193 illud
280 1151 483 1205 interitus,
529 1167 608 1208 quo
653 1153 678 1195 †
696 1166 860 1193 casurus
903 1156 977 1203 est,
1011 1152 1171 1194 foedum
1205 1153 1356 1194 ducens
1389 1157 1429 1193 et
1461 1154 1575 1207 quasi
1608 1153 1889 1196 denuntiatum

128 1223 244 1266 nobis
287 1223 338 1266 ab
382 1225 579 1276 Antonio,
621 1239 669 1265 ex
717 1224 792 1265 hac
824 1239 943 1265 nassa
976 1225 1082 1266 exire
1115 1226 1322 1276 constitui,
1356 1240 1437 1266 11011
1471 1225 1520 1266 ad
1553 1226 1703 1281 fugam,
1739 1228 1807 1269 sed
1841 1229 1889 1269 ad

128 1312 238 1353 spem
281 1299 422 1340 mortis
465 1298 656 1339 melioris.
703 1298 815 1339 Haec
859 1299 990 1340 omnis
1035 1298 1153 1355 culpa
1197 1299 1329 1340 Bruti.
1366 1301 1407 1340 3.
1442 1299 1674 1355 Pompeium
1711 1302 1890 1342 Carteiae

129 1375 332 1427 receptum
377 1371 548 1423 scribis3
593 1372 671 1414 iam
715 1372 841 1427 igitur
883 1378 1022 1415 contra
1065 1373 1174 1415 hunc
1206 1374 1439 1415 exercitum.
1476 1374 1575 1415 Utra
1607 1389 1700 1428 ergo
1734 1378 1891 1417 castra?

173 1550 209 1581 11
232 1561 290 1592 quo
312 1561 429 1583 causae
451 1561 561 1583 cursus
583 1552 640 1588 est,
654 1550 787 1592 foedum
810 1549 903 1582 duces
930 1569 971 1574 —-
995 1551 1034 1582 12
1057 1550 1205 1582 Antonio.
1229 1550 1277 1582 Ez
1303 1552 1362 1583 Ιιαε
1384 1562 1469 1583 κατα
1491 1570 1532 1575 -

172 1721 191 1762 ξ
216 1721 242 1752 l.
271 1721 422 1754 Vettieno.
447 1722 499 1755 Cf.
521 1722 562 1754 ad
585 1722 631 1754 X.
654 1726 681 1761 5,
712 1724 741 1754 3.
1016 1749 1019 1774 4
1044 1732 1185 1754 casurum
1209 1727 1264 1761 est,
1297 1720 1315 1757 ’ὁ
1346 1720 1576 1770 συμβήσεται.
1616 1726 1657 1756 In
1680 1725 1720 1756 iis
1742 1733 1827 1765 quae
1849 1733 1894 1755 se-

178 1775 261 1808 Mihi
282 1777 414 1819 aliquid.
437 1777 518 1808 Post
539 1777 693 1820 quaelibet
708 1787 775 1808 non
798 1778 881 1809 bene
892 1777 997 1818 sequi·
1017 1796 1020 1814 1
1042 1786 1188 1821 quuntur
1200 1782 1334 1820 foedum
1357 1783 1473 1813 ducens
1494 1782 1608 1823 scripsi
1630 1788 1662 1813 et
1685 1786 1757 1822 post
1777 1780 1816 1811 ab
1833 1781 1896 1811 An-

137 1836 189 1862 tur
209 1830 334 1873 aliquid
341 1846 351 1868 ,-
376 1842 483 1873 neque
506 1832 581 1863 milti
601 1837 687 1863 recte
701 1832 777 1863 huic
792 1833 927 1864 demum
942 1843 997 1863 vo·
1018 1871 1020 1876 .
1043 1834 1129 1865 ionio
1151 1844 1280 1866 comma
1302 1836 1405 1877 posui,
1429 1836 1504 1877 quia
1527 1837 1573 1867 sic
1596 1835 1754 1866 facillime
1767 1834 1897 1865 tollitur

135 1884 255 1916 cabulo
277 1885 464 1926 adponitur.
500 1885 699 1926 Legendum
732 1891 828 1927 puto:
865 1885 894 1916 si
915 1885 998 1916 nihil
1018 1877 1021 1887 ⁴
1043 1888 1226 1926 difficultas,
1249 1899 1334 1930 quae
1356 1890 1460 1921 oritur
1481 1899 1498 1921 e
1521 1890 1662 1921 lectione
1684 1889 1775 1920 codd.
1792 1889 1895 1925 duces,

136 1934 238 1968 aliud.
261 1936 376 1968 Nicias
398 1943 447 1970 est
469 1939 715 1979 grammaticus,
738 1937 933 1970 Dolabellae
949 1938 996 1969 fa·
1019 1949 1022 1983 ᾖ
1044 1941 1133 1981 quod
1156 1940 1332 1974 Schutzius
1355 1943 1389 1974 in
1409 1942 1486 1973 duco
1499 1943 1647 1974 mutavit.
1671 1941 1816 1974 Orellius
1832 1951 1896 1972 ma-

137 1991 286 2030 miliaris,
310 1993 351 2024 de
374 2002 440 2034 quo
463 2002 558 2034 saepe
583 2003 681 2034 supra
703 1993 858 2034 legimus.
892 1994 926 2025 Is
949 1993 996 2024 vi·
1019 1991 1023 2053 ι
1044 1995 1134 2028 lebat
1148 1997 1280 2037 jaedum
1304 2000 1360 2036 esc,
1390 1998 1501 2030 literas
1532 1999 1593 2029 duc
1623 2007 1640 2029 e
1673 1997 1896 2038 geminatione

137 2045 232 2076 detur
254 2044 468 2077 Dolabellam
491 2051 707 2088 exspectasse.
825 2044 828 2047 ’
1044 2050 1181 2082 fluxisse
1202 2056 1301 2082 ratus.

183 2100 200 2138 †
219 2099 354 2130 Anteno.
376 2099 465 2132 Med.
499 2099 660 2132 Omnium
682 2101 722 2132 de
753 2101 786 2132 h.
808 2110 840 2132 v,
873 2101 1001 2132 0011180-
1021 2126 1025 2165 ⁸
1087 2103 1203 2141 Nassa,
1229 2118 1243 2130 u
1257 2108 1305 2135 est
1321 2104 1486 2145 piscatorii
1498 2104 1567 2136 vasi
1579 2113 1693 2145 genus,
1712 2113 1778 2145 quo
1794 2113 1897 2145 quum

139 2159 298 2193 turarum,
320 2165 405 2197 quae
426 2156 493 2197 peti
510 2161 646 2197 possunt
663 2166 680 2188 8
695 2155 828 2188 Graevii
844 2157 1001 2195 editione,
1023 2169 1025 2174 ⁴
1049 2157 1182 2188 ‘nti-avit
1204 2158 1311 2199 piscis,
1335 2158 1426 2190 exire
1448 2167 1515 2189 non
1538 2159 1667 2199 potest''
1700 2163 1778 2189 sunt
1800 2158 1899 2189 verba

139 2214 209 2241 tum
232 2219 250 2241 8
271 2209 440 2242 Tunstalli
473 2211 612 2252 epistola
645 2221 677 2252 p.
713 2211 764 2249 81,
789 2211 883 2242 1111118
916 2211 1000 2243 mihi
1047 2212 1149 2244 Festi.
1172 2212 1238 2243 Pro
1259 2223 1356 2250 naza,
1378 2213 1467 2254 quod
1489 2213 1523 2244 in
1546 2213 1697 2254 plurimis
1719 2212 1808 2244 editt.
1838 2213 1900 2244 hoc

139 2263 275 2305 quidem
296 2264 453 2305 palmaris
477 2265 618 2296 videtur.
641 2265 800 2297 Proxime
817 2276 835 2297 8
851 2275 930 2298 vero
947 2267 1001 2298 ab·
1047 2266 1120 2297 loco
1143 2266 1275 2307 legitur,
1297 2265 1411 2307 scripsi
1444 2275 1551 2303 nassa,
1586 2266 1675 2307 quod
1703 2265 1901 2297 Ritschelius

140 2326 210 2349 esse
232 2317 399 2356 videntur,
423 2318 481 2359 qui
503 2328 576 2350 voc.
598 2317 762 2351 Graecum
784 2319 839 2350 1110
862 2319 1000 2351 odoran-
1048 2322 1083 2354 in
1106 2323 1180 2354 Mil.
1203 2321 1294 2354 Glor.
1320 2323 1365 2354 ΙΙ.
1389 2323 1417 2360 6,
1441 2323 1480 2354 98
1510 2323 1545 2354 111
1568 2322 1787 2364 Ρ81111111888ω
1816 2323 1900 2354 Α111-

140 2375 195 2401 tur
217 2379 258 2401 cx
280 2370 387 2402 Attici
424 2372 562 2413 epistola
591 2373 812 2414 desumptum.
843 2372 910 2405 Sed
939 2382 1001 2404 nec
1050 2377 1203 2409 brosiauo
1237 2378 1283 2409 sic
1316 2378 1475 2419 scriptum
1510 2378 1638 2409 invenit
1683 2378 1834 2418 idemque
1868 2377 1900 2408 in

141 2422 235 2454 Bosii
256 2419 290 2455 ἐν
313 2417 412 2468 κενῷ,
435 2433 496 2455 nec
517 2422 678 2456 Gronovii
702 2421 857 2458 λεπτύνει
887 2434 1001 2456 verum
1048 2430 1153 2462 Plinii
1174 2431 1218 2462 Η,
1241 2431 1283 2462 N,
1306 2431 1424 2472 optimi
1446 2430 1523 2462 libri
1544 2431 1711 2472 praebent.

142 2484 231 2521 puto.
255 2478 293 2512 Si
314 2480 393 2512 haec
414 2480 562 2512 indicant
583 2488 790 2522 praesentem
804 2492 914 2514 rerum
927 2492 1001 2512 con·
1090 2485 1182 2516 Haec
1203 2485 1302 2516 omnis
1326 2485 1417 2527 culpa
1440 2484 1546 2516 Bruti.
1570 2484 1621 2517 Cf.
1644 2495 1693 2526 ep.
1710 2485 1759 2522 12,
1775 2485 1803 2515 2.
1826 2485 1904 2516 Pul-

142 2531 311 2571 ffitiffllem,
357 2533 543 2564 sententiae
583 2537 694 2574 aptum
734 2539 818 2565 esset
854 2530 997 2573 ἕντὺνῦι,
1024 2539 1128 2595 Ι01118
1149 2546 1199 2570 est
1220 2539 1378 2570 correctio
1410 2539 1535 2570 Moseri
1563 2538 1678 2579 Symb.
1713 2537 1792 2570 Crit.
1823 2538 1904 2570 Vn.

143 2598 178 2620 o:
210 2587 345 2626 ordinet,
373 2588 426 2621 vel
467 2589 555 2629 quod
584 2589 736 2620 Moserus
768 2588 882 2630 Symb.
921 2588 1002 2623 Crit.
1025 2613 1028 2637 3
1049 2603 1079 2634 p.
1103 2593 1153 2624 13.
1175 2592 1267 2624 Haec
1288 2592 1392 2624 omnia
1414 2592 1505 2634 culpa
1528 2592 1624 2624 Bruti
1646 2602 1689 2623 sc.
1713 2592 1797 2623 facta
1819 2598 1904 2623 suut.

147 2641 227 2673 VII.
248 2652 280 2683 p·
303 2641 342 2673 13
365 2641 507 2672 coniecit
530 2638 670 2686 ἀντέχοι
692 2652 725 2674 0:
749 2641 918 2673 sustineat.
1093 2647 1111 2686 ξ
1133 2648 1162 2678 3.
1186 2645 1361 2687 Pompeium
1394 2646 1539 2676 Carteiae
1572 2648 1737 2686 receptum.
1776 2644 1906 2677 Carteia

186 2697 204 2738 ξ
229 2696 257 2728 2.
284 2696 416 2728 Tantum
437 2697 504 2737 spei
527 2696 642 2727 habere
655 2696 700 2727 ad
710 2697 882 2728 vivendum.
905 2697 1003 2730 Simi-
1052 2705 1121 2730 erat
1141 2700 1300 2741 oppidum
1320 2699 1503 2740 Hispaniae
1536 2698 1700 2735 Baeticae,
1734 2699 1822 2739 quod
1851 2698 1904 2728 ab·

145 2751 211 2783 lem
234 2751 513 2783 constructionem
535 2751 637 2782 habes
660 2751 694 2782 111
710 2751 780 2783 his:
794 2752 947 2792 facultas
962 2751 1008 2783 ad
1053 2759 1123 2785 erat
1143 2763 1163 2784 a
1185 2753 1339 2786 Corduba
1361 2753 1454 2785 milia
1475 2763 1628 2794 passuum
1641 2752 1781 2789 CLXX,
1796 2758 1833 2782 ut
1846 2758 1906 2782 tra-

145 2803 307 2836 dicendum
328 2804 407 2836 data
429 2815 460 2846 p.
482 2804 580 2836 Font.
617 2804 665 2842 12,
694 2815 733 2836 ne
763 2805 846 2836 Ιιαησ
879 2815 1006 2836 causam
1053 2808 1102 2838 dit
1129 2808 1268 2849 scriptor
1300 2807 1378 2839 belli
1410 2807 1550 2848 Hispan.
1585 2817 1611 2837 c.
1634 2807 1684 2837 32.
1716 2805 1906 2837 Secundum

147 2857 261 2889 habeat
282 2859 327 2890 ad
347 2858 507 2889 iniuriam.
529 2856 593 2890 Off.
615 2858 681 2889 111.
706 2858 756 2890 14.
1054 2859 1261 2891 Marcianum
1283 2860 1515 2891 Heracleotam
1537 2865 1569 2890 et
1591 2858 1756 2890 Antonini
1771 2858 1906 2889 Itinera-

189 2914 206 2951 †
231 2911 297 2953 Quo
322 2922 454 2943 casurus
482 2913 528 2942 est
559 2911 593 2942 in
615 2911 715 2949 Med„
737 2921 796 2953 quo
818 2921 915 2943 causa
937 2922 1007 2942 cur·
1054 2912 1140 2944 rium
1162 2913 1302 2945 distabat
1323 2913 1565 2955 quinquaginta
1586 2911 1689 2943 stadia
1711 2911 1780 2942 sive
1798 2910 1830 2941 X
1849 2910 1906 2941 mi-

149 2977 203 2998 sus
224 2969 271 2998 est
293 2972 376 2999 teste
398 2966 564 2998 Lambino
586 2966 622 2997 in
647 2966 874 2998 Tornaesiano
897 2967 1008 2999 codice
1055 2967 1101 2998 lia
1122 2978 1278 3009 passuum
1302 2978 1320 2998 8
1341 2967 1569 3008 promuntorio
1593 2966 1703 3005 Calpe.
1728 2964 1836 2996 Hodie
1854 2975 1906 3005 ap·

150 3020 331 3062 legebatur.
355 3019 501 3054 Orellius
524 3019 689 3061 acquievit
713 3020 747 3051 in
770 3020 917 3062 Popmae
940 3030 1010 3052 cor·
1055 3022 1198 3063 pellatur
1219 3021 1430 3054 Saint-Roch.
1463 3021 1553 3052 Ante
1582 3020 1643 3050 hoc
1672 3025 1798 3060 tempus
1827 3018 1905 3050 Sex.

150 3075 295 3106 rectione
316 3085 374 3116 quo
395 3083 512 3106 causae
535 3083 645 3105 cursus
667 3075 725 3110 eet,
755 3083 838 3115 quae
871 3073 1009 3105 minime
1056 3074 1233 3117 Pompeius
1256 3076 1396 3107 latuerat
1418 3075 1504 3116 apud
1525 3074 1710 3105 Lusitanos.

151 3129 266 3170 placet.
288 3129 360 3161 Nec
382 3129 480 3171 plane
503 3127 661 3160 satisfacit
678 3126 926 3160 Strothianum:
952 3139 1010 3171 quo
1102 3128 1178 3160 Utra
1201 3139 1274 3170 erqo
1297 3128 1433 3159 castra?
1455 3138 1498 3159 sc.
1513 3137 1645 3168 sequar;
1670 3135 1746 3156 nam
1763 3125 1906 3156 medimn

153 3181 270 3213 Caesar
291 3183 411 3214 occisus
430 3185 486 3213 est.
508 3181 661 3214 Fortasse
679 3182 907 3214 scribendum:
931 3182 1014 3223 quod
1058 3192 1127 3215 esse
1149 3193 1216 3214 non
1241 3184 1304 3214 iam
1329 3182 1405 3213 licet
1427 3192 1484 3222 per
1506 3180 1701 3212 Antonium.

1912 1094 1946 1120 10
