2062 3565
716 150 817 192 1218.
854 152 945 192 XV.
986 153 1063 193 ΕΡ.
1103 155 1266 195 ’4--10,
1783 156 1862 194 ΞΗῙ

105 283 183 325 lius
216 284 269 325 sit
301 297 419 338 quam
455 283 503 324 ad
539 285 733 327 Eurotam
767 286 917 328 sedere.
953 287 1030 328 Sed
1066 288 1160 329 haec
1193 303 1308 329 casus
1342 288 1598 343 gubernabit.
1638 289 1706 329 ,xit
1739 294 1870 329 autem

104 357 243 399 eodem
291 364 468 413 tempore
514 358 719 401 decretum
761 361 824 411 iri,
867 366 912 402 ut
961 368 1001 402 et
1048 362 1097 403 iis
1131 368 1171 402 et
1204 362 1369 417 reliquis
1403 362 1612 418 praetoriis
1646 363 1872 418 provinciae

104 431 385 473 decernantur.
420 431 511 472 Hoc
546 437 651 473 certe
687 434 831 475 melius
865 450 988 490 quam
1021 435 1090 476 illa
1127 434 1350 494 Περσικὴ
1384 437 1578 491 porticus.
1626 436 1732 478 Nolo
1766 437 1871 478 enim

104 503 460 556 Lacedaemonem,
507 505 532 545 †
555 506 778 562 longinquo
812 523 933 563 quom
967 509 1196 551 Lanuvium
1232 510 1491 551 existimavit.
1527 510 1664 560 Rides,
1699 511 1872 566 inquies,

102 578 145 619 in
177 577 328 619 talibus
360 577 506 621 rebus?
539 580 650 631 Quid
685 581 856 623 faciam?
890 582 1092 624 Plorando
1127 585 1253 625 fessus
1288 599 1390 625 sum.
1428 588 1468 626 2.
1505 585 1571 626 Dii
1606 585 1872 626 immortales!
1913 595 1926 619 ὁ

102 652 221 705 quam
266 666 328 692 me
372 651 657 695 conturbatum
700 655 833 695 tenuit
873 656 1064 711 epistolae
1113 662 1206 697 tuae
1243 658 1350 713 prior
1383 658 1559 712 pagina?
1593 657 1705 704 Quid
1740 663 1872 700 autem

104 724 177 766 iste
210 725 254 766 in
288 724 407 767 domo
440 730 512 767 tua
545 742 659 769 casus
694 732 922 770 armorum?
962 730 1038 771 Sed
1074 730 1182 771 hunc
1217 731 1376 786 quidem
1415 731 1598 773 nimbum
1631 732 1712 772 cito
1745 737 1873 772 trans-

102 798 178 839 isse
220 798 359 840 laetor.
410 800 471 840 Tu
515 801 612 854 quid
647 802 774 856 egeris
807 808 879 843 tua
913 817 1038 857 quum
1072 804 1194 853 tristi,
1230 810 1315 845 tum
1351 804 1470 845 etiam
1507 804 1661 846 difficili
1694 806 1743 846 ad
1780 820 1867 846 con-

100 870 318 913 siliandum
367 872 582 928 legatione,
637 875 890 916 vehementer
939 881 1140 931 exspecto.
1195 877 1269 918 Est
1302 878 1409 919 enim
1443 877 1755 934 inexplicabilis.
1811 879 1872 921 Ita

105 944 442 988 circumsedemur
492 948 618 1004 copiis
664 942 866 990 omnibus.
923 950 990 990 Me
1025 950 1186 1005 quidem
1222 951 1341 992 Bruti
1374 951 1527 1002 literae,
1564 948 1662 1007 quas
1696 952 1875 994 ostendis
1899 967 1930 993 10

106 1034 128 1060 a
160 1024 200 1060 te
232 1019 371 1070 lectas,
404 1019 463 1061 ita
495 1020 798 1078 perturbarunt,
833 1026 892 1072 ut,
927 1037 1170 1079 quamquam
1206 1029 1299 1065 ante
1334 1023 1500 1080 egebam
1535 1025 1716 1076 consilio,
1740 1031 1874 1066 tamen

106 1093 231 1134 animi
273 1092 407 1135 dolore
453 1094 529 1136 sim
578 1095 743 1137 tardior.
795 1095 872 1137 Sed
922 1096 1052 1152 plura,
1105 1112 1229 1152 quum
1263 1099 1341 1139 ista
1375 1113 1563 1153 cognoro.
1614 1099 1705 1140 Hoc
1740 1103 1873 1140 autem

105 1173 281 1223 tempore
325 1167 432 1223 quod
477 1168 692 1210 scriberem
740 1169 842 1211 nihil
886 1176 984 1220 erat,
1034 1186 1161 1226 eoque
1206 1173 1354 1223 minus,
1400 1172 1509 1226 quod
1542 1171 1794 1221 dubitabam,
1830 1178 1875 1212 tu

106 1241 177 1283 has
222 1242 330 1298 ipsas
372 1242 508 1283 literas
552 1259 709 1285 essesne
752 1249 1004 1300 accepturus.
1064 1246 1163 1287 Erat
1208 1247 1314 1288 enim
1360 1247 1558 1287 incertum
1595 1247 1803 1287 visurusne
1837 1252 1875 1286 te

104 1320 208 1357 esset
239 1315 486 1358 tabellarius.
521 1317 609 1372 Ego
642 1323 732 1360 tuas
765 1318 901 1359 literas
937 1319 1197 1361 vehementer
1230 1326 1430 1376 exspecto.
1897 1329 1930 1354 1⁵

103 1493 258 1534 accipere,
288 1503 387 1534 quam
422 1495 526 1526 otiose
548 1495 695 1526 Lanuvii
716 1497 839 1528 sedere.
875 1497 964 1527 Illud
989 1507 991 1512 ¹
1015 1499 1088 1530 dico
1111 1507 1143 1532 et
1165 1500 1327 1541 porticum
1362 1499 1528 1536 Persic-en,
1554 1505 1589 1530 tu
1611 1500 1755 1540 cogitare
1777 1499 1877 1530 debes

102 1553 228 1579 certum
243 1549 381 1588 videtur,
398 1551 537 1582 Brutum
549 1551 581 1581 in
593 1550 770 1582 Lanuvino
782 1562 842 1582 suo
854 1562 962 1584 rerum
1014 1554 1054 1584 de
1076 1554 1255 1585 Lanuvino
1278 1554 1384 1591 Bruti,
1400 1564 1466 1584 uon
1478 1554 1518 1584 de
1530 1553 1780 1584 Lacedaemone
1797 1553 1876 1593 ipsa.

103 1601 441 1634 Lacedaemoniamm
475 1604 692 1635 admiratione
737 1610 865 1636 motum
905 1605 962 1636 ali·
988 1637 991 1664 ἱ
1056 1608 1074 1647 ξ
1097 1608 1126 1639 2.
1157 1606 1256 1638 Casus
1279 1617 1442 1638 armorum.
1468 1607 1639 1638 Manutius
1660 1607 1769 1638 rixam
1783 1611 1877 1647 putat

103 1665 203 1696 quem
225 1656 334 1688 rivum
357 1657 504 1689 Eurotam
531 1658 722 1699 appellasse,
746 1664 778 1691 et
799 1660 962 1700 porticum
988 1684 990 1705 ¹.
1014 1661 1203 1702 significari,
1226 1663 1260 1693 in
1284 1671 1350 1702 qua
1371 1662 1412 1692 ad
1435 1671 1525 1692 arma
1542 1667 1679 1692 ventum
1696 1661 1747 1692 sit.
1768 1660 1877 1692 Abla·

103 1706 206 1743 στοὰν
237 1710 419 1755 περσικήν.
454 1711 503 1743 De
537 1711 679 1749 Persice,
709 1722 793 1753 quae
826 1711 963 1753 Spartae
987 1711 990 1740 ἲ
1013 1715 1101 1746 tivus
1128 1714 1160 1745 in
1195 1715 1284 1745 domo
1313 1717 1369 1745 tua
1403 1714 1552 1746 excludit
1574 1714 1754 1755 Mongaltii
1776 1714 1875 1745 inter-

101 1768 173 1806 fuit,
195 1769 263 1801 vid.
286 1769 469 1807 Vitruvius,
493 1770 522 1800 1.
548 1769 574 1802 1,
587 1769 614 1800 6.
630 1769 770 1800 Pausan.
786 1770 852 1801 ΙΙΙ.
871 1770 918 1808 11,
932 1771 962 1800 3.
988 1775 991 1804 ξ
1013 1769 1232 1810 pretationem
1243 1771 1324 1799 cette
1338 1769 1493 1809 irruplion
1510 1768 1549 1799 de
1561 1778 1641 1808 qens
1652 1767 1764 1805 arme's,
1776 1778 1877 1809 quam

143 1821 224 1853 Nolo
252 1823 331 1854 enim
366 1823 626 1854 Lacedaemonem
661 1823 856 1865 †lon9inquo
876 1834 964 1865 quom
1014 1823 1130 1863 probat
1152 1829 1274 1854 temere
1296 1821 1473 1854 Graeterus
1497 1822 1559 1853 VI.
1583 1833 1613 1863 p.
1637 1823 1708 1853 308.

104 1875 138 1906 L.
166 1876 368 1907 existimavit.
402 1875 546 1908 Orellius
575 1877 609 1907 in
634 1876 741 1917 priore
764 1877 840 1908 edit.
862 1877 964 1908 libro—
1058 1874 1123 1906 Tua
1156 1893 1198 1899 -—
1230 1876 1399 1917 Ieyatione.
1431 1876 1532 1907 Recte
1564 1875 1648 1906 vidit
1670 1874 1879 1916 Mongaltius

102 1939 176 1960 rum
199 1935 231 1961 et
251 1931 440 1962 criticorum
465 1931 624 1962 lectiones
647 1937 804 1967 recenset,
828 1936 898 1962 tum
921 1931 966 1962 ita
990 1929 1045 1974 ΙΙι.
1069 1930 1092 1962 l.
1115 1940 1182 1961 non
1205 1930 1260 1971 agi
1283 1931 1323 1962 de
1352 1930 1520 1971 legatione
1550 1930 1661 1961 votiva
1684 1935 1741 1960 aut
1763 1929 1877 1966 libera,

103 1983 225 2024 pergit:
252 1998 265 2009 »ι
278 1983 451 2015 Sententia
471 1983 552 2015 haec
577 1983 644 2015 fere
666 1984 760 2015 latet:
785 1985 886 2016 Haud
901 1985 968 2026 pia·
990 1983 993 2028 ᾗ
1012 1993 1096 2024 quae
1124 1983 1205 2014 solis
1239 1983 1446 2015 senatoribus
1478 1983 1626 2020 dabatur,
1661 1993 1728 2014 non
1763 1983 1878 2023 equiti,

102 2043 153 2069 cet
175 2037 235 2068 isra
258 2037 384 2068 ludicra
406 2037 473 2069 fere
496 2037 661 2068 affectatio
677 2047 787 2069 rerum
803 2038 967 2070 Lacedae·
991 2033 993 2066 ἓ
1014 2037 1071 2067 sed
1093 2037 1133 2068 de
1157 2036 1274 2068 itinere
1290 2036 1482 2067 Lanuvium
1494 2036 1535 2066 ad
1552 2036 1696 2067 Brutum
1712 2036 1876 2066 faciendo.

102 2091 325 2128 monicarum;
358 2091 456 2121 nimis
486 2100 520 2121 se
552 2090 730 2122 removisse
753 2102 771 2122 a
794 2092 892 2123 rebus
916 2102 968 2132 ge·
991 2086 993 2099 ¹
1013 2089 1234 2129 Argumenta,
1258 2089 1377 2130 quibus
1398 2088 1485 2119 hanc
1507 2088 1707 2120 sententiam
1722 2087 1876 2125 munivit,

103 2144 213 2175 rendis
235 2143 379 2185 fortique
401 2144 512 2185 aliquo
525 2143 669 2175 facinore
682 2144 825 2175 Brutum
840 2154 969 2186 semper
990 2142 992 2183 ξ
1013 2143 1099 2183 apud
1122 2142 1230 2183 ipsum
1253 2142 1417 2182 legantur.
1455 2141 1519 2173 Vel
1542 2141 1650 2172 solum
1673 2141 1808 2172 initium
1831 2150 1878 2172 se-

102 2197 301 2234 existimavi‚
331 2207 375 2229 ex
402 2207 467 2238 quo
490 2197 524 2228 in
549 2197 634 2228 istud
657 2207 754 2228 suurn
776 2197 966 2229 Lanuvium
990 2186 993 2250 ;
1013 2196 1144 2237 quentis
1178 2196 1335 2237 epistolae
1359 2205 1493 2227 omnem
1515 2195 1754 2226 dubitationem
1779 2195 1877 2226 tollit.

101 2262 172 2284 sese
195 2252 329 2284 abdidit.
354 2251 465 2283 Verba
488 2252 557 2292 ipsa
581 2252 746 2292 quomodo
763 2252 967 2284 restituenda
990 2266 992 2298 ³.
1057 2249 1108 2280 Ad
1139 2247 1369 2279 consiliandum
1401 2258 1434 2279 οι
1469 2248 1510 2279 ad
1531 2248 1804 2279 deliberationem
1830 2247 1877 2278 in-

102 2305 169 2336 sint
189 2315 257 2336 non
281 2305 395 2346 liquet.
428 2304 585 2336 Proxime
607 2305 649 2336 ad
672 2304 899 2337 Crusellinum
922 2305 966 2337 fe·
988 2306 992 2356 t
1013 2304 1157 2335 eundem
1179 2313 1254 2334 cum
1278 2304 1383 2335 Bruto
1406 2309 1438 2334 et
1462 2302 1584 2341 Cassio,
1608 2303 1688 2343 quid
1704 2303 1744 2334 iis
1756 2302 1876 2334 facien-

102 2358 205 2390 ceris:
242 2357 321 2388 ,Volo
354 2357 433 2389 enim
464 2357 740 2395 Lacedaemonem,
765 2359 966 2400 lonqinqaam
988 2363 991 2379 ¹
1012 2358 1093 2389 dum
1116 2358 1169 2389 sit.
1193 2357 1345 2389 Pendent
1367 2357 1447 2388 haec
1470 2367 1489 2387 a
1510 2356 1678 2397 leqatione.
1706 2356 1874 2394 Quoniam

102 2411 247 2453 quoniam
276 2410 448 2442 Lanuvium
479 2410 690 2441 existimavi.''
725 2411 862 2443 Sublata
885 2412 966 2443 Cru-
988 2410 990 2412 ’
1012 2416 1123 2442 tamen
1154 2411 1293 2442 verbum
1325 2409 1519 2441 consiliandi
1550 2410 1584 2441 in
1617 2409 1723 2440 Tullii
1745 2409 1874 2450 scriptis

102 2464 214 2496 sellini
236 2464 430 2495 auctoritate
444 2463 490 2494 nil
506 2463 625 2494 melius
637 2463 965 2496 invenicorrectione
1012 2476 1078 2497 non
1109 2466 1203 2503 redit,
1237 2466 1374 2497 fortasse
1396 2465 1609 2496 scribendum
1632 2464 1676 2494 ad
1698 2464 1872 2495 convitian-

102 2517 277 2550 Gronovii:
302 2517 384 2549 Nolo
406 2517 486 2548 enim
500 2517 761 2549 Lacedaemonem
773 2518 965 2560 lonqinquio-
987 2519 990 2550 2
1011 2519 1082 2550 dum
1105 2529 1140 2550 o:
1166 2520 1207 2551 ad
1229 2519 1481 2557 coniungendas
1504 2528 1568 2555 eos,
1593 2518 1649 2558 qui
1673 2528 1762 2548 nunc
1789 2518 1876 2548 inter

101 2582 163 2603 rem
194 2571 336 2603 Lanuvio
365 2570 558 2602 existimaris
589 2580 624 2600 ος
651 2571 783 2611 quando
809 2572 965 2603 Eurotam
1012 2581 1045 2603 se
1067 2572 1278 2604 dissentiunt.

738 2698 790 2743 Χ.
856 2703 918 2755 (Α.
959 2702 1001 2744 U.
1036 2700 1078 2744 0.
1116 2702 1230 2756 710.)

162 2821 201 2860 (J
245 2817 363 2860 Bruti
406 2822 585 2858 amanter
629 2816 798 2871 scriptas
843 2816 997 2858 literas!
1046 2818 1082 2859 Ο
1125 2818 1311 2873 iniquum
1358 2823 1473 2858 tuum
1507 2821 1681 2872 tempuS,
1715 2815 1784 2870 qui
1819 2814 1868 2855 ad

103 2905 197 2933 eum
228 2892 286 2933 ire
318 2905 401 2932 non
433 2890 583 2946 possis!
619 2890 707 2945 Ego
740 2894 873 2931 autem
907 2889 1005 2945 quid
1030 2889 1232 2932 scribam?
1267 2890 1324 2931 Ut
1346 2889 1539 2931 beneficio
1561 2890 1729 2930 istorum
1753 2892 1870 2928 utan-

102 2965 198 3006 tur?
230 2963 341 3016 Quid
372 2964 562 3019 turpius?
607 2963 663 3004 Ut
696 2963 914 3006 moliantur
948 2963 1128 3019 aliquid?
1162 2965 1250 3006 Nec
1283 2962 1435 3005 audent
1468 2978 1539 3004 nec
1575 2963 1652 3004 iam
1688 2966 1867 3017 possunt.

144 3122 210 3166 Eyo
241 3125 346 3154 autem
376 3122 454 3165 quid
483 3121 643 3153 scribam?
676 3122 717 3154 ad
751 3122 904 3154 Brutum.
935 3121 963 3153 E
987 3130 990 3187 ι
1011 3119 1154 3151 Antium
1185 3120 1368 3161 profectum
1402 3128 1476 3149 cum
1507 3118 1611 3148 Bruto
1650 3116 1787 3146 consilia
1823 3115 1867 3145 in-

103 3176 252 3219 sequenti
285 3177 421 3218 epistola
455 3181 587 3217 apparet
625 3175 818 3207 Ciceronem
855 3176 962 3216 ipsum
1011 3173 1097 3205 iisse.
