2062 3565
752 151 860 193 LLB.
895 151 988 193 XV.
1023 151 1107 194 ΕΡ.
1144 153 1279 194 4—6.
1811 154 1895 193 313

133 287 290 329 nullum
323 288 546 344 periculum
581 289 646 338 sit,
681 294 840 331 tantum
873 288 987 330 abest
1019 294 1066 330 ut
1099 290 1268 331 Antonii
1304 290 1571 345 suspicionem
1608 288 1744 342 fugere
1794 302 1900 328 nunc

134 374 285 412 curem,
319 376 368 403 ne
403 360 537 403 videar
570 362 655 403 eius
689 362 875 404 secundis
908 361 1027 404 rebus
1061 378 1140 404 non
1175 363 1381 413 delectari,
1418 368 1462 404 ut
1494 362 1594 404 mihi
1630 375 1750 403 causa
1783 375 1827 401 ea
1852 360 1904 401 sit

134 449 204 476 cur
252 435 421 477 Romam
471 434 603 476 venire
650 435 788 486 nolim,
834 450 883 477 ne
916 435 1031 477 illum
1067 436 1237 477 videam.
1273 438 1313 477 3.
1352 436 1478 478 Varro
1513 442 1646 477 autem
1682 439 1817 477 noster
1851 433 1899 475 ad

135 523 198 550 me
229 508 437 565 epistolam
473 509 584 550 misit
616 509 693 550 sibi
727 524 750 551 a
782 509 918 551 nescio
952 525 1031 565 quo
1065 511 1226 552 missam
1264 537 1318 540 —
1357 525 1502 552 nomen
1537 511 1641 552 enim
1667 509 1819 551 delerat
1845 534 1898 538 —

135 581 179 624 in
211 597 291 638 qua
324 582 518 638 scriptum
553 588 639 624 erat
682 588 888 624 veteranos
922 599 1002 634 θος,
1037 585 1106 639 qui
1142 584 1377 626 reiiciantur
1414 609 1469 614 -
1505 599 1596 625 nam
1632 589 1783 639 partem
1818 598 1901 624 esse
1924 595 1939 620 ⁵

136 654 343 698 dimissam
391 682 462 708 -‚
503 656 797 713 improbissime
830 657 956 712 loqui,
992 663 1038 699 ut
1072 673 1218 714 magno
1253 659 1430 714 periculo
1465 659 1613 700 Romae
1648 657 1729 699 sint
1761 656 1902 706 futuri,

136 730 206 784 qui
248 728 299 771 ab
341 745 478 772 eorum
525 729 707 786 partibus
752 730 964 772 dissentire
1011 731 1236 773 videantur.
1291 732 1372 784 Qui
1420 747 1534 788 porro
1564 738 1698 773 noster
1731 731 1812 772 itus
1845 745 1904 771 re-

135 802 259 855 ditus,
294 804 430 846 vultus
462 804 644 846 incessus
676 804 782 846 inter
814 804 945 846 istos?
978 805 1149 857 Quodsi,
1185 811 1232 847 ut
1266 805 1421 856 scribis,
1457 805 1504 847 L.
1540 806 1743 847 Antonius
1776 805 1819 847 in
1855 805 1904 846 D.

135 877 323 928 Brutum,
367 877 513 933 reliqui
545 878 589 919 in
621 882 793 928 nostros,
828 892 902 932 ego
937 877 1035 933 quid
1069 877 1246 920 faciam?
1281 884 1352 920 aut
1385 894 1462 934 quo
1495 894 1558 920 me
1593 884 1709 935 pacto
1742 879 1905 934 geram?

135 950 243 993 Mihi
285 966 376 993 vero
422 950 685 993 deliberatum
733 956 808 1002 est,
855 956 902 992 ut
933 966 1042 993 nunc
1077 951 1238 1006 quidem
1273 957 1348 1003 est,
1385 951 1523 994 abesse
1556 967 1603 993 ex
1637 967 1684 993 ea
1716 951 1828 1002 urbe,
1863 952 1907 993 in
1930 966 1962 992 ιο

136 1039 214 1079 qua
246 1039 329 1067 non
362 1025 481 1067 modo
514 1025 631 1067 florui
665 1040 754 1067 cum
791 1040 960 1076 summa,
996 1040 1134 1067 verum
1170 1026 1290 1068 etiam
1325 1026 1469 1068 servivi
1503 1041 1594 1068 cum
1618 1026 1752 1081 aliqua
1775 1025 1906 1082 digni-

137 1103 234 1140 tate.
285 1099 373 1141 Nec
417 1104 498 1141 tam
544 1100 669 1142 statui
714 1115 763 1141 ex
807 1099 928 1141 Italia
971 1099 1092 1150 exire,
1136 1099 1184 1141 de
1227 1115 1306 1155 quo
1338 1105 1471 1141 tecum
1508 1098 1751 1151 deliberabo,
1786 1114 1906 1154 quani

136 1173 243 1214 istuc
274 1188 358 1215 non
391 1173 541 1214 venire.

178 1338 196 1372 7
222 1337 300 1379 Quis
318 1347 414 1380 porro
436 1356 476 1361 -

135 1488 254 1520 Lamb.
275 1486 368 1519 fecit:
391 1488 503 1518 auctor
525 1488 581 1524 est,
604 1488 635 1516 et
658 1486 725 1516 ille.
748 1485 814 1518 Sed
837 1486 998 1526 particula

136 1545 167 1574 et
189 1541 309 1574 melius
332 1541 434 1573 abest.

1087 1487 1105 1526 ἓ
1129 1486 1155 1517 3.
1183 1485 1243 1527 Qui
1266 1486 1455 1518 reiiciasztur
1468 1497 1498 1518 o:
1514 1488 1571 1528 qui
1586 1498 1654 1519 non
1666 1488 1828 1529 accipiant
1840 1499 1909 1529 par-

1045 1544 1111 1572 tem
1136 1541 1206 1582 agri
1228 1541 1365 1582 publici.
1390 1541 1440 1574 Cf.
1463 1542 1557 1573 Fam.
1581 1542 1645 1573 XI.
1669 1543 1698 1573 2.

177 1595 300 1636 Fuqere
321 1605 434 1626 mtrem.
467 1594 683 1627 observanda
712 1594 912 1625 constructio
946 1604 995 1624 ra·
1020 1595 1021 1622 1

136 1649 214 1681 rior.
237 1648 369 1680 Tantum
393 1648 491 1685 abest,
514 1649 549 1678 ut
571 1657 672 1678 curem
697 1646 763 1678 fere
786 1647 874 1678 idem
897 1653 946 1678 est
962 1657 998 1678 ac
1019 1670 1022 1694 5

137 1714 200 1735 non
222 1713 306 1740 curo,
330 1702 428 1734 nihili
450 1702 544 1739 facio,
577 1702 665 1743 quod
687 1701 890 1732 construitur
922 1712 997 1732 cum
1018 1714 1020 1718 ⁴

137 1757 313 1789 infinitivo.
338 1755 389 1788 Cf.
411 1756 517 1788 Acad.
547 1756 573 1787 Ι.
604 1757 641 1786 4:
677 1764 761 1796 quae
784 1765 845 1786 nec
869 1755 998 1786 indocti

136 1809 324 1851 intelligere
346 1816 488 1851 possent,
522 1818 577 1840 nec
599 1809 688 1840 docti
710 1808 814 1849 leyen·
836 1809 997 1839 curarent.

183 1863 221 1894 Ut
243 1862 318 1894 mihi
342 1872 440 1893 causa
463 1872 501 1893 ea
524 1861 578 1892 sit.
623 1861 664 1892 In
687 1861 777 1893 Med.
802 1867 871 1893 erat
900 1871 997 1892 causa
1019 1883 1022 1902 Ι

137 1917 228 1946 esset.
250 1915 423 1947 Manutius
446 1921 534 1946 recte
566 1924 627 1945 scr.
655 1914 709 1951 sit,
738 1914 996 1955 Wesenbergins

138 1971 278 2002 Emend.
299 1980 330 2011 p.
355 1969 394 2002 75
417 1969 536 2002 adiecit
558 1979 606 2000 ea.

1089 1594 1150 1635 Qui
1164 1605 1264 1635 porro
1288 1607 1318 1627 n.
1342 1595 1406 1627 itus
1429 1596 1558 1627 redilzcs.
1592 1597 1693 1628 Recte
1722 1597 1907 1639 Malaspina

1044 1646 1097 1688 qui
1126 1661 1162 1674 ε
1195 1648 1303 1689 qualis
1335 1649 1367 1679 h.
1399 1649 1420 1679 l.
1455 1654 1619 1690 praestare
1655 1649 1750 1681 alteri
1783 1650 1908 1682 formae

1044 1711 1138 1742 pron.
1171 1702 1240 1744 quis
1271 1702 1439 1734 iudicavit.
1486 1702 1567 1733 Ilum
1601 1702 1735 1734 reditum
1765 1705 1909 1736 munivit

1045 1754 1263 1786 Casaubonus
1286 1756 1531 1797 comparatione
1546 1755 1708 1794 Suetonii,
1732 1756 1807 1788 Tib.
1817 1767 1844 1788 c.
1858 1758 1907 1795 38,

1044 1808 1101 1839 ubi
1126 1810 1196 1839 vola
1214 1819 1276 1849 pro
1299 1809 1345 1840 itu
1369 1812 1399 1841 et
1423 1810 1529 1841 reditu
1551 1811 1679 1842 Tiberii
1696 1818 1847 1852 suscepta
1862 1812 1908 1842 di-

1044 1866 1176 1892 cuntur.

1086 1914 1122 1946 L.
1145 1915 1304 1946 Antonius
1326 1915 1359 1946 in
1384 1915 1422 1947 D.
1445 1916 1579 1949 Brulzcm
1607 1926 1652 1948 sc.
1687 1917 1910 1958 proficiscetur

1020 1973 1021 1976 ’
1043 1978 1120 2000 cum
1143 1970 1300 2001 exercitu.

1010 2088 1054 2128 [J.
1094 2089 1135 2128 C.
1176 2089 1293 2142 710.)

203 2207 242 2246 1.
277 2206 415 2258 Quum
449 2205 498 2247 ad
533 2220 594 2246 me
630 2205 782 2246 Brutus
817 2210 951 2246 noster
986 2204 1212 2259 scripsisset
1245 2209 1285 2245 et
1308 2205 1486 2256 Cassius,
1510 2210 1556 2247 ut
1574 2206 1770 2257 Hirtium,
1790 2222 1909 2262 quem

139 2279 271 2322 adhuc
315 2277 467 2320 bonum
510 2278 633 2320 fuisse
679 2276 862 2320 sciebant
906 2292 1034 2332 neque
1069 2292 1161 2318 eum
1197 2277 1453 2319 confidebant
1485 2278 1582 2329 fore,
1619 2294 1705 2320 mea
1737 2282 1908 2323 auctori-

138 2358 220 2394 tate
254 2351 456 2393 meliorem
493 2352 675 2401 facerem,
715 2376 771 2380 —-
809 2351 987 2392 Antonio
1021 2355 1082 2391 est
1114 2350 1221 2391 enim
1256 2350 1421 2392 fortasse
1455 2351 1607 2402 iratior,
1642 2367 1784 2394 causae
1818 2368 1909 2394 vero

139 2425 406 2468 amicissimus
452 2451 507 2454 »-
554 2430 689 2466 tamen
744 2424 794 2466 ad
828 2440 918 2466 eum
954 2425 1097 2480 scripsi
1130 2424 1247 2479 eique
1282 2424 1521 2480 dignitatem
1557 2425 1674 2467 Bruti
1708 2432 1747 2468 et
1781 2427 1907 2468 Cassii
1948 2443 1957 2448 ’

139 2498 429 2541 commendavi.
480 2498 554 2541 me
599 2498 695 2554 quid
743 2499 842 2540 mihi
888 2499 1172 2554 rescripsisset,
1221 2498 1321 2540 scire
1369 2505 1407 2540 te
1444 2499 1565 2550 volui,
1601 2500 1635 2541 si
1668 2500 1768 2542 forte
1802 2500 1908 2542 idem

138 2581 184 2614 tu
228 2572 336 2628 quod
381 2587 454 2628 ego
492 2571 740 2613 existimares
804 2572 902 2612 istos
949 2572 1182 2613 etiamnunc
1229 2572 1367 2621 vereri,
1413 2587 1462 2613 ne
1510 2572 1610 2614 forte
1654 2573 1732 2628 ipsi
1782 2574 1908 2614 nostri

140 2646 231 2702 plus
265 2646 389 2688 animi
421 2643 611 2695 habeant,
646 2659 767 2699 quam
800 2643 965 2686 habent.

181 2812 199 2852 ξ
233 2811 259 2842 1,
284 2809 389 2852 Neque
417 2819 483 2840 eum
507 2809 702 2850 confidebant
717 2809 806 2850 jore.
829 2808 998 2840 Concessi-

138 2874 199 2896 vae
230 2862 450 2896 enuntiationi
484 2863 648 2903 negativa,
681 2872 764 2904 quae
794 2863 870 2894 inde
902 2861 998 2893 facile

139 2918 314 2956 derivatur,
347 2917 417 2949 sola
438 2917 599 2958 particula
622 2926 719 2958 neque
742 2922 828 2949 recte
853 2916 998 2948 adnecti-

140 2978 203 3010 tur,
234 2972 293 3004 ubi
314 2981 412 3014 neque
436 2981 507 3002 vero
529 2981 560 3000 v.
584 2981 680 3012 neque
702 2972 805 3002 lamen
830 2975 994 3012 exspecta-

142 3027 238 3059 veris.
252 3026 333 3057 Post
343 3025 425 3056 alios
437 3025 477 3056 de
488 3025 551 3055 hoc
564 3034 627 3055 usu
639 3029 839 3055 monuerunt
851 3024 999 3055 Kritzius

141 3080 182 3111 ad
211 3078 279 3110 Sal.
309 3078 385 3119 Ing.
418 3078 467 3115 20,
490 3077 507 3108 1
531 3084 565 3108 et
586 3075 768 3117 Seyffertus
791 3078 832 3108 ad
854 3077 946 3108 Lael.
969 3087 999 3118 p.

142 3134 193 3165 99.
217 3132 268 3165 Cf.
291 3131 372 3163 VII.
398 3132 447 3168 21,
471 3132 489 3162 3
513 3137 544 3162 et
567 3139 650 3172 quae
661 3130 793 3162 laudavi
805 3131 846 3162 ad
862 3131 950 3169 1.13,
967 3132 997 3161 2.

188 3186 301 3220 Tamen
331 3185 375 3218 ad
400 3196 466 3218 eam
489 3184 610 3226 scripsi.
641 3185 681 3217 In
709 3185 745 3221 iis
769 3196 851 3230 quae
876 3195 998 3227 praece-

1045 2810 1129 2841 dunt
1152 2810 1212 2842 hoc
1236 2811 1337 2842 inest:
1366 2827 1377 2836 «ι
1391 2822 1590 2853 quamquam
1621 2821 1736 2843 causae
1761 2811 1908 2843 Caesaris

1045 2861 1132 2895 favet
1154 2870 1185 2896 et
1208 2864 1310 2906 igitur
1331 2875 1430 2906 opera
1452 2874 1526 2896 mea
1548 2874 1633 2896 vana
1656 2864 1751 2901 erit‚⁸'
1773 2873 1838 2904 quo
1861 2873 1908 2894 re-

1045 2916 1148 2948 fertur
1177 2924 1258 2959 part.
1287 2920 1400 2949 tamen.
1432 2917 1481 2950 Cf.
1506 2928 1590 2960 quae
1614 2918 1727 2949 notavi
1748 2918 1789 2948 ad
1811 2918 1839 2949 Ι.
1860 2917 1907 2953 16,

1046 2970 1076 3000 2.
1099 2971 1183 3002 Mox
1204 2971 1282 3002 istos
1304 2978 1398 3002 vocat
1421 2970 1645 3003 Caesarianos.

1091 3023 1157 3064 [psi
1185 3025 1299 3056 nostri.
1331 3024 1438 3055 Nostri
1473 3032 1558 3062 sunt,
1589 3025 1646 3065 qui
1669 3032 1764 3064 saepe
1787 3023 1832 3054 sic
1856 3033 1907 3063 ap-

1047 3078 1224 3119 pellantur.
1259 3078 1308 3109 Cs.
1340 3079 1382 3109 ad
1415 3088 1465 3119 ep.
1499 3079 1511 3108 l
1537 3088 1576 3115 a.‚
1599 3079 1627 3109 3.
1655 3077 1769 3108 Additi
1794 3086 1908 3117 prono-

1048 3130 1148 3162 minis
1170 3131 1232 3172 ipsi
1254 3141 1384 3161 causam
1410 3141 1475 3161 uon
1502 3131 1596 3163 vider»
1640 3130 1790 3161 Fortasse
1812 3130 1908 3161 scrib.

1051 3184 1101 3216 illi
1125 3186 1233 3218 nostri.
