2062 3565
233 175 287 213 58
622 173 705 213 ΕΡ.
742 172 816 212 AD
849 171 894 211 T.
931 167 1280 212 POMPONIUM
1315 167 1580 209 ATTICUM.

233 309 403 350 maxime
445 308 706 357 necessarius,
752 321 860 348 arma
894 308 1009 355 feras,
1056 310 1096 345 et
1128 303 1204 344 1100
1238 318 1318 344 11011
1352 301 1584 344 dubitamus
1617 303 1715 358 quin
1748 304 1892 344 Caesar
1925 317 1996 358 pro

233 396 303 422 sua
345 380 594 422 humanitate
639 379 811 420 maxime
844 380 897 420 sit
929 377 1184 433 probaturus.
1218 376 1305 417 Nos
1336 380 1485 426 tamen,
1520 376 1554 417 si
1585 374 1662 417 tibi
1695 375 1911 426 videbitur,
1946 375 1996 417 ad

233 455 440 495 Caesarem
487 452 721 503 scribemus,
764 457 810 493 ut
855 466 928 493 1105
972 451 1158 492 certiores
1192 449 1325 499 faciat,
1361 448 1457 503 quid
1490 449 1565 490 hac
1597 464 1638 490 re
1672 453 1834 491 acturus
1867 449 1920 490 sit
1929 468 1940 501 ;
1974 466 1997 492 a

232 541 310 580 quo
350 528 383 568 si
425 526 500 568 erit
541 524 658 566 nobis
698 524 949 580 rescriptum,
996 523 1131 564 statim
1165 537 1266 577 quae
1301 522 1517 563 sentiemus
1551 521 1600 563 ad
1633 526 1672 562 te
1706 521 1925 564 scribemus
1957 528 1998 565 et

199 610 212 633 5
231 598 307 640 tibi
354 599 472 641 fidem
513 598 705 640 faciemus
747 612 818 638 nos
864 612 910 638 ea
942 596 1123 646 suadere,
1158 610 1259 650 quae
1294 593 1409 635 nobis
1444 594 1630 636 videntur
1662 600 1755 636 tuae
1789 595 1994 649 dignitati,

231 688 311 713 non
346 673 527 714 Caesaris
560 671 721 720 rationi,
756 685 840 712 esse
874 669 1105 719 utilissima,
1139 674 1179 710 et
1212 667 1287 709 1100
1320 667 1530 709 Caesarem
1554 682 1624 722 pro
1649 683 1722 709 sua
1743 667 1997 722 indulgentia

230 745 271 785 111
307 759 400 786 51105
434 744 695 800 probaturum
730 750 934 798 putamus.

272 907 291 935 4
313 905 433 943 statim,
454 916 521 937 cum
543 907 685 944 sciemus,
712 908 756 938 acb
778 911 809 938 te
831 907 997 938 scribemus
1019 925 1059 929 —

272 1052 290 1090 ἓ
315 1051 343 1082 2.
366 1050 440 1082 Hac
467 1062 513 1084 re.
544 1053 630 1085 Puto
664 1063 735 1085 esse
763 1053 945 1085 ablativum
978 1063 1088 1086 conse·
1141 1054 1224 1084 ritui·
1243 1054 1284 1084 de
1307 1053 1355 1090 iis,
1379 1061 1463 1093 quae
1486 1054 1606 1084 Caesar
1629 1052 1662 1082 in
1687 1051 1854 1092 republica
1877 1057 1998 1092 ageret,

230 1105 383 1145 quentiae
407 1119 446 1133 z
469 1117 560 1148 quum
583 1118 634 1138 res
655 1107 704 1137 ita
726 1117 760 1138 se
781 1107 905 1138 habeat.
928 1108 1021 1139 Idem
1045 1107 1088 1138 le·
1142 1107 1198 1138 sed
1220 1107 1261 1138 de
1283 1106 1353 1137 eius
1375 1104 1566 1136 commodis.

229 1158 319 1197 gitur
342 1158 375 1189 in
400 1169 449 1200 ep.
462 1169 530 1200 seq.
554 1161 652 1192 Balbi
667 1162 684 1201 ἓ
701 1162 729 1192 2.
755 1160 828 1192 [Iac
843 1171 876 1191 re
888 1160 962 1191 mihi
968 1160 1087 1201 placet.
1187 1159 1251 1190 Tibi
1262 1158 1363 1200 fidem
1387 1157 1548 1198 faciemus
1570 1167 1626 1187 nos
1659 1167 1694 1187 ea
1725 1156 1859 1188 suadere
1889 1157 1999 1189 „Sim-

276 1210 366 1247 Quae
386 1211 554 1243 sentiemus
576 1224 608 1244 o:
632 1213 830 1245 sententiam
846 1218 1001 1245 nostram.
1024 1214 1087 1245 Ac·
1141 1214 1259 1256 plicius
1282 1219 1314 1245 et
1335 1212 1454 1244 melius
1475 1211 1615 1243 dixeris:
1632 1211 1782 1252 projecto
1804 1221 1841 1243 ea
1859 1211 1917 1243 tibi
1926 1221 1997 1243 sua-

230 1264 466 1304 quiescendum
489 1270 568 1306 puto
590 1266 625 1297 111
648 1272 793 1298 correcta
823 1267 911 1298 Med.
935 1267 1086 1303 lectione,
1139 1267 1311 1298 debimus.''
1334 1265 1481 1297 Weiske.

233 1317 288 1347 ubi
311 1327 329 1347 a
352 1327 400 1358 pr.
423 1328 523 1349 manu
546 1324 613 1350 crat
637 1329 701 1349 cnm
725 1319 908 1350 sentiamus.
945 1318 1088 1351 Orellius
1182 1319 1221 1349 In
1244 1328 1327 1349 suos.
1358 1318 1449 1349 Male
1472 1327 1490 1349 e
1511 1317 1728 1349 deterioribus
1751 1317 1845 1349 libris
1867 1318 1997 1350 Ernest.

230 1380 246 1401 e
270 1380 326 1401 sua
349 1371 536 1403 coniectura
558 1373 647 1404 dedit
681 1383 747 1403 cum
780 1372 922 1403 sciemus.
947 1392 985 1396 ——
1007 1373 1090 1404 Mox
1140 1371 1242 1402 edidit
1264 1371 1297 1401 in
1327 1381 1391 1402 nos.
1421 1370 1590 1401 Laudatur
1619 1369 1766 1403 Caesaris
1789 1371 1998 1412 indulgentia

231 1424 412 1455 necessario
435 1424 646 1456 scribendum
686 1425 834 1457 Caesaris
858 1425 986 1463 ralionz',
1022 1436 1087 1456 non
1139 1425 1172 1455 in
1196 1435 1310 1457 omnes
1334 1435 1419 1462 suos,
1443 1425 1475 1455 111
1499 1425 1618 1465 quibus
1652 1425 1778 1457 Balbus
1808 1431 1840 1457 et
1870 1425 1996 1467 Oppius

230 1476 358 1514 actioni,
383 1482 417 1507 ut
440 1481 487 1508 est
511 1477 543 1508 111
568 1477 661 1508 libris
685 1478 766 1510 Mss.
791 1478 876 1509 Nam
901 1488 967 1509 non
991 1488 1087 1519 quae-
1112 1468 1114 1511 ἶ
1138 1487 1239 1510 erant.

1088 1569 1136 1609 Β.

777 1644 973 1681 ssALBUS
1005 1644 1249 1683 ClCERONl
1278 1646 1383 1682 [MP.
1414 1649 1450 1683 s.

298 1725 335 1762 l.
371 1723 411 1763 S.
452 1722 497 1761 V.
533 1723 579 1762 B.
617 1723 663 1763 Ε.
700 1723 966 1777 Posteaquam
1000 1722 1136 1763 literas
1170 1737 1402 1764 communes
1436 1738 1529 1764 cum
1563 1724 1695 1778 Oppio
1729 1722 1779 1764 ad
1812 1728 1852 1764 te
1885 1723 1993 1774 dedi,

231 1796 280 1838 ab
330 1796 496 1837 Caesare
544 1794 750 1849 epistolam
804 1796 952 1851 accepi,
1003 1796 1119 1836 cuius
1163 1795 1389 1851 exemplum
1437 1794 1514 1837 tibi
1548 1796 1653 1845 misi,
1705 1796 1730 1838 †
1748 1810 1797 1836 ex
1846 1795 1994 1850 quibus

231 1870 449 1925 perspicere
487 1869 634 1924 poteris
678 1883 797 1923 quam
842 1869 978 1923 cupiat
1010 1868 1263 1914 concordiam
1298 1874 1338 1909 et
1372 1869 1609 1924 Pompeium
1663 1867 1919 1910 reconciliare
1954 1874 1994 1910 et

194 1962 208 1987 5
230 1958 348 1998 quam
382 1948 557 1984 remotus
592 1941 644 1982 sit
677 1939 726 1981 ab
760 1942 869 1982 omni
902 1941 1137 1983 crudelitate
1152 1960 1163 1993 ;
1198 1941 1305 1997 quod
1339 1957 1430 1983 eum
1465 1942 1626 1992 sentire,
1650 1946 1698 1982 ut
1719 1939 1859 1992 debeo,
1878 1940 1993 1983 valde

227 2016 398 2071 gaudeo.
435 2016 494 2058 De
527 2021 566 2056 te
600 2020 640 2056 et
671 2022 741 2056 tua
775 2014 852 2056 fide.
886 2020 925 2056 et
968 2016 1116 2071 pietate
1159 2015 1266 2057 idem
1300 2016 1545 2067 mehercule,
1573 2016 1628 2057 mi
1661 2016 1815 2066 Cicero,
1849 2015 1993 2065 sentio,

227 2090 335 2144 quod
384 2095 444 2140 tu,
486 2103 567 2130 non
612 2103 726 2143 posse
763 2094 875 2129 tuam
924 2088 1068 2130 famam
1107 2094 1147 2128 et
1192 2089 1366 2130 officium
1408 2088 1618 2137 sustinere,
1652 2093 1699 2128 ut
1732 2092 1871 2129 contra
1903 2103 1992 2129 eum

228 2176 337 2202 arma
369 2161 484 2212 feras,
519 2178 541 2203 a
574 2176 652 2216 quo
685 2166 844 2203 tantum
877 2160 1113 2203 beneficium
1148 2166 1188 2202 te
1221 2162 1420 2217 accepisse
1454 2161 1672 2217 praedices.
1710 2164 1750 2202 2.
1784 2161 1993 2203 Caesarem

228 2235 304 2276 1100
348 2234 457 2275 idem
499 2234 763 2289 probaturum
808 2234 1058 2290 exploratum
1101 2250 1172 2290 pro
1217 2235 1412 2290 singulari
1445 2235 1531 2276 eius
1565 2234 1816 2276 humanitate
1850 2233 1992 2285 habeo,

173 2320 209 2348 1ο
227 2307 345 2362 eique
388 2307 705 2348 cumulatissime
750 2307 1049 2348 satisfacturum
1092 2312 1132 2348 te
1177 2311 1284 2348 certo
1332 2308 1428 2358 scio,
1475 2323 1598 2362 quum
1639 2307 1792 2348 nullam
1839 2311 1990 2363 partem

228 2380 323 2422 belli
367 2385 506 2421 contra
545 2395 637 2421 eum
681 2380 877 2435 suscipias
918 2395 1049 2434 neque
1093 2380 1225 2421 socius
1270 2380 1356 2421 eius
1401 2379 1638 2422 adversariis
1669 2379 1807 2421 fueris.
1858 2380 1992 2434 Atque

227 2453 303 2495 hoc
346 2468 429 2495 non
473 2453 601 2494 solum
642 2453 685 2501 in
729 2457 782 2503 te,
823 2453 896 2494 tali
937 2457 977 2494 et
1009 2458 1123 2495 tanto
1157 2453 1255 2504 viro,
1291 2453 1388 2494 satis
1420 2452 1600 2503 habebit,
1635 2452 1705 2494 sed
1738 2452 1859 2493 etiam
1891 2451 1992 2493 mihi

227 2528 311 2583 ipse
357 2541 430 2568 sua
455 2526 667 2568 concessit
713 2526 934 2577 voluntate,
978 2542 1029 2568 ne
1073 2527 1116 2568 in
1149 2527 1199 2568 iis
1234 2526 1373 2567 castris
1407 2540 1548 2575 essem,
1583 2541 1683 2582 quae
1717 2529 1856 2567 contra
1886 2524 1992 2566 Len-

271 2692 288 2722 3
314 2691 399 2728 mi3i;
424 2701 463 2722 ex
484 2690 594 2733 quibus
617 2709 656 2713 —

271 2852 290 2891 ς
313 2851 340 2880 l.
365 2849 399 2882 S.
430 2848 463 2880 V.
485 2848 526 2880 B.
548 2847 585 2879 E.
608 2846 670 2879 Cff.
694 2856 778 2887 quae
807 2846 923 2877 monui
944 2846 986 2876 de
1008 2845 1040 2875 h.
1063 2845 1086 2875 l.
1110 2851 1113 2896 1
1176 2844 1217 2876 Ee
1240 2845 1414 2886 Pompeiwu
1438 2844 1645 2875 reconciliare
1666 2853 1699 2874 οι
1724 2846 1756 2874 et
1776 2852 1875 2883 quam
1885 2845 1994 2884 cupiat

234 2906 274 2936 ad
297 2904 344 2935 Π.
369 2904 398 2941 9,
424 2903 450 2934 l.
1137 2898 1333 2940 Pompeium
1354 2898 1577 2936 reconciliare,
1599 2907 1676 2928 cum
1695 2896 1855 2937 Pompeio
1869 2895 1904 2927 in
1921 2906 1992 2937 gra-

271 2960 287 2986 ÷
308 2956 358 2986 Ea·
379 2955 497 2997 quibu-3.
519 2954 561 2984 In
585 2953 652 2984 illis
675 2952 778 2983 literis
800 2951 898 2982 Balbi
928 2957 961 2982 et
989 2949 1088 2991 Oppii
1136 2952 1216 2983 tiam
1238 2951 1354 2982 redire.
1376 2951 1418 2982 ef.
1443 2951 1490 2988 C„
1516 2952 1543 2981 1.

230 3009 315 3040 nihil
337 3015 388 3040 est
407 3008 448 3039 de
470 3005 645 3038 concordia
666 3004 868 3036 restituenda
889 3011 922 3035 et
943 3004 984 3034 de
1006 3003 1088 3033 leni·
1181 3003 1276 3035 Tuam
1288 3004 1413 3044 famam
1436 3006 1465 3033 et
1495 3003 1624 3045 officium
1650 3003 1820 3033 sustinere.
1846 3001 1991 3048 Dictum,

231 3068 297 3094 tate
320 3061 480 3094 Caesaris.
501 3059 568 3092 Sed
590 3058 720 3100 respicit
736 3057 909 3098 epistolam
928 3055 1087 3087 Caesaris.
1135 3064 1172 3089 ut
1194 3057 1336 3088 civitatis
1357 3057 1543 3098 diqnitatem
1569 3058 1599 3087 et
1621 3055 1715 3087 decus
1735 3047 1901 3092 sustinere,
1929 3054 1991 3086 Off.
2052 3062 2059 3070 ²

231 3115 361 3147 Suadeo
382 3114 484 3155 igitur
504 3118 542 3145 ut
562 3113 654 3153 legas
675 3121 750 3143 eum
784 3110 989 3142 Ascensiana
1022 3108 1088 3140 edi-
1136 3110 1164 3141 I.
1188 3110 1258 3146 124,
1281 3110 1542 3149 exspectationem
1564 3108 1615 3139 sui
1636 3107 1792 3139 sustinere
1813 3107 1907 3138 Fam.
1943 3107 1990 3138 Π.

232 3171 337 3202 tione:
362 3181 400 3200 err
422 3181 481 3211 qva
505 3172 545 3199 tu.
1138 3165 1153 3194 1
1178 3169 1275 3201 extr„
1299 3164 1422 3203 neqotia
1453 3163 1620 3199 sustinere,
1650 3162 1682 3193 h.
1711 3172 1760 3202 ep.
1790 3162 1808 3201 ξ
1832 3163 1861 3192 2.
1883 3161 1992 3202 Igitur
