2062 3565
682 167 789 211 LIB.
824 168 901 210 XL
935 168 1019 211 ΕΡ.
1060 170 1128 210 15.
1168 171 1237 210 16.

1754 171 1829 210 ‘1721

77 304 130 346 sit
160 303 345 347 auditum
378 304 428 346 de
460 305 601 358 literis,
635 312 681 347 tu
714 305 877 362 quidem
911 305 1016 348 nihil
1048 307 1347 362 praetermittis,
1382 307 1525 362 inquo
1548 312 1664 363 put-es
1687 307 1839 362 aliquid

75 378 207 421 solatii
239 392 338 429 esse,
374 377 443 420 sed
477 393 551 434 ego
584 394 666 421 non
701 379 879 422 adducor
913 393 1154 435 quemquam
1189 378 1339 421 bonum
1363 379 1483 421 ullam
1509 379 1678 421 salutem
1702 385 1840 436 putare

20 452 24 507 f
76 451 175 494 mihi
207 452 340 494 tanti.
364 485 371 493 .
394 485 431 493 ..
465 452 601 504 fuisse,
635 460 683 494 ut
715 468 801 494 eam
835 458 1009 509 peterem
1043 451 1093 493 ab
1127 452 1209 504 1110,
1245 462 1285 494 81
1317 468 1363 494 80
1397 454 1544 505 111111118,
1580 453 1685 510 quod
1721 454 1842 496 huius

75 524 234 568 consilii
273 526 354 568 iam
399 540 449 568 ne
494 527 646 568 socium
693 526 856 582 quidem
900 525 1028 568 habeo
1070 541 1325 581 quemquam.

1393 527 1475 578 Qui
1518 527 1560 569 in
1609 527 1706 569 Asia
1749 535 1843 569 sunt.

18 643 19 646 Ἴ
75 613 206 663 rerum
238 599 391 641 exitum
425 605 672 656 exspectant.
707 599 875 641 Achaici
908 600 1029 641 etiam
1064 600 1177 641 Fufio
1195 615 1305 655 spem
1330 600 1624 657 deprecationis
1641 602 1842 644 auferimt.
1884 615 1898 639 5

0 678 11 724 g
64 666 234 730 vHorum
265 677 306 714 et
336 673 457 715 timor
489 672 595 714 idem
630 673 707 714 fuit
740 673 881 729 primo,
917 673 986 728 qui
1009 688 1135 723 meus,
1159 680 1199 714 et
1222 674 1511 725 constitutum3
1536 689 1644 716 mora
1669 674 1842 716 Alexan-

11 757 14 759 ’
75 745 191 789 drina
231 761 392 788 causam
435 746 596 789 illorum
640 748 825 797 correxit,
872 762 1000 789 meam
1034 747 1190 788 evertit.
1227 750 1267 788 3.
1303 747 1572 799 Quamobrem
1608 747 1715 790 idem
1749 763 1770 789 a
1805 754 1842 789 te

15 847 23 880 3
76 835 184 863 1111110
216 825 323 876 peto,
357 820 465 876 quod
509 819 782 876 superioribus
826 820 967 871 literis,
1002 826 1061 871 ut,
1096 821 1129 861 si
1163 819 1262 875 quid
1294 821 1337 862 111
1371 820 1538 877 perditis
1570 820 1689 863 rebus
1721 822 1843 878 dispi-

74 907 196 945 ceres,
230 893 338 949 quod
370 893 471 936 mihi
504 899 666 950 putares
699 894 942 945 faciendum,
978 909 1040 936 me
1073 909 1269 936 moneres.
1305 894 1347 936 Si
1381 895 1550 950 recipior
1573 894 1624 936 ab
1646 895 1710 945 iis,
1736 895 1843 950 quod

0 984 16 1016 κ,
74 965 186 1009 vides
229 981 312 1009 non
354 967 453 1019 fieri,
493 972 643 1018 tamen,
689 967 822 1023 quoad
855 966 1007 1010 bellum
1041 967 1131 1018 erit,
1166 967 1264 1022 quid
1299 983 1413 1023 agam
1447 974 1518 1010 aut
1549 967 1622 1010 ubi
1655 969 1730 1010 sim
1762 980 1901 1011 1101110

6 1042 12 1052 ”
74 1039 227 1097 reperio
235 1058 247 1092 3
281 1040 344 1082 sin
376 1041 517 1092 iactor,
551 1056 598 1083 eo
631 1041 781 1082 minus.
832 1040 975 1096 Itaque
1009 1045 1100 1082 tuas
1132 1040 1269 1082 literas
1302 1046 1502 1097 exspect0‚
1537 1056 1682 1098 easque
1715 1048 1761 1084 ut
1795 1042 1845 1085 ad

76 1127 138 1155 me
181 1113 267 1156 sine
310 1112 565 1156 dubitatione
599 1113 750 1156 scribas
782 1129 893 1170 rogo.
930 1117 971 1155 4.
1007 1113 1128 1167 Quod
1162 1113 1319 1165 suades,
1354 1120 1401 1156 ut
1434 1115 1484 1157 ad
1518 1115 1718 1168 Quintum
1752 1118 1846 1159 scri-

75 1184 167 1228 bam
215 1185 264 1228 de
311 1187 374 1229 his
416 1186 558 1238 literis,
603 1188 788 1239 facerem,
834 1188 867 1229 si
911 1202 974 1229 me
1018 1187 1240 1242 quidquam
1283 1188 1383 1229 istae
1416 1188 1554 1230 literae
1588 1189 1846 1233 delectarent.

74 1260 163 1302 Etsi
208 1260 372 1316 quidam
415 1261 575 1318 scripsit
620 1261 671 1303 ad
714 1276 776 1303 me
819 1260 883 1303 his
929 1259 1082 1302 verbis:
1126 1288 1145 1311 ,J
1160 1261 1262 1316 Ego,
1299 1267 1343 1302 ut-
1376 1261 1419 1303 in
1454 1260 1517 1303 his
1551 1254 1680 1314 stilis,
1715 1263 1846 1306 Patris

81 1362 101 1386 7,
117 1349 206 1377 sum
253 1351 336 1378 uon
378 1336 532 1378 invitus
544 1354 556 1387 ;
597 1351 724 1378 essem
763 1334 972 1386 libentius,
1018 1335 1053 1376 si
1085 1335 1206 1376 frater
1238 1340 1335 1376 tuus
1368 1350 1414 1376 ea
1446 1334 1495 1376 de
1528 1340 1568 1376 te
1600 1335 1845 1391 loqueretur,
1870 1358 1902 1386 15

81 1436 102 1460 η
116 1422 218 1463 quae
250 1423 325 1465 ego
358 1408 497 1451 audire
531 1408 721 1450 vellem.”
754 1408 874 1460 Quod
908 1408 966 1450 ais
999 1407 1114 1449 illum
1149 1407 1197 1449 ad
1233 1412 1271 1449 te
1306 1407 1478 1449 scribere
1512 1423 1575 1449 me
1610 1408 1687 1450 sibi
1714 1410 1846 1453 nullas

74 1481 211 1525 literas
258 1483 475 1534 remittere,
527 1483 650 1524 semel
691 1482 741 1524 ab
788 1483 876 1538 ipso
925 1481 1062 1537 accepi
1074 1500 1085 1532 ς
1135 1480 1182 1522 ad
1230 1497 1295 1522 eas
1342 1480 1580 1537 Cephalioni
1623 1481 1731 1533 dedi,
1777 1484 1845 1538 qui

74 1555 221 1598 multos
264 1571 421 1598 menses
464 1556 772 1612 tempestatibus
817 1561 998 1598 retentus
1040 1559 1114 1597 est.
1163 1555 1364 1606 Quintum
1398 1554 1524 1596 filium
1559 1555 1608 1596 ad
1643 1571 1706 1597 me
1739 1573 1845 1599 acer-

0 3324 31 3565 ”mwffi
0 2398 27 3313 *imm-manv·
0 2271 11 2385 ενι-..ψ
0 2246 4 2252 -
0 2213 5 2226 ι-
0 2191 2 2194 -
6 2159 9 2161 .
0 2107 2 2111 <
0 2082 4 2091 -

74 1628 236 1671 1118811118
279 1622 484 1686 scripsisse
529 1630 608 1672 iam
659 1636 751 1671 ante
796 1629 846 1672 ad
888 1634 928 1670 te
974 1628 1129 1684 scripsi.
1178 1630 1217 1668 5.

1264 1628 1499 1669 Extremum
1544 1634 1618 1680 est,
1665 1629 1772 1684 quod
1807 1636 1844 1671 te

74 1718 196 1755 orem,
241 1705 275 1747 si
319 1708 438 1760 putas
477 1707 630 1746 rectum
671 1719 756 1746 esse
790 1708 830 1746 81
863 1719 885 1745 a
916 1709 956 1745 te
991 1701 1141 1756 suscipi
1178 1716 1303 1756 posse.
1341 1716 1433 1743 cum
1467 1702 1636 1743 Camillo
1670 1717 1846 1745 commu·
1869 1723 1903 1749 ρο

116 1894 135 1925 3
157 1895 242 1926 tanti
254 1894 362 1936 ficit-re
383 1913 424 1919 -
448 1897 465 1926 5
488 1898 506 1932 †
527 1896 668 1938 afferunt
690 1913 731 1917 —

117 2066 135 2105 ξ
157 2043 191 2097 2.
212 2065 279 2097 Non
308 2065 450 2097 adducor
477 2075 654 2107 quemquam
688 2064 796 2095 bomon
822 2043 861 2086 .-
881 2074 936 2105 ριι-
981 2066 1072 2098 Cael.
1095 2066 1132 2096 61
1168 2066 1238 2096 Att.
1262 2064 1345 2096 XII.
1368 2064 1396 2102 1,
1421 2065 1449 2095 l.
1473 2065 1512 2095 23
1535 2068 1620 2096 extr.
1643 2064 1737 2095 Fam.
1767 2063 1846 2095 Vll.

74 2119 155 2148 tare.
186 2117 324 2150 Plenius
354 2117 511 2149 dixisset:
543 2127 601 2148 nou
639 2115 792 2154 adducor,
813 2118 848 2147 ut
871 2126 936 2147 cre-

74 2171 154 2210 dam,
185 2181 363 2214 quemquam
398 2190 437 2195 -
460 2173 591 2212 putare,
620 2177 657 2202 ut
690 2171 817 2211 scripsit
842 2169 935 2202 Lael.

76 2229 126 2260 59.
149 2227 280 2261 Omisso
301 2237 380 2260 vero
393 2226 543 2258 credendi
559 2226 661 2258 verbo
677 2226 825 2267 sequitur
838 2225 938 2256 modo

74 2283 120 2319 ut,
152 2281 252 2312 modo
281 2289 387 2312 accus.
420 2289 496 2310 cum
526 2278 619 2310 infin.
644 2278 722 2310 Vid.
746 2277 938 2317 Madvigius

74 2335 117 2367 ad
136 2334 213 2367 Fin.
235 2345 266 2376 p⁴
290 2334 332 2366 32
352 2343 400 2375 sq.
423 2333 542 2365 Feldh.
564 2333 708 2373 ad,Leg.
733 2332 778 2363 H.
802 2333 832 2367 3,
856 2331 886 2363 6.

118 2387 201 2418 Mihi
230 2387 315 2418 tanti
329 2386 449 2426 fuisse.
484 2386 634 2417 Kochius
655 2385 819 2417 Emendd.
844 2395 875 2426 p.
899 2384 937 2417 17

75 2451 125 2483 sq.
147 2440 188 2472 de
208 2439 242 2471 h.
263 2439 287 2470 1.
309 2438 491 2480 disputavit
515 2443 547 2470 et
573 2438 719 2470 ostendit
741 2437 937 2469 Ciceronem

75 2495 227 2527 debuisse
249 2494 390 2526 scribere
413 2492 488 2523 milei
511 2492 595 2523 tanti
613 2492 802 2532 faciendam
817 2491 935 2533 fuisse.

76 2550 152 2582 Non
189 2550 299 2591 agitur
331 2550 372 2581 de
406 2558 455 2586 80,
488 2549 578 2590 quod
605 2547 728 2585 fecerit,
758 2549 814 2580 sed
848 2549 936 2589 quod

76 2603 182 2635 facere
196 2603 348 2634 debuisse
362 2602 536 2633 videretur.
561 2601 678 2641 Itaque
690 2601 826 2632 lacunae
839 2601 935 2642 signa

75 2656 179 2698 posui.

121 2707 291 2749 Auferunt.
314 2708 390 2739 Non
411 2707 561 2738 dubitavi
585 2708 629 2738 ita
652 2707 817 2747 corrigere
833 2706 933 2737 libro-

77 2772 151 2793 rum
174 2761 368 2802 scripturam
390 2761 541 2803 afferunt.
563 2759 699 2791 Dudum
720 2759 784 2790 hoc
800 2759 834 2790 in
846 2768 935 2790 men-

77 2824 145 2849 tem
181 2820 315 2848 venerat
345 2814 508 2851 Manutio,
543 2814 600 2855 qui
631 2820 740 2845 tamen
763 2813 936 2854 vulgatam

76 2869 252 2901 lectionem
281 2877 411 2909 quoque
440 2872 525 2899 stare
555 2876 650 2907 posse
678 2866 821 2907 putabat,
855 2867 936 2897 dum

75 2922 122 2954 ita
143 2922 303 2963 explices:
333 2935 346 2947 ιι
357 2931 448 2962 spem
462 2921 512 2952 illi
527 2920 662 2961 quidem
673 2919 770 2950 Fufio
784 2919 934 2957 affemnt,

77 2975 178 3007 ituros
207 2984 242 3006 se
271 2975 311 3006 ad
340 2973 522 3010 Caesarem,
552 2977 588 3004 ut
609 2973 842 3013 deprecentur;
867 2982 934 3003 non

77 3034 187 3061 tamen
210 3029 324 3060 eunt.qq
350 3028 427 3059 Non
450 3028 557 3069 placet
578 3031 647 3058 tam
669 3032 820 3058 contorta
841 3027 934 3058 ratio.

121 3081 328 3113 Constitutum
363 3086 499 3112 vocatur
534 3079 576 3118 id,
612 3081 653 3112 de
682 3090 747 3121 quo
780 3079 937 3112 convenit

77 3135 164 3166 iuter
184 3134 345 3171 homines,
368 3139 401 3165 et
422 3137 529 3173 potest
550 3137 618 3164 tam
641 3133 822 3173 negotium,
837 3141 937 3174 quam

78 3188 189 3227 10811111
214 3194 251 3220 et
275 3192 406 3230 tempus
425 3186 572 3220 indicare
618 3186 784 3229 Exempla
805 3186 882 3219 vide
903 3196 934 3228 p.
956 3184 960 3225 j

981 2119 1011 2149 4.
1035 2118 1176 2149 Temere
1199 2117 1299 2158 igitur
1320 2116 1501 2147 institutum
1517 2116 1571 2148 vel
1589 2115 1751 2147 consilium
1769 2116 1846 2147 scri-

982 2171 1128 2202 bendum
1151 2180 1222 2202 esse
1246 2169 1418 2201 nonnullis
1441 2169 1577 2211 placuit.

1024 2225 1042 2265 5
1065 2226 1084 2255 3
1118 2223 1297 2265 Dispiceres
1319 2241 1360 2246 —
1373 2224 1508 2264 putares
1530 2240 1571 2246 —-
1587 2232 1737 2254 monere-5.
1762 2222 1846 2254 Pen-

981 2279 1059 2310 dent
1095 2278 1175 2309 haec
1214 2277 1405 2319 imperfecta
1445 2286 1462 2307 a
1494 2276 1595 2308 verbo
1621 2276 1729 2316 peliri,
1760 2278 1847 2318 quod

982 2333 1187 2364 audiendum
1215 2338 1264 2364 est
1295 2331 1329 2362 in
1365 2331 1539 2363 enuntiato
1570 2330 1776 2362 secundario.
1805 2330 1846 2362 cf.

982 2387 1094 2419 Madv.
1125 2386 1172 2418 Gr
1210 2386 1274 2418 Lat
1309 2386 1327 2424 ξ
1350 2385 1412 2416 408
1434 2385 1511 2416 adn.
1534 2386 1555 2415 4
1576 2385 1713 2426 interpr.
1739 2394 1844 2417 meae.

982 2441 1105 2472 Totum
1133 2441 1195 2472 hoc
1229 2449 1334 2481 genus
1367 2439 1546 2480 diligenter
1569 2438 1720 2469 tractavit
1743 2437 1781 2470 C.
1803 2437 1844 2470 G.

985 2493 1158 2529 Dietricus,
1187 2493 1222 2524 in
1253 2497 1393 2533 quaestt.
1423 2501 1562 2532 gramm.
1597 2491 1723 2522 eterit.
1754 2491 1845 2532 Lips.

983 2556 1011 2577 a.
1036 2546 1116 2577 1835
1140 2545 1246 2582 editis,
1270 2540 1301 2586 p.
1326 2544 1366 2575 34
1384 2553 1474 2585 seqq.

1024 2599 1078 2630 Sin
1100 2599 1213 2630 iactor.
1237 2598 1456 2630 Scribendum
1479 2602 1576 2639 puto:
1600 2597 1634 2627 Sa·
1657 2597 1792 2628 reida-ior.

1023 2654 1146 2696 Easque
1164 2656 1199 2684 ut
1233 2672 1264 2677 —
1283 2653 1412 2684 scribas.
1437 2651 1521 2684 Cum
1546 2650 1672 2684 Orellio
1695 2652 1734 2683 de
1757 2651 1843 2683 lecti-

981 2707 1055 2738 onis
1083 2707 1147 2738 fide
1177 2706 1301 2743 dubim,
1335 2711 1365 2737 et
1395 2705 1447 2737 vel
1477 2715 1553 2736 cum
1583 2714 1621 2736 80
1651 2715 1747 2746 eaque
1772 2714 1842 2735 asc.

981 2771 1064 2803 quae
1087 2762 1170 2793 mihi
1183 2761 1332 2792 facienda
1347 2761 1463 2802 putes''
1478 2760 1531 2791 vel
1546 2759 1710 2800 omniaque
1726 2759 1843 2790 melius

982 2822 1061 2857 puto

1025 2869 1044 2909 ξ
1065 2869 1096 2899 4.
1118 2867 1186 2898 Iam
1210 2870 1285 2898 ante
1308 2885 1350 2890 —
1369 2865 1492 2906 scripsi,
1515 2875 1564 2906 ep.
1589 2866 1637 2902 15,
1661 2865 1690 2895 2.

1025 2922 1043 2962 ξ
1067 2923 1096 2953 5.
1120 2921 1298 2953 Extremum
1322 2922 1378 2957 est,
1401 2919 1484 2961 quod
1514 2921 1545 2950 le
1566 2929 1648 2949 orem
1671 2929 1702 2949 o:
1730 2919 1843 2949 L'nuiu

982 2981 1140 3016 superest,
1163 2975 1253 3016 quod
1277 2982 1308 3005 te
1331 2983 1433 3006 orem.
1459 2972 1549 3014 Quod
1571 2979 1618 3004 est
1642 2983 1733 3014 pron.
1752 2972 1843 3003 relat.

982 3034 1014 3060 et
1036 3025 1268 3060 coniunctivus
1291 3028 1325 3058 iu
1349 3027 1512 3059 sententia
1547 3027 1682 3058 relativa
1712 3026 1844 3067 ponitur

981 3082 1023 3113 de
1045 3091 1137 3113 more
1160 3086 1234 3122 post
1255 3083 1313 3111 est.

1026 3133 1098 3165 Cum
1123 3133 1264 3164 Camillo.
1287 3133 1385 3165 Errat
1405 3132 1592 3165 Gronovius
1615 3131 1704 3163 hunc
1724 3140 1843 3164 vocans

982 3187 1152 3221 Ciceronis
1180 3187 1346 3220 liberum.
1379 3186 1459 3220 Sine
1480 3185 1582 3219 dubio
1605 3189 1652 3218 est
1675 3185 1765 3219 idem
1785 3184 1843 3219 ine
