2062 3565
765 130 873 173 LIB.
907 131 1002 173 XV.
1037 131 1121 174 ΕΡ.
1160 133 1230 173 13.
1792 132 1877 171 323

115 261 380 318 diligentiam.
434 264 684 315 Vettienum,
730 270 777 307 ut
824 266 980 317 scribis,
1028 273 1069 309 et
1114 266 1329 310 Faberium
1378 268 1503 309 foveo.
1555 266 1743 309 Clodium
1776 266 1877 308 nillil

115 335 284 378 arbitror
316 337 528 390 malitiose,
563 354 820 394 quamquam.
846 372 854 381 .
877 373 886 380 .
908 372 916 380 .
964 338 1041 380 Sed
1076 339 1274 395 quidquid
1309 341 1449 397 egerit,
1485 340 1534 382 de
1566 339 1751 382 libertate
1785 340 1877 381 reti-

116 410 260 463 nenda,
301 425 380 465 qua
423 417 528 454 certe
568 412 671 454 nihil
711 418 772 454 est
816 412 989 463 dulcius,
1040 412 1117 454 tibi
1159 414 1368 455 assentior.
1417 413 1532 456 Itane
1566 413 1613 454 C.
1646 413 1808 455 Annio?
1842 414 1878 453 ()

115 483 317 525 hominem
355 487 548 541 nequam!
591 485 688 541 quid
723 486 830 528 enim
864 485 998 528 dicam
1029 486 1168 529 aliud?
1201 488 1375 530 Cautum
1411 487 1676 530 Marcellum!
1711 503 1772 528 me
1806 487 1878 537 sic,

114 557 183 599 sed
217 571 298 598 11011
331 561 467 599 tamen
511 559 803 601 cautissimum.
840 563 881 602 4.
915 560 1109 615 Lougiori
1141 562 1333 617 epistolae
1365 562 1642 618 superiorique
1676 560 1878 617 respondi.
1920 578 1934 602 5

113 629 238 672 Nsunc
272 629 443 672 breviori
474 632 732 688 propiorique
766 633 864 688 quid
892 634 1154 689 respondeam
1188 635 1267 677 11181
1301 651 1387 677 cam
1421 636 1543 678 fuisse
1579 635 1880 676 dulcissimam?

116 703 194 744 Res
227 702 518 759 Hispanienses
553 705 666 747 valde
701 705 844 748 bonae.
880 706 1003 748 Modo
1037 706 1256 749 Balbilium
1291 709 1533 750 incolumem
1558 708 1727 758 videam,
1753 707 1880 749 subsi-

115 776 227 818 dium
272 781 429 818 nostrae
463 779 697 820 senectutis.
743 780 803 821 De
839 781 1028 822 Anniano
1062 781 1173 832 item,
1208 782 1314 837 quod
1347 798 1410 825 me
1445 782 1559 824 valde
1592 782 1778 824 observat
1818 783 1882 823 Vi-

117 850 242 892 sellia.
288 850 367 892 Sed
401 851 500 893 haec
532 852 695 907 quidem
730 853 921 895 humana.
968 854 1027 895 De
1061 855 1187 896 Bruto
1221 860 1259 897 te
1293 856 1396 898 nihil
1430 858 1529 899 scire
1563 857 1678 908 dicis,
1713 857 1781 898 sed
1816 858 1883 898 Se-

115 925 208 966 licia
241 924 395 967 venisse
430 925 489 967 M.
525 927 746 982 Scaptium,
781 943 953 983 eumque
987 929 1116 971 †,n0n
1151 945 1229 984 qua
1263 946 1421 987 pompa,
1457 932 1506 972 ad
1540 947 1580 973 80
1614 936 1748 972 tamen
1782 929 1880 970 clam
1905 944 1938 969 10

117 1003 330 1040 venturum
364 999 640 1056 sciturumque
673 1016 735 1043 me
769 1002 925 1043 omnia:
961 1017 1062 1056 quae
1095 1018 1168 1058 ego
1202 1004 1352 1045 statim.
1387 1005 1546 1047 Interea
1579 1009 1713 1046 narrat
1746 1004 1883 1046 eadem

119 1072 233 1113 Bassi
266 1086 423 1114 servum
457 1074 626 1125 venisse,
667 1075 738 1129 qui
769 1075 977 1117 nuntiaret
1020 1076 1197 1131 legiones
1232 1078 1524 1120 Alexandrinas
1557 1080 1600 1120 in
1633 1079 1752 1120 armis
1785 1095 1883 1129 esse,

118 1146 284 1187 Bassum
328 1146 486 1197 arcessi,
536 1146 721 1189 Cassium
764 1149 999 1204 exspectari.
1041 1148 1153 1195 Quid
1200 1152 1388 1206 quaeris?
1423 1151 1595 1193 Videtur
1628 1167 1689 1192 res
1723 1150 1885 1206 publica

117 1219 181 1260 ius
226 1234 344 1261 suum
383 1225 679 1276 recuperatur-a.
729 1221 807 1263 Sed
851 1237 901 1263 110
947 1222 1043 1278 quid
1081 1229 1187 1265 ante.
1230 1225 1350 1266 Nosti
1385 1224 1524 1266 horum
1560 1225 1883 1266 exercitationem

157 1392 176 1423 2
197 1402 394 1434 quamquam·
415 1392 479 1424 Sed
499 1391 576 1434 quid
596 1393 708 1435 eqerit.
731 1393 781 1425 De
804 1394 954 1426 libertate
976 1414 1018 1419 -

116 1552 189 1574 rum
218 1549 355 1575 conatus
389 1554 589 1585 cognoscere
619 1546 697 1578 licet
725 1556 768 1578 ex
806 1546 910 1578 Orell.
947 1547 978 1580 Ι.

117 1597 262 1639 Egregia
287 1603 345 1630 .est
372 1599 530 1632 Lambini
560 1601 742 1632 restitutio:
765 1620 808 1627 —
828 1602 874 1632 sic
902 1602 983 1633 enim

117 1651 215 1683 mavis
237 1662 283 1683 me
305 1652 411 1684 dicere
432 1671 469 1677 —-
496 1656 530 1684 tu
552 1664 625 1686 vero
638 1654 754 1695 fecisti
776 1665 822 1686 me
845 1655 983 1687 alacrio-

118 1715 181 1736 rem
188 1718 199 1741 ;
223 1706 280 1736 sed
303 1705 389 1736 iusto
411 1707 567 1738 audacior
590 1707 624 1738 in
644 1708 754 1739 verbis
766 1712 982 1749 transponen-

118 1759 179 1791 dis.
215 1759 325 1800 Magis
347 1760 451 1800 probo
476 1761 559 1792 Aus.
581 1761 729 1802 Popmae
752 1762 914 1794 leniorem
935 1773 983 1794 ra-

117 1813 262 1845 tionem:
295 1832 338 1837 —
359 1813 406 1845 sic
427 1814 507 1846 enim
529 1815 627 1846 mavis
649 1835 691 1840 —
712 1815 758 1846 ad
777 1816 983 1855 scribendum,

117 1865 173 1897 tibi
194 1876 266 1897 vere
287 1866 366 1904 dieo,
388 1878 426 1898 ea
448 1878 484 1898 re
497 1868 614 1908 fecisti
631 1879 677 1900 me
696 1869 894 1902 alacriorem.
917 1870 983 1902 Pro

117 1929 155 1950 ea
180 1929 216 1949 re
245 1927 354 1960 posset
383 1930 514 1961 quoque
543 1922 660 1962 reponi
693 1924 787 1953 certe.
831 1923 984 1955 Mosei-us

119 1972 262 2014 denique
286 1972 404 2014 Symb.
429 1973 509 2006 Crit.
544 1975 625 2006 VII.
654 1986 685 2017 p.
713 1975 731 2008 7
760 1976 919 2008 coniecit:
943 1996 984 2001 —

117 2025 164 2057 sie
202 2026 282 2057 enim
316 2037 362 2058 me
389 2028 489 2059 mavis
521 2028 627 2060 dicere
648 2048 689 2053 -—
710 2029 755 2060 ad
787 2030 982 2063 scribendum

117 2079 174 2110 tibi
195 2090 268 2111 vere
279 2080 396 2121 jecisti
429 2092 475 2113 me
508 2083 708 2115 alacriorem.
743 2083 818 2115 Hoc
850 2094 982 2126 quoque

117 2142 184 2164 non
207 2133 368 2175 displicet.

161 2184 310 2218 Clodium.
332 2187 456 2218 Utrum
479 2188 578 2225 dicat,
597 2188 637 2220 L.
653 2187 809 2221 Clodium
823 2190 880 2231 qui
894 2200 982 2222 anno

118 2249 185 2282 seq.
208 2241 360 2273 tribunus
385 2242 456 2280 fuit,
490 2253 532 2274 an
563 2242 597 2274 S.
641 2243 806 2283 Clodium,
836 2255 980 2286 quocum

121 2305 178 2336 per
203 2296 392 2328 Antonium
413 2297 449 2328 in
473 2297 613 2338 gratiam
637 2298 779 2330 redierat
803 2298 916 2337 (XIV.
942 2300 981 2330 13

119 2349 152 2380 A
176 2354 208 2381 et
230 2350 286 2388 Β),
310 2359 378 2381 11011
402 2355 540 2382 constat.

160 2400 230 2440 Sed,
252 2402 404 2444 quidquid
425 2404 532 2444 eqerit,
549 2403 587 2434 de
599 2404 747 2436 libertate
760 2405 979 2437 retinenda—

118 2457 175 2489 tibi
204 2458 370 2489 assentior.
413 2459 507 2490 Haec
538 2459 703 2492 debentur
736 2461 979 2503 Peerlkampio.

122 2510 236 2551 Vulgo
274 2511 346 2543 sine
377 2512 557 2543 sententia:
595 2511 658 2544 Sed
683 2513 759 2554 quid
789 2514 897 2554 eqerit.
932 2514 980 2546 De

118 2562 267 2594 libertate
288 2570 349 2595 cet.
372 2569 429 2596 aut
462 2573 506 2595 ex
542 2565 798 2606 interpolatione
824 2566 980 2598 editionis

118 2617 355 2649 Iensoniana-e:
385 2617 523 2650 Scelesta
554 2619 675 2660 quidem
706 2620 815 2661 eyerit,
839 2622 927 2661 quod
949 2626 981 2652 et

119 2671 228 2711 ipsum
249 2671 427 2702 obscurum
449 2672 509 2702 est.

163 2723 258 2756 Itane
272 2724 348 2756 Caio
359 2725 465 2756 Annio
474 2725 494 2756 ,Ρ
516 2725 621 2757 Bonis
637 2728 839 2767 argumentis
851 2728 980 2759 Husch-

121 2777 196 2808 kius
218 2777 365 2809 defendit
385 2778 475 2809 hunc
490 2787 560 2810 esse
575 2777 614 2810 C.
630 2778 784 2811 Annium
798 2778 980 2811 Cimbrum.

122 2831 198 2862 Vid.
228 2832 339 2863 adnot.
369 2830 488 2864 Orellii
515 2832 550 2863 in
581 2833 658 2864 edit.
689 2833 807 2874 priore.
843 2832 982 2866 Codices

121 2883 296 2915 exhibent:
343 2883 438 2915 Gallo
460 2884 588 2922 Aninio,
613 2885 726 2923 Annio,
749 2886 863 2917 animo.
893 2886 982 2918 Dati-

123 2947 183 2969 vus
216 2947 260 2969 ex
291 2948 356 2979 quo
390 2939 491 2970 verbo
522 2939 644 2970 omisso
672 2941 822 2980 pendeat,
855 2941 983 2981 ignora-

122 3000 206 3022 mus.
243 2990 339 3030 Quae
361 3001 462 3032 seqq„
485 2992 606 3023 iterum
641 2992 799 3033 leguntur
828 2994 864 3024 in
895 2993 983 3025 Phil-

122 3043 170 3075 11.
193 3043 242 3081 77,
263 3049 297 3075 et
317 3044 372 3075 hic
395 3053 527 3085 quoque
550 3045 591 3075 ad
620 3045 669 3076 M.
694 3045 895 3084 Antonium,
924 3046 982 3087 qui

125 3096 162 3129 C.
184 3097 301 3129 Annio
315 3098 538 3136 minitabatur,
550 3098 704 3130 videntur
716 3109 786 3131 esse
800 3099 981 3131 referenda.

168 3150 298 3183 Gaulum
322 3151 510 3184 Marcellum
522 3153 533 3180 .'
569 3162 614 3182 me
636 3152 691 3190 sie,
715 3153 772 3184 sed
794 3164 853 3184 non
877 3155 979 3184 tamen

1029 1545 1251 1578 cautissimum.
1289 1546 1325 1578 C.
1348 1547 1528 1579 Marcellus
1550 1548 1678 1579 videtur
1699 1548 1825 1579 cavisse
1847 1548 1888 1578 ab

1030 1600 1182 1632 Antonio
1204 1601 1387 1643 ceterisque
1410 1601 1625 1634 Caesarianis.
1652 1601 1767 1634 Cicero
1782 1611 1887 1633 senec

1030 1653 1208 1691 incautum,
1231 1664 1291 1686 nec
1321 1654 1418 1686 valde
1451 1661 1586 1686 cautum
1618 1659 1723 1686 vocat.
1759 1655 1811 1685 Sic
1841 1661 1889 1686 est

1028 1712 1178 1739 nostrum
1200 1718 1254 1738 zoo
1276 1718 1341 1747 τοο,
1361 1719 1417 1740 200
1438 1711 1510 1747 wat,
1533 1715 1569 1740 ut
1591 1709 1685 1740 Fam.
1708 1709 1787 1740 XV.
1804 1710 1888 1746 2152

1028 1760 1088 1792 illa
1110 1760 1177 1792 sive
1191 1761 1307 1802 ficeta
1330 1764 1415 1801 sunt,
1436 1762 1502 1793 sive
1536 1763 1593 1800 sic,
1616 1764 1707 1805 fiunt
1735 1764 1889 1793 narrante

1029 1816 1061 1845 te
1081 1815 1312 1847 venustissima.

1072 1868 1142 1908 §4-
1165 1867 1347 1899 Balbilium.
1377 1868 1510 1900 Nomen
1538 1869 1687 1907 alicuius,
1720 1870 1778 1911 qui
1807 1869 1891 1900 mili-

1030 1922 1119 1953 tabat
1140 1922 1175 1952 in
1198 1921 1363 1963 Hispania
1384 1922 1447 1954 sub
1470 1922 1504 1954 S.
1527 1922 1697 1964 Pompeio,
1721 1924 1808 1964 quod
1820 1935 1890 1965 pro-

1030 1974 1115 2006 fecto
1138 1985 1205 2006 non
1229 1975 1315 2006 cadit
1339 1975 1374 2007 in
1409 1976 1555 2007 Balbum
1585 1976 1759 2014 minorem,
1791 1987 1889 2018 quem

1029 2029 1238 2069 Mongaltius
1261 2029 1316 2060 hic
1338 2030 1509 2070 designari
1531 2030 1676 2070 putabat.

1070 2083 1118 2114 De
1149 2083 1298 2114 Anniano
1329 2084 1412 2122 item,
1442 2089 1502 2116 cet.
1536 2084 1687 2116 Dubium
1717 2090 1773 2122 est,
1805 2086 1890 2117 sitne

1029 2147 1151 2168 nomen
1185 2137 1341 2175 hominis,
1371 2138 1425 2169 cui
1448 2137 1532 2169 bene
1565 2138 1717 2179 cupiebat
1745 2139 1787 2169 ob
1820 2140 1889 2170 eius

1028 2199 1167 2222 uxorem
1198 2190 1386 2228 Viselliam,
1422 2195 1458 2222 ut
1488 2192 1673 2233 suspicatur
1702 2191 1890 2230 Schutzius‚

1027 2253 1070 2274 an
1092 2243 1220 2284 praedii
1243 2244 1392 2282 Milonis,
1417 2245 1505 2285 quod
1526 2245 1672 2277 malebat
1695 2244 1840 2278 Orellius
1855 2246 1888 2276 in

1027 2296 1146 2328 Onom.
1169 2297 1250 2328 Tull
1284 2308 1315 2339 p.
1338 2297 1388 2330 37.
1424 2298 1520 2330 Idem
1554 2299 1589 2330 in
1613 2299 1689 2330 edit.
1713 2309 1775 2331 sec.
1808 2310 1890 2330 mar-

1027 2351 1104 2392 gine
1127 2351 1269 2392 scripsit:
1296 2367 1309 2377 ιι
1320 2352 1455 2383 Malim:
1481 2352 1531 2383 De
1553 2353 1702 2384 Anniano
1713 2353 1793 2384 idem
1809 2355 1892 2395 qvod

1026 2406 1072 2436 tu.
1093 2404 1147 2434 Me
1171 2404 1264 2436 valde
1290 2405 1434 2436 observat
1466 2404 1611 2436 Visellia.
1634 2405 1701 2438 Sed
1721 2407 1800 2437 haec
1821 2408 1889 2448 qui-

1026 2458 1094 2489 dem
1117 2459 1251 2490 humane
1274 2459 1357 2498 (non
1370 2459 1518 2496 moleste,
1533 2465 1571 2490 ut
1586 2469 1615 2490 v.
1630 2469 1657 2490 0.
1677 2458 1888 2499 Οο01·01110).”“

1068 2511 1195 2544 Selicia.
1228 2513 1368 2553 Ignotae
1405 2513 1554 2544 mulieris
1585 2513 1712 2545 nomini
1749 2514 1890 2546 libenter

1027 2576 1102 2597 cum
1125 2566 1272 2598 Cori-ado
1294 2573 1326 2598 et
1348 2567 1506 2598 Manutio
1529 2568 1753 2599 substituer-im
1785 2568 1889 2600 Servi-

1026 2619 1112 2657 liam,
1135 2620 1218 2651 sicut
1239 2621 1273 2651 in
1296 2620 1406 2651 verbis
1428 2631 1489 2651 non
1514 2631 1574 2662 qua
1591 2631 1714 2661 pompa,
1738 2631 1755 2652 0
1770 2621 1888 2662 quibus

1026 2674 1147 2705 frustra
1168 2675 1314 2715 aliquam
1340 2675 1540 2706 sententiam
1574 2676 1693 2706 elicere
1727 2680 1888 2707 conantur

1027 2728 1231 2768 interpretes,
1255 2728 1356 2759 latere
1379 2728 1526 2769 suspicor
1549 2738 1631 2758 nunc
1647 2727 1692 2759 ad
1701 2728 1887 2769 Pompeium.

1027 2781 1080 2811 Ita
1108 2781 1221 2812 omnia
1258 2781 1339 2813 bene
1376 2782 1568 2822 procedunt.
1612 2782 1660 2813 M.
1689 2781 1839 2822 Scaptius
1869 2792 1885 2812 a

1028 2836 1135 2867 Bruto
1158 2845 1201 2868 ex
1222 2836 1306 2868 Asia
1335 2838 1376 2867 ad
1406 2836 1486 2868 Sex.
1519 2836 1714 2877 Pompeium
1744 2837 1777 2867 in
1808 2836 1885 2867 His-

1029 2890 1161 2930 paniam
1183 2890 1303 2921 missus
1327 2891 1360 2921 in
1384 2890 1501 2921 itinere
1525 2890 1672 2921 Puteolis
1696 2890 1747 2920 vel
1771 2890 1804 2920 in
1828 2890 1886 2920 illo

1029 2947 1134 2973 tractu
1149 2941 1326 2974 Serviliam
1344 2943 1443 2973 Bruti
1455 2948 1593 2974 matrem
1606 2942 1782 2972 convenire
1800 2951 1884 2973 euin-

1030 3005 1095 3036 que
1115 2997 1155 3028 de
1177 2997 1239 3028 filii
1261 2996 1358 3027 rebus
1380 2996 1553 3027 certiorem
1575 2996 1679 3026 facere
1702 3000 1838 3035 poterat.

1073 3048 1204 3080 Bassum
1226 3048 1344 3079 arcessi
1379 3062 1393 3074 υ
1405 3048 1447 3078 ab
1476 3048 1543 3078 illis
1573 3047 1769 3088 legionibus,
1802 3057 1883 3088 quac

1029 3101 1059 3132 ei
1080 3102 1208 3132 tradere
1230 3111 1265 3132 se
1287 3100 1448 3131 vellent.'“
1471 3100 1598 3131 Manut.

1069 3153 1116 3184 Ne
1137 3153 1213 3194 quid
1232 3155 1307 3183 ante
1328 3162 1371 3183 sc.
1395 3152 1526 3188 accidat,
1550 3152 1658 3182 timeo.

1612 3206 1697 3246 21*
