2062 3565
675 133 782 175 ΠΒ.
817 127 939 176 XIII.
974 133 1058 175 ΕΡ.
1095 135 1297 174 39-41,
1781 135 1864 174 :255

99 270 176 314 Sed
208 269 307 325 quid
340 269 488 312 faciat?
522 269 629 312 fflud
663 271 836 326 optime:
877 270 979 322 Used
1012 284 1061 311 ne
1094 270 1128 311 is
1162 268 1338 324 quidem,
1373 269 1443 325 qui
1477 268 1659 311 omnium
1691 267 1862 322 flagitio-

100 359 187 386 rum
220 347 372 394 auctor,
409 343 508 386 bene
543 343 591 385 de
626 343 808 385 nostr0.'’
849 346 906 385 At
936 358 1009 398 ego
1043 342 1220 393 verebar,
1253 357 1302 384 ne
1336 342 1457 384 etiam
1495 342 1645 383 Brutus
1679 356 1771 383 eum
1809 340 1869 382 di-

100 418 254 474 ligeret.
302 417 367 459 Ita
400 417 507 458 enim
542 418 787 473 significarat
818 418 869 459 iis
900 417 1042 467 literis,
1076 432 1174 472 quas
1207 415 1257 457 ad
1292 431 1374 457 me:
1418 418 1507 467 nAt
1540 415 1679 457 vellem
1714 414 1866 470 aliquid

101 491 353 546 degustasses
386 490 435 532 de
468 489 661 532 fabulis.''
695 491 773 533 Sed
807 506 953 541 coram,
988 497 1035 531 ut
1067 488 1223 531 scribis.
1260 492 1300 530 2.
1335 490 1425 532 Etsi
1457 489 1555 545 quid
1595 487 1695 530 mihi
1728 493 1868 530 auctor

100 565 171 606 es?
205 563 398 606 advolone
432 579 483 606 an
516 565 688 606 maneo?
737 564 936 619 Equidem
969 568 1009 604 et
1041 563 1083 604 in
1114 562 1227 604 libris
1261 562 1403 603 haereo
1445 568 1485 604 et
1515 562 1630 604 illum
1664 562 1730 604 1110
1764 563 1867 604 exci-

101 648 192 694 pere
234 637 341 688 nolo,
383 637 433 678 ad
477 652 611 692 quem,
659 642 705 678 ut
737 637 871 687 audio,
907 643 1018 692 pater
1051 635 1169 677 hodie
1203 635 1253 677 ad
1287 637 1390 678 Saxa
1424 638 1663 679 Acronoma.
1717 637 1867 679 Mirum

103 726 223 767 quam
254 711 444 753 inimicus
477 710 576 761 ibat,
612 716 657 752 ut
689 725 762 766 ego
795 710 1061 765 obiurgarem.
1096 709 1174 751 Sed
1209 724 1280 764 ego
1314 709 1398 765 ipse
1432 712 1732 766 κεπφοῦμαι.
1788 710 1869 752 Ita-

104 801 180 842 que
221 785 388 842 posthac
430 790 477 826 tu
519 790 655 826 tamen
699 784 789 826 vide
839 784 935 839 quid
986 783 1034 824 dc
1068 782 1244 824 adventu
1278 798 1364 823 meo
1399 798 1573 836 censeas,
1607 789 1649 826 et
1681 781 1744 826 ’τά
1776 780 1868 826 ὅλα

103 875 190 902 cras
222 861 256 902 si
289 859 461 915 perspici
493 860 713 915 potuerint,
749 874 864 900 mane
895 858 1031 900 statim
1066 862 1112 898 ut
1145 857 1281 898 sciam.

145 1039 164 1069 3
186 1036 237 1076 iis,
269 1047 347 1079 quas
370 1055 408 1060 —
432 1037 453 1066 4
474 1035 659 1076 degam-tasse
680 1052 720 1057 —
743 1033 784 1064 mi
807 1050 848 1055 —
873 1033 890 1065 7
915 1030 1146 1077 κεκέπφωμαι.
1170 1030 1284 1072 Itaque
1303 1031 1443 1071 posthac.
1475 1030 1518 1061 Tu
1541 1050 1582 1055 —-

104 1208 202 1239 nonis
223 1207 429 1239 mentionem
459 1206 583 1243 iniecit,
614 1205 784 1246 multoque
814 1203 964 1245 probabi-

106 1263 171 1295 lius
193 1268 243 1295 est
265 1268 441 1294 stemmata
464 1261 574 1302 gentis
597 1259 760 1292 Serviliae
782 1265 816 1291 et
845 1259 965 1290 Iuniae

105 1319 191 1360 apud
214 1319 369 1355 Brutum,
392 1327 492 1358 quam
515 1317 603 1358 apud
624 1315 786 1353 Atticum,
815 1314 916 1346 fuisse
947 1324 965 1345 a

107 1371 270 1404 Cicerone
293 1372 373 1403 visa.

147 1424 215 1458 Sed
235 1424 312 1467 quid
322 1423 463 1464 faciat?
503 1423 636 1462 nQuam
658 1422 713 1453 hic
741 1423 887 1462 degener
916 1425 966 1452 est

105 1488 124 1509 a
145 1478 342 1509 maioribus}
379 1476 447 1509 Sed
469 1487 529 1508 nos
551 1476 657 1517 iniqui
680 1476 714 1506 in
738 1475 881 1507 Brutum
910 1484 961 1505 su-

106 1542 189 1563 mus.
212 1531 304 1571 Quid
325 1531 416 1563 enim
437 1531 535 1562 faciat
555 1539 641 1562 unus
663 1529 818 1561 omnibus
841 1528 964 1560 servire

107 1586 227 1628 paratis
250 1592 292 1624 et¹
305 1585 524 1617 servientibus
534 1583 573 1614 ?''
595 1583 742 1615 Gronov.

149 1639 241 1672 [llud
261 1640 374 1682 optime
396 1650 440 1671 sc.
458 1639 584 1671 scribis.
610 1637 749 1669 Omnium
763 1637 964 1678 flaqitz'orum

107 1697 264 1727 auctorem
289 1705 356 1726 non
376 1694 440 1726 dici
455 1693 640 1731 Caesarem,
659 1693 717 1724 sed
731 1692 890 1729 Hirtium,
907 1691 966 1732 qui

109 1749 152 1788 Q.
173 1749 244 1781 filio
266 1749 392 1780 aditum
417 1749 457 1779 ad
480 1748 655 1780 Caesarem
677 1747 806 1788 aperuit
822 1747 904 1787 (vid.
920 1745 965 1776 X.

107 1805 137 1840 4,
162 1803 209 1834 ll.
232 1802 296 1834 XI.
319 1803 367 1839 20,
392 1803 436 1839 1),
460 1802 631 1833 Manutius
657 1801 738 1832 bene
762 1799 901 1832 monuit.

150 1856 197 1889 Iis
217 1856 330 1888 literis.
355 1855 478 1897 Scripsi
500 1866 543 1888 ex
564 1855 726 1887 Mediceo.

150 1915 192 1944 At
225 1914 333 1945 vellem
370 1913 494 1954 aliquid
528 1914 726 1953 dequstasses
765 1911 804 1943 de
828 1911 965 1952 fabulis.

109 1966 195 1999 Sunt
217 1968 317 1999 verba
339 1977 356 1998 e
381 1967 499 2006 Quinti
521 1966 582 1997 filii
604 1966 751 2007 epistola,
775 1966 894 2006 quibus
911 1974 965 2005 pa-

109 2028 183 2053 truo
206 2022 373 2053 in.licabat
394 2031 428 2052 se
450 2021 594 2052 iucunde
616 2026 648 2051 et
669 2020 876 2051 familiariter
890 2029 966 2050 cum

1014 1206 1096 1233 teste
1118 1201 1296 1234 Lambino.
1326 1202 1458 1233 Nomen
1482 1203 1580 1243 plane
1603 1203 1765 1244 ignotum.
1808 1204 1871 1237 Re-

1013 1258 1155 1299 quiritur
1177 1268 1298 1289 nomen
1333 1258 1398 1290 loci
1426 1268 1525 1300 prope
1553 1259 1703 1291 Romam.
1744 1260 1870 1301 Aptum

1013 1315 1062 1342 est
1087 1310 1179 1341 Sara
1203 1311 1309 1349 rubra,
1333 1312 1420 1353 quod
1442 1312 1476 1343 in
1500 1313 1603 1344 veteri
1626 1312 1796 1345 itinerario
1816 1312 1871 1345 IX

1014 1365 1108 1396 milia
1129 1375 1284 1406 passuum
1307 1367 1348 1397 ab
1372 1367 1454 1398 urbe
1476 1367 1588 1398 abesse
1611 1368 1652 1398 ad
1676 1367 1765 1399 viam
1797 1367 1871 1399 Fla-

1013 1418 1154 1450 miniam
1177 1419 1326 1450 traditur.
1349 1419 1390 1450 cf.
1413 1419 1527 1450 Fortia
1549 1420 1709 1458 d'Urban,
1734 1420 1870 1453 Reeueil

1013 1472 1070 1503 des
1094 1472 1278 1503 itineraires
1300 1472 1444 1510 ariciens,
1468 1483 1498 1514 p.
1523 1473 1593 1504 193.

1053 1525 1254 1570 Κεπφοῦμαι
1277 1534 1312 1556 o:
1335 1525 1460 1556 incerto
1483 1525 1594 1556 animo
1613 1535 1696 1557 sum.
1721 1527 1870 1558 Verbum

1013 1582 1182 1613 derivatur
1203 1592 1222 1613 a
1254 1580 1390 1627 κέπφος,
1415 1582 1503 1622 quod
1526 1586 1574 1614 est
1597 1592 1718 1615 nomen
1751 1584 1821 1615 avis
1854 1593 1871 1615 e

1013 1647 1205 1679 mergorum
1227 1647 1358 1679 genere,
1381 1644 1414 1670 et
1434 1638 1591 1670 translate
1614 1639 1740 1672 indicat
1767 1640 1872 1672 homi-

1014 1701 1092 1723 nem
1120 1692 1228 1723 levem
1262 1696 1294 1723 et
1324 1688 1570 1737 εὐμετάβολον.
1615 1693 1682 1724 vid.
1704 1693 1872 1724 Hemster-

1014 1747 1102 1780 husii
1130 1749 1207 1779 adn.
1237 1749 1279 1779 ad
1305 1748 1476 1789 Aristoph.
1506 1748 1654 1786 Plutum,
1687 1748 1747 1779 913
1777 1754 1809 1780 et
1831 1749 1871 1780 ad

1014 1799 1126 1832 Schol.
1148 1801 1190 1832 ad
1210 1810 1286 1832 eum
1299 1801 1419 1833 locum.
1443 1802 1565 1843 Aptius
1577 1808 1627 1833 est
1639 1811 1792 1842 praesens
1803 1811 1872 1843 per-

1015 1854 1110 1892 fecto,
1133 1856 1222 1896 quod
1244 1854 1389 1887 Orellius
1410 1856 1542 1896 recepit.
1565 1856 1659 1887 Libri
1670 1856 1783 1896 scripti
1792 1856 1874 1886 dant

1016 1917 1208 1951 κεπφωμαι.

1057 1965 1172 2007 Itaque
1194 1966 1330 2006 posthac
1360 1969 1394 1996 tu
1429 1968 1534 1997 tamen
1563 1966 1632 1997 vide
1663 1972 1723 1997 cet.
1762 1966 1874 2006 Vulgo

1009 2020 1146 2061 posthac
1167 2026 1290 2061 puncto
1312 2031 1331 2051 a
1352 2030 1443 2062 seqq.
1478 2027 1653 2052 secernunt
1675 2028 1705 2052 et
1728 2027 1873 2052 statuunt

110 2077 215 2108 Bruto
226 2076 343 2108 vixise.
368 2074 578 2117 Dequstasses
593 2080 642 2106 est
654 2084 672 2106 e
690 2074 874 2106 necessaria
886 2073 965 2105 Gro-
1016 2074 1226 2105 durissimam
1248 2074 1462 2106 omissionem
1484 2074 1588 2106 hanc:
1611 2074 1725 2116 Itaque
1739 2074 1874 2114 posthac

110 2130 201 2161 novii
223 2129 432 2161 correctione.
457 2128 553 2159 Libri
574 2129 654 2158 dant
674 2128 868 2168 dequstasse.

151 2184 170 2223 ξ
193 2183 223 2214 2.
244 2181 407 2214 Advolone
428 2183 463 2213 in
486 2182 611 2218 urbem,
636 2193 677 2212 an
702 2192 812 2212 maneo
834 2182 869 2212 in
901 2181 965 2212 Tu-

111 2237 260 2269 sculano.

154 2291 206 2323 Ad
226 2290 312 2322 Saxa
335 2291 519 2322 Aaronom.
545 2292 596 2322 lta
619 2291 774 2332 scriptum
797 2296 866 2322 erat
881 2290 915 2322 in
929 2290 964 2321 Z.

706 2433 818 2475 rm.
885 2436 949 2487 (A.

1016 2138 1084 2159 non
1107 2128 1291 2169 obiurgabo
1305 2129 1442 2170 (Man),
1459 2129 1543 2160 nihil
1560 2125 1611 2160 illi
1621 2130 1728 2160 dicam
1744 2128 1874 2169 (Corn),

1016 2182 1131 2212 tacebo
1153 2191 1214 2213 nec
1236 2190 1289 2213 me
1300 2182 1495 2213 immiscebo
1506 2181 1648 2224 (Gron.).
1674 2181 1806 2223 Optime
1817 2181 1876 2212 illa

1015 2245 1091 2267 cum
1114 2245 1205 2277 seqq.
1229 2236 1490 2277 coniunguntur.
1512 2236 1578 2268 Pro
1601 2247 1690 2267 mane
1711 2234 1817 2266 statim
1842 2238 1875 2266 u!

1013 2289 1110 2321 sciam
1132 2290 1263 2321 videtur
1283 2290 1493 2322 scribendum
1505 2300 1592 2322 mone
1602 2292 1710 2322 statim
1723 2292 1757 2321 ut
1768 2290 1874 2322 sciam.

992 2439 1037 2479 U.
1075 2437 1118 2480 c.
1158 2439 1274 2492 709.)

178 2575 216 2614 1.
257 2573 345 2628 Ego
379 2588 469 2614 vero
502 2572 655 2624 Quinto
689 2574 895 2630 epistolam
930 2576 978 2618 ad
1013 2592 1185 2619 sororem
1220 2577 1324 2618 misi.
1372 2577 1509 2629 Quum
1542 2576 1609 2617 ille
1643 2581 1874 2632 quereretur

113 2646 194 2688 fih'o
242 2661 333 2687 cum
380 2651 504 2687 matre
539 2646 687 2688 bellum
719 2653 759 2690 et
791 2664 831 2690 se
865 2649 915 2690 ob
949 2665 1035 2691 eam
1069 2666 1229 2692 causam
1259 2651 1377 2692 domo
1411 2666 1614 2692 cessurum
1649 2649 1729 2690 filio
1764 2648 1871 2689 dic-e-

113 2725 187 2771 ret,
232 2719 316 2762 dixi
358 2719 472 2761 illum
516 2719 743 2762 commodas
777 2721 827 2762 ad
862 2727 1028 2764 matrem
1061 2723 1212 2775 literas,
1246 2724 1295 2765 ad
1331 2729 1370 2765 te
1402 2723 1547 2765 nullas.
1597 2722 1671 2764 Hle
1704 2722 1873 2763 alterum

114 2792 359 2843 mirabatur;
405 2792 453 2834 de
500 2799 540 2834 te
582 2798 716 2834 autem
765 2809 877 2836 suam
923 2796 1096 2852 culpam,
1147 2797 1252 2853 quod
1299 2812 1414 2852 saepe
1458 2797 1630 2851 graviter
1664 2796 1711 2838 ad
1747 2795 1871 2836 filium
1914 2808 1923 2813 ·

158 2985 177 3026 ἓ
199 2985 228 3016 1.
253 2984 316 3026 Ιζῃο
337 3004 378 3010 -
399 2985 479 3016 misi.
512 3000 524 3011 υ
536 2984 663 3024 Quinto
685 2985 777 3017 fratri
799 2986 971 3027 epistolam
989 2994 992 3004 ·
1059 2986 1236 3018 Commodus
1249 2986 1295 3017 ad
1306 2988 1433 3017 matrem
1447 2986 1569 3017 liceras.
1590 2984 1654 3016 Eas
1666 2983 1745 3014 dicit
1757 2982 1871 3023 plenas

116 3037 193 3069 misi
225 3048 245 3070 a
274 3043 306 3071 te
335 3039 489 3080 scriptam
516 3039 557 3068 ad
585 3047 739 3076 sororem,
770 3043 807 3070 ut
835 3039 970 3077 videret,
1014 3039 1154 3081 pietatis,
1177 3049 1228 3081 ep.
1250 3039 1302 3076 39,
1325 3039 1354 3069 1.

117 3092 198 3133 quid
219 3093 412 3125 scriberes.''
434 3093 526 3124 Man.
1055 3092 1150 3124 Suam
1179 3093 1299 3133 culpam
1329 3102 1373 3123 sc.
1410 3091 1541 3128 dicebat,
1570 3090 1656 3131 quod
1685 3089 1822 3121 verbum
1853 3099 1870 3120 e

158 3144 253 3178 Filio.
274 3146 414 3178 nativus
436 3146 556 3187 pendet
578 3147 620 3178 ab
641 3148 761 3179 omisso
784 3148 885 3180 verbo
896 3157 971 3180 esse.
1016 3157 1207 3188 praegresso
1230 3146 1406 3178 mirabatur
1427 3146 1480 3176 hic
1503 3144 1735 3176 assumendum
1759 3149 1817 3174 est.
