2062 3565
207 158 290 197 132
610 158 694 198 ΕΡ.
730 157 805 197 ΑΙ)
839 157 884 196 T.
920 154 1271 196 POMPONIUM
1304 154 1570 196 ATTICUM.

205 292 311 347 apud
357 292 442 332 1108.
493 292 635 332 Cetera
678 289 806 330 Celer.
851 289 943 343 Ipse
977 288 1063 342 fugi
1095 289 1227 329 adhuc
1261 304 1378 330 omne
1412 303 1574 339 munus,
1608 304 1654 330 eo
1687 290 1828 344 magis,
1865 290 1972 344 quod

203 366 261 406 ita
303 365 406 405 1111111
450 369 606 420 poterat
650 363 729 417 agi,
775 366 823 402 ut
866 360 966 402 mihi
1008 366 1049 402 et
1091 362 1190 402 meis
1223 360 1344 403 rebus
1377 366 1514 416 aptum
1548 367 1665 403 esset.
1702 365 1742 403 2.
1777 361 1888 413 Quid
1922 362 1975 404 sit

205 443 357 492 gestum
394 438 501 488 novi,
537 436 717 492 quaeris:
753 451 800 476 ex
834 435 990 476 Isidoro
1025 434 1124 475 scire
1158 434 1321 489 poteris.
1356 433 1529 490 Reliqua
1560 450 1643 476 non
1674 435 1865 476 videntur
1887 450 1972 477 esse

205 510 442 551 difficiliora.
490 510 552 550 Tu
595 509 638 550 id
682 508 816 559 velim,
862 506 970 562 quod
1011 507 1088 547 scis
1121 522 1183 547 me
1217 507 1390 548 maxime
1422 507 1537 557 velle,
1572 522 1700 558 cures,
1734 512 1782 548 ut
1815 506 1971 560 scribis,
2015 500 2034 565 ⁷.

167 599 179 623 5
203 588 249 623 ut
293 582 406 622 facis.
456 581 525 623 Me
571 582 732 623 conficit
776 579 1020 630 sollicitudo,
1055 595 1103 620 ex
1136 594 1215 634 qua
1249 580 1371 621 etiam
1402 595 1558 621 summa
1588 580 1801 622 infirmitas
1835 595 1972 636 corpo·
2023 610 2026 611 γ

202 656 269 705 ris,
304 670 382 710 qua
413 655 544 696 levata
576 671 643 696 ero
676 670 757 696 una
790 669 882 695 cum
915 669 974 703 eo,
1011 654 1080 707 qui
1114 654 1323 707 negotium
1356 654 1460 708 gerit
1493 658 1634 708 estque
1651 654 1696 695 in
1720 669 1788 709 spe
1813 667 1972 708 magna.
2020 667 2039 711 2

210 730 353 769 Brutus
387 729 538 770 amicus
571 729 615 769 in
649 742 771 768 causa
804 731 984 768 versatur
1018 726 1175 766 acriter.
1211 726 1422 768 Hactenus
1456 727 1548 777 fuit,
1583 727 1691 782 quod
1725 732 1841 769 caute
1863 742 1886 768 a
1910 742 1972 769 me
2022 755 2027 757 >

204 801 324 843 ¹scribi
359 806 505 857 posset.
540 801 653 843 Vale.
688 802 748 842 De
784 800 974 856 pensione
1009 799 1146 849 altera,
1183 815 1250 841 oro
1282 806 1337 849 te,
1364 800 1481 841 omni
1516 815 1608 841 cura
1634 800 1856 851 considera,
1875 800 1973 856 quid
2022 811 2024 814 '

203 876 429 917 faciendum
463 877 529 926 sit,
564 885 611 916 ut
646 875 784 930 scripsi
820 875 869 914 iis
902 873 1044 921 literis,
1080 888 1178 928 quas
1213 873 1351 914 Pollex
1385 873 1495 915 tulit..

1114 1205 1253 1235 tantum,
1277 1204 1439 1239 quantum
1465 1197 1520 1227 alii
1556 1196 1759 1237 Pompeiani,
1792 1195 1841 1227 illi
1872 1195 1972 1227 victo-

1110 1251 1178 1282 riae
1201 1251 1364 1282 tribuisse.

1157 1308 1193 1338 Ut
1210 1309 1329 1345 scribis,
1345 1307 1486 1348 alfaei-3.
1510 1307 1646 1338 Malim:
1662 1309 1695 1337 ut
1709 1307 1822 1338 scribis
1834 1305 1972 1348 etfacis.

1154 1361 1222 1402 Qua
1245 1362 1363 1392 levata.
1396 1360 1509 1392 Potest
1531 1370 1664 1402 quoque
1687 1360 1786 1391 scribi
1807 1359 1933 1390 levatm
1954 1368 1972 1391 e

249 1202 359 1233 Cetera
386 1201 487 1233 Celer.
526 1201 612 1232 Mire
636 1200 699 1230 tmLs
722 1209 755 1229 o:
791 1199 895 1230 Attici
918 1199 1060 1239 praediis

201 1256 375 1297 Epiroticis
399 1262 614 1296 opponuntur
637 1256 753 1290 cetera,
777 1263 860 1294 quae
877 1252 975 1284 Celer
993 1259 1060 1284 tue-

201 1317 298 1340 retur.
326 1308 436 1340 Multo
462 1308 582 1339 melius
605 1307 722 1338 verba:
766 1306 877 1336 Cetera
907 1306 996 1337 Celer
1020 1306 1062 1336 ab

201 1361 266 1392 illis
299 1365 501 1401 separantur,
546 1366 580 1390 ut
615 1359 787 1391 Manutius
823 1359 946 1399 aliique
972 1358 1060 1389 vole·

200 1415 288 1451 bant,
323 1414 380 1454 qui
403 1414 574 1455 supplent:
607 1413 765 1444 narrabit.
798 1412 848 1443 De
882 1411 997 1443 Celere
1020 1410 1061 1442 cf.

199 1467 243 1497 X.
268 1467 295 1504 1,
319 1469 340 1497 4
362 1474 394 1498 et
416 1466 488 1497 XII
523 1468 541 1496 8
575 1465 642 1497 Sed
664 1465 764 1505 louge
783 1471 926 1505 praestat
949 1463 1060 1494 Cetera

198 1525 273 1562 celo,
297 1525 385 1565 quod
408 1524 580 1556 Manutius
604 1525 637 1554 111
662 1524 799 1563 antiquo
831 1523 916 1553 libro
949 1532 983 1553 se
1015 1523 1059 1552 vi-

197 1580 283 1610 ‹lisse
306 1579 455 1610 affirmat.

237 1633 254 1670 ἓ
285 1632 314 1662 2.
348 1632 448 1663 Recte
483 1631 653 1662 Manutius
698 1631 780 1661 vidit
816 1630 893 1661 hinc
935 1640 1056 1661 novam

202 1685 373 1725 epistolam
410 1685 562 1725 incipere.
596 1684 691 1714 Pons.
729 1693 859 1724 quoque
888 1682 1058 1715 Gruberus

199 1749 228 1778 11.
255 1738 306 1769 19.

240 1792 375 1833 Reliqua
399 1802 460 1822 non
482 1791 629 1822 ridentur
652 1791 834 1831 difficiliora
852 1801 884 1820 a:
911 1798 947 1822 ut
964 1790 1060 1821 Pom-

200 1847 290 1887 peius
320 1847 405 1886 apud
437 1845 659 1886 Dyrrachium
692 1845 780 1882 vicit,
812 1845 857 1875 sic
896 1845 1086 1893 reliquum1

201 1899 324 1930 bellum
348 1898 488 1930 feliciter
509 1897 718 1929 confecturus
743 1898 882 1928 videtur.
907 1896 1061 1928 Cet-erum

199 1962 241 1982 ex
265 1961 313 1990 eo,
337 1952 424 1992 quod
453 1950 569 1982 Cicero
599 1955 630 1981 et
666 1956 734 1981 tam
769 1950 912 1981 breviter
946 1956 977 1981 et
1009 1950 1061 1980 his

201 2006 305 2035 reri-i<
330 2006 368 2035 ‹lc
392 2015 429 2036 ea
454 2014 486 2035 re
510 2005 630 2039 scribit,
655 2004 732 2034 satis
752 2008 883 2044 apparet
903 2013 978 2035 eum
993 2014 1060 2035 non

1108 1416 1229 1447 schidis
1253 1415 1356 1446 Wirz.
1391 1415 1478 1446 Nam
1509 1421 1545 1446 ut
1567 1415 1688 1446 dicitur
1709 1415 1816 1446 levare
1838 1413 1973 1456 aliquem

1107 1480 1194 1506 cura,
1217 1479 1320 1506 onere,
1348 1468 1459 1506 morbo,
1489 1468 1536 1499 sic
1560 1468 1712 1499 oratione
1742 1468 1777 1498 in
1807 1467 1972 1508 passivam

1108 1525 1249 1556 formam
1277 1535 1436 1557 conversa
1466 1524 1585 1565 aliquis
1625 1524 1754 1556 levatur
1789 1521 1973 1564 infirmitate

1107 1578 1254 1619 corporis,
1285 1579 1342 1610 sed
1365 1579 1464 1610 etiam
1488 1588 1577 1614 cura,
1598 1577 1720 1608 morbus
1746 1577 1881 1607 levatur.
1905 1576 1971 1607 vid.

1084 1676 1085 1679 Ἰ
1107 1642 1156 1673 ep.
1180 1632 1208 1669 2,
1235 1632 1262 1663 1.

1149 1683 1270 1715 Brutus
1292 1684 1411 1716 amicus
1432 1684 1465 1714 in
1488 1692 1584 1714 causa
1602 1687 1663 1714 cet.
1687 1681 1907 1714 Scribendum
1924 1682 1970 1713 vi-

1083 1727 1085 1741 *
1107 1739 1218 1770 detur:
1244 1737 1283 1769 B.
1307 1738 1424 1768 amicus
1446 1739 1511 1773 est;
1534 1736 1568 1767 in
1591 1746 1688 1767 causa
1704 1746 1733 1767 v.
1748 1747 1788 1773 a.,
1802 1735 1971 1767 aut23rn-

1109 1793 1161 1821 tm
1183 1790 1276 1821 amici
1298 1790 1332 1821 in
1355 1800 1454 1821 causa
1477 1800 1504 1820 v.
1529 1799 1594 1820 aer.
1627 1789 1724 1827 Nam,
1747 1795 1784 1820 ut
1806 1794 1895 1820 recte
1916 1789 1970 1820 ob—
2028 1808 2033 1810 -

1108 1851 1215 1876 servat
1238 1844 1394 1882 Orellius,
1418 1854 1485 1875 non
1506 1844 1591 1875 solet
1606 1842 1722 1875 Cicero
1733 1843 1880 1884 aliquem
1895 1842 1971 1873 sim·
2019 1876 2024 1881 .

1084 1896 1085 1900 ’
1107 1897 1237 1938 pliciter
1259 1897 1390 1928 amicum
1414 1897 1588 1937 appellare.
1612 1897 1659 1927 M.
1675 1896 1812 1927 lunium
1827 1895 1971 1927 Brutum

1107 1958 1181 1982 tum
1204 1951 1237 1982 in
1261 1951 1413 1991 Pompeii
1436 1950 1550 1982 castris
1573 1949 1674 1981 Fuisse
1689 1950 1842 1980 novimus
1859 1959 1876 1980 e
1891 1948 1971 1980 Plu-

1108 2004 1220 2034 tarcho
1243 2004 1276 2035 in
1303 2004 1373 2035 eius
1396 2003 1464 2034 vita
1485 2014 1511 2033 c.
1535 2005 1563 2049 4.

835 2134 882 2174 V.
949 2134 1014 2185 (A.
1058 2134 1102 2174 [J.
1142 2136 1183 2174 C.
1222 2133 1339 2186 706.)

266 2263 302 2301 1.
344 2261 456 2312 Quae
502 2275 562 2300 ine
605 2274 746 2300 causac
791 2259 1002 2310 moverint,
1037 2274 1157 2313 quam
1191 2258 1370 2309 acerbae,
1406 2273 1526 2313 quam
1560 2272 1713 2312 graveS,
1748 2273 1868 2312 quam
1899 2273 1969 2300 no-

198 2349 281 2384 vae,
326 2333 605 2387 coegerintque
653 2334 807 2387 impetu
855 2333 981 2386 magis
1031 2333 1204 2387 quodam
1256 2332 1381 2373 animi
1431 2332 1492 2372 uti
1538 2346 1658 2386 quam
1708 2332 1966 2387 cogitatione,

197 2422 279 2447 non
326 2420 488 2461 possum
536 2406 586 2447 ad
619 2412 658 2446 te
693 2407 777 2447 sine
812 2406 984 2447 maximo
1017 2406 1152 2447 dolore
1187 2405 1382 2456 scribere;
1419 2406 1585 2446 fuerunt
1617 2404 1782 2459 quidem
1814 2410 1965 2458 tantae,

163 2496 176 2518 ,-,
199 2484 244 2520 ut
287 2478 343 2528 id,
389 2478 496 2532 quod
529 2478 665 2529 vides,
702 2479 919 2520 effecerint.
972 2480 1116 2534 Itaque
1161 2494 1234 2520 nec
1276 2478 1374 2534 quid
1421 2478 1473 2520 ad
1505 2483 1546 2519 te
1580 2477 1752 2519 scribam
1785 2477 1834 2519 de
1867 2477 1967 2519 meis

198 2552 318 2594 rebus
350 2566 424 2592 nec
458 2549 555 2604 quid
589 2566 610 2590 a
643 2559 682 2591 te
716 2557 849 2606 petam
881 2553 1049 2608 reperio.
1084 2553 1184 2593 Rem
1218 2557 1258 2593 et
1281 2567 1478 2593 summam
1501 2551 1655 2606 negotii
1680 2550 1806 2592 vides.
1840 2551 1966 2606 Equi-

201 2626 292 2666 dem
326 2640 374 2665 ex
405 2623 487 2664 tuis
519 2622 646 2664 literis
679 2624 858 2665 intellexi
891 2630 932 2665 et
963 2625 1028 2675 iis,
1062 2640 1162 2679 quas
1207 2625 1474 2666 communiter
1507 2638 1599 2664 cum
1633 2623 1731 2664 aliis·
1755 2623 1966 2679 scripsisti,

245 2803 263 2843 ξ
286 2802 313 2833 1.
341 2792 429 2842 Quae
450 2811 497 2832 me
520 2811 635 2832 causae
658 2801 819 2839 moverint,
842 2809 879 2833 ut
901 2802 942 2832 ab
965 2801 1065 2832 armis
1085 2798 1089 2847 1

203 2857 403 2888 discederem
438 2856 541 2895 inque
575 2855 708 2885 Italiam
743 2855 891 2886 redirem.
937 2854 1066 2895 Scripta
1086 2869 1088 2871 ·
1111 2856 1170 2887 bus
1193 2866 1211 2886 a
1234 2861 1265 2887 te
1287 2855 1415 2895 script-is
1449 2855 1591 2885 aliorum
1621 2854 1759 2885 nomina
1791 2854 1967 2895 praescrip-

204 2914 251 2940 est
282 2909 364 2940 haec
397 2908 535 2949 epist-ola
565 2913 639 2948 post
670 2918 816 2948 pugnam
839 2907 1064 2938 Pharsalicam
1086 2896 1088 2928 l
1111 2909 1190 2946 sisti,
1213 2915 1250 2940 ut
1280 2909 1469 2940 ostenderes
1503 2908 1638 2938 illorum
1670 2908 1807 2938 eandem
1837 2912 1967 2938 senten-

1085 2937 1087 2974 A

204 2961 383 2998 Brundisii,
414 2969 480 3001 quo
502 2959 600 2990 rediit
621 2969 734 2991 mense
757 2959 892 2992 Octobn·
907 2965 1061 2997 exeunte,
1086 2977 1088 2986 ›
1109 2963 1190 2993 tiam
1211 2971 1291 2993 esse.
1330 2962 1464 2992 Talium
1497 2961 1667 2992 literarum
1697 2960 1848 3002 exempla
1870 2960 1966 3000 plura
2020 2980 2022 2982 ψ

204 3022 238 3047 itt
270 3021 401 3057 apparet
431 3025 449 3046 e
478 3014 717 3055 subscriptione
747 3024 796 3056 ep.
830 3014 870 3045 12
891 3014 949 3045 lib.
974 3013 1064 3045 XIV
1109 3015 1328 3047 inveniuntur
1349 3015 1384 3046 in
1406 3015 1464 3045 lib.
1486 3013 1578 3045 XVI
1603 3014 1644 3045 ad
1665 3013 1758 3044 Fam.

205 3071 245 3101 ad
272 3069 365 3100 Fam.
396 3069 533 3101 Reditus
562 3068 612 3099 sui
649 3069 806 3100 nuntium
835 3069 901 3100 iam
930 3068 1086 3102 miseratJ
1150 3069 1419 3102 Subdebilitatum.
1441 3069 1584 3101 Minime
1605 3068 1853 3110 negligendum,
1877 3067 1966 3109 quod

205 3125 326 3162 Attico,
364 3124 406 3155 ab
441 3132 547 3164 eoque
579 3123 691 3154 literas
727 3130 904 3164 acceperat,
942 3124 1062 3164 quibus
1084 3105 1086 3139 l
1107 3124 1142 3155 in
1164 3124 1315 3165 margine
1337 3124 1386 3155 ed.
1410 3122 1499 3155 Crat..
1532 3126 1564 3154 et
1591 3123 1626 3153 in
1648 3122 1767 3163 fragm.
1790 3121 1895 3153 Wirz.
1916 3125 1966 3153 est

205 3187 291 3207 nunc
316 3178 498 3217 respondet.
1081 3186 1085 3209 ι
1107 3177 1210 3208 rubim
1233 3187 1268 3208 re
1288 3176 1379 3217 qnasi
1396 3176 1603 3207 debilitatum.
1626 3175 1692 3208 Sed
1704 3184 1806 3216 quum
1819 3174 1964 3206 hominis

1156 2801 1241 2842 Quas
1263 2800 1463 2832 communiter
1484 2809 1552 2831 eum
1573 2800 1648 2831 aliis
1668 2799 1826 2841 scripsisti
1841 2809 1875 2832 o:
1898 2799 1967 2840 qui-
2027 2806 2034 2818 ³
