2062 3565
708 150 814 192 LIB.
850 151 925 193 Lx.
962 152 1044 193 ΕΡ.
1082 156 1121 193 2.
1159 156 1833 200 3147

69 274 137 318 sed
172 273 268 331 quia
300 274 448 328 ingrati
490 274 612 316 animi
657 275 806 316 crimen
844 274 996 317 horreo.
1045 276 1212 317 Confido
1248 278 1371 332 igitur
1405 278 1621 321 adventum
1657 288 1834 324 nostrum

66 347 140 400 illi,
185 361 347 403 quoquo
391 353 567 402 tempore
612 347 746 399 fuerit,
793 354 836 389 ut
881 348 1037 400 scribis,
1082 346 1396 407 άσμένιστον
1444 352 1539 393 fore.
1592 354 1695 395 Nam
1730 356 1835 410 quod

67 421 139 473 ais,
183 421 217 462 si
262 420 327 461 hic
370 421 661 476 temperantius
705 421 845 476 ege1·,it
874 422 1166 464 consideratius
1200 423 1412 466 consilium
1446 431 1485 467 te
1519 426 1731 478 daturum;
1767 430 1833 484 qui

66 494 132 538 hic
163 498 297 551 potest
329 508 369 534 se
402 507 537 547 uerere
571 509 652 534 non
684 493 870 550 perdite?
904 494 928 536 †
951 495 1057 546 Vita,
1093 510 1234 547 mores,
1270 501 1362 538 ante
1388 497 1506 549 facta,
1539 500 1640 541 ratio
1663 502 1838 557 suscepti

67 568 232 624 negotii,
276 566 388 618 socii,
441 566 541 608 vires
575 566 785 608 bonorum
806 572 877 608 aut
909 568 1029 608 etiam
1065 570 1305 611 constantia.
1342 572 1382 611 3.
1423 571 1596 614 Vixdum
1631 574 1838 630 epistolam

65 645 177 684 tuam
218 641 406 696 legeram,
453 655 577 694 quum
621 640 670 682 ad
716 656 778 681 me
823 656 985 682 currens
1031 642 1080 683 ad
1115 642 1229 684 illum
1266 644 1483 687 Postumus
1516 648 1681 689 Curtius
1717 649 1838 699 venit,

0 710 9 714 ⁸
66 714 168 758 nihil
199 715 278 756 nisi
311 714 456 755 classes
490 714 658 770 loquens
692 722 731 755 et-
764 714 976 766 exereitus,
1011 715 1208 771 eripiebat
1241 717 1475 773 Hispanias,
1500 719 1663 761 tenebat
1686 722 1838 772 Asiam,

0 1074 25 1087 ἰι

66 787 257 838 Siciliam,
292 786 484 839 Africam,
521 787 761 839 Sardiniam,
796 789 1006 830 confestim
1042 789 1083 830 in
1119 789 1330 831 Graeciam
1362 791 1689 848 persequebatur.
1733 796 1840 836 Eun—

1614 867 1699 908 Nec
1733 868 1840 908 enim

67 933 166 976 ferre
198 938 337 990 potero
372 949 572 977 sermones
605 935 789 986 istorum,
836 936 1068 991 quicunque
1101 941 1221 988 sunt3
1256 952 1337 978 non
1372 944 1467 980 sunt
1500 940 1606 980 enim
1640 945 1759 990 certe,
1795 949 1841 982 ut
1862 953 1894 978 ιο

67 860 162 903 dum
194 860 319 916 igitur
352 866 427 912 est,
463 876 536 902 nec
568 866 651 902 tam
686 866 732 902 ut
765 860 859 903 belli
903 876 1024 917 quam
1061 868 1104 903 ut
1137 862 1254 917 fugae
1288 864 1386 905 socii
1422 865 1560 907 simus.

11 1044 26 1050 „
67 1007 335 1064 appellantur,
369 1007 480 1050 boni.
516 1008 594 1050 Sed
629 1013 764 1050 tamen
798 1008 840 1050 id
873 1008 1006 1063 ipsum
1040 1009 1139 1050 scire
1173 1010 1306 1065 cupio,
1342 1011 1439 1066 quid
1463 1012 1693 1067 loquantur,
1718 1013 1839 1069 idque

0 1092 25 1137 ἒς·
65 1086 112 1124 ut
142 1081 328 1136 exquiras
360 1097 504 1138 meque
537 1082 744 1124 certiorem
778 1082 916 1133 facias,
950 1087 990 1122 te
1025 1081 1280 1124 vehementer
1313 1098 1422 1130 roomo
1459 1085 1546 1126 Nos
1585 1085 1715 1127 adhuc
1742 1086 1838 1142 quid

0 1190 25 1213 ,τι

65 1153 274 1196 Brundisii
317 1159 452 1196 actum
492 1161 597 1196 esset
641 1155 757 1210 plane
807 1153 1110 1205 nesciebamus;

1146 1170 1269 1210 quum
1305 1157 1491 1208 sciemus,
1526 1164 1610 1200 tum
1647 1174 1693 1199 ex
1728 1175 1767 1200 r(
1802 1169 1841 1200 ‹t-

0 1222 25 1278 fl
66 1242 114 1270 ex
145 1233 322 1283 tempore
355 1228 568 1269 consilium
603 1228 820 1284 capiemuS,
856 1227 924 1268 sed
959 1233 1118 1269 utemur
1151 1233 1235 1269 tuo.

107 1444 125 1474 5
153 1441 236 1481 Vim,
257 1452 365 1481 more-3,
387 1443 459 1474 51118
481 1442 605 1474 indicio
627 1442 842 1483 corruptelae.

0 1631 22 1714 ’ἶ
72 1650 218 1679 causam,
241 1651 341 1683 quam
364 1651 430 1673 non
455 1650 567 1672 veram
589 1642 678 1673 dicit.
712 1641 932 1676 Scribendum

66 1695 168 1738 igitur
194 1696 338 1729 videtm:
361 1696 444 1738 quod
465 1706 520 1737 eqo
543 1697 624 1749 nolo,
648 1707 709 1728 non
731 1707 790 1740 quo
811 1707 931 1736 ver-,eas

65 1758 104 1780 ue
125 1747 204 1780 mihi
224 1751 344 1788 noceat,
367 1754 427 1780 cet.

103 1799 164 1840 Τίς
191 1794 223 1834 δ’
251 1798 325 1834 ἐστι’
353 1798 474 1840 δοῦλος
502 1814 533 1835 κ.
565 1813 598 1834 τ.
632 1799 664 1839 λ.
693 1801 778 1841 Quis
801 1808 849 1834 est
871 1812 934 1834 ser-

0 1859 18 1903 ,'
66 1871 134 1900 vus,
157 1861 214 1903 qui
236 1867 378 1894 mortem
400 1872 467 1893 non
490 1861 606 1893 curet?
631 1862 799 1903 Euripidis
819 1872 932 1894 versus

0 1917 22 1981 z
67 1927 84 1950 e
112 1917 226 1949 fabula
258 1918 392 1956 incerta,
419 1919 538 1950 citatus
567 1928 699 1959 quoque
730 1929 748 1949 a
779 1919 870 1950 Plut.
893 1920 933 1950 de

0 1969 21 1998 ':›
66 1970 140 2002 aud.
169 1970 273 2012 poetis
302 1981 333 2012 p.
364 1971 405 2002 34
435 1971 475 2008 B,
505 1971 654 2012 aliisque,
688 1981 770 2011 quos
793 1972 834 2002 ad
857 1981 884 2003 8.
908 1972 930 2002 l.

0 2010 20 2062 ἐ
66 2023 174 2055 laudat
199 2023 486 2065 Wyttenbachius.
819 2043 823 2046 >

113 2075 152 2107 Ut
173 2076 296 2109 scribis.
319 2077 399 2109 Vid.
423 2077 456 2108 h.
480 2077 502 2109 1.
528 2078 577 2116 10,
600 2078 630 2109 9.

0 2083 24 2215 ξ
106 2131 124 2167 †
149 2129 231 2168 Vita,
261 2141 370 2168 mores,
400 2136 461 2162 cet.
499 2131 564 2162 His
593 2132 702 2163 verbis
739 2132 931 2163 asteriscum

65 2183 249 2224 praeposui,
272 2184 372 2224 quod,
397 2193 463 2224 qua
485 2184 614 2215 ratione
628 2185 689 2215 hos
709 2184 932 2216 nominativos

0 2218 20 2283 ἱ
67 2236 139 2268 sine
160 2237 262 2269 verbo
283 2241 384 2275 tuear,
407 2247 475 2268 non
499 2238 645 2270 invenio.
681 2237 798 2271 Omnis
821 2244 931 2271 autem

67 2288 240 2321 difficultas
269 2290 446 2327 evanescit,
478 2290 505 2321 si
535 2300 665 2322 mecum
689 2291 797 2332 legas:
823 2293 931 2322 vetant

66 2353 176 2381 mores,
201 2346 277 2375 ante
291 2343 391 2383 sacta
414 2350 475 2376 cet.

116 2397 205 2430 Vires
236 2398 382 2431 bonorum
414 2400 494 2442 nqui
524 2410 559 2432 se
593 2400 725 2433 Caesari
758 2403 932 2434 venditant

70 2456 103 2485 et
117 2451 153 2484 in
168 2452 251 2485 urbe
265 2454 366 2485 sunt''
391 2453 565 2486 Corradus.
581 2455 691 2486 Immo
704 2456 931 2497 accipiendum

67 2505 109 2538 de
136 2505 232 2538 bonis
260 2507 350 2545 viris,
372 2507 431 2549 qui
454 2518 592 2540 numero
613 2509 725 2550 plures
750 2515 782 2541 et
803 2510 929 2542 viribus

67 2558 168 2591 validi
191 2559 324 2592 Caesari
347 2561 553 2593 resistebant.

110 2612 295 2647 Constantia
323 2616 357 2647 h.
388 2616 409 2647 1.
439 2625 505 2647 11011
529 2617 563 2647 111
587 2617 683 2648 laude
705 2617 847 2657 ponitur,
870 2619 927 2650 sed

680 2746 768 2787 III.

982 1645 1135 1681 tribuitur
1158 1647 1197 1685 ei,
1220 1648 1359 1688 quirem
1382 1653 1576 1689 susceptam,
1595 1649 1694 1680 etiam
1709 1649 1840 1686 malain,

980 1710 1049 1732 non
1071 1702 1092 1732 d
1132 1701 1203 1732 erit.

1023 1755 1042 1794 ξ
1065 1756 1093 1786 3.
1119 1762 1122 1763 ’
1167 1755 1215 1785 hil
1235 1755 1298 1786 nisi
1321 1756 1440 1787 classes
1468 1756 1597 1798 loquens
1619 1759 1649 1787 et
1673 1756 1840 1787 exercitus.

979 1809 1089 1850 Loqui
1112 1809 1239 1850 aliquid
1261 1815 1311 1841 est
1333 1810 1367 1841 in
1391 1819 1447 1841 ore
1469 1810 1601 1848 habere,
1614 1811 1744 1851 saepius
1756 1820 1843 1841 com-

979 1871 1173 1894 memorare.
1194 1862 1236 1893 cf.
1259 1862 1331 1893 Mil.
1357 1862 1405 1893 63.
1437 1862 1554 1895 Parad.
1578 1863 1606 1901 6,
1631 1863 1658 1894 3.
1682 1864 1753 1895 Att.
1777 1863 1840 1895 IX.

981 1915 1030 1952 13,
1055 1915 1070 1945 l
1095 1919 1128 1946 et
1150 1915 1179 1946 8.

1021 1967 1184 2008 Eripiebat
1206 1986 1247 1991 -—
1269 1968 1394 2000 tenebat
1418 1987 1459 1991 —
1469 1970 1715 2012 persequebatur
1738 1980 1770 2001 o:
1794 1971 1838 2001 di-

979 2023 1073 2054 cebat
1108 2021 1282 2055 Caesarem
1312 2027 1501 2064 erepturum
1532 2023 1691 2065 Pompeio
1724 2024 1841 2064 Hispa-

979 2077 1060 2114 nias,
1090 2081 1326 2117 occupaturum
1355 2077 1483 2115 Asiam,
1517 2082 1589 2114 cet„
1613 2077 1646 2107 in
1669 2075 1842 2108 Graeciam

977 2133 1236 2171 persecuturum.
1258 2129 1366 2161 Nemo
1388 2139 1455 2161 non
1478 2129 1578 2168 videt,
1601 2135 1760 2171 quantam
1773 2130 1841 2160 vim

977 2183 1058 2214 11888
1080 2183 1182 2214 verba
1203 2182 1344 2213 orationi
1365 2182 1555 2220 concilient,
1571 2190 1698 2225 quanto
1717 2184 1841 2224 impetu

978 2247 1067 2268 nunc
1091 2236 1204 2267 omnia
1226 2242 1335 2268 ruant.

1020 2290 1086 2322 Nec
1101 2292 1164 2322 tam
1189 2293 1223 2321 ut
1243 2290 1327 2328 belli,
1342 2301 1432 2332 quam
1449 2293 1482 2321 ut
1489 2290 1595 2332 fuyae
1607 2291 1684 2322 socii
1696 2292 1791 2322 sinens
1806 2301 1838 2322 o:

980 2350 1017 2375 ut
1045 2349 1134 2375 recte
1161 2344 1243 2375 haec
1272 2344 1374 2375 verba
1402 2343 1491 2384 expl.
1521 2343 1670 2374 Kritzius
1699 2344 1740 2374 ad
1773 2343 1839 2375 Sal.

978 2398 1054 2439 Iug.
1080 2397 1149 2435 100,
1172 2399 1193 2428 4
1217 2412 1230 2423 u
1243 2402 1278 2428 ut
1307 2397 1386 2429 belli
1415 2397 1550 2438 quidem
1585 2398 1839 2438 aliquantulum,

978 2452 1084 2493 magis
1110 2457 1219 2483 tamen
1244 2458 1280 2482 ut
1303 2451 1401 2492 fugae
1424 2451 1502 2482 socii
1526 2451 1662 2482 simus.““

1019 2506 1067 2536 Ex
1090 2516 1124 2537 re
1147 2508 1177 2536 et
1200 2516 1238 2536 ea·
1260 2507 1395 2545 tempore
1419 2506 1438 2535 i.
1461 2514 1489 2536 e.
1515 2510 1550 2535 111
1579 2514 1629 2536 res
1653 2515 1688 2535 81·
1713 2511 1838 2545 tenipus

978 2561 1067 2593 seret.

835 2748 899 2800 (A.
943 2748 987 2789 U.
1028 2749 1069 2788 C.
1109 2747 1225 2800 705.)

135 2881 174 2922 1.
208 2881 378 2924 Domitii
410 2882 516 2925 filius
547 2882 709 2926 transiit
742 2884 921 2926 Formias
963 2899 1061 2927 vr11.
1096 2884 1160 2927 Id.
1195 2898 1359 2925 currens
1392 2882 1440 2924 ad
1475 2887 1640 2924 matrem
1678 2883 1717 2924 N
1721 2898 1835 2937 eapo-

0 2975 11 3016 2
48 2950 137 2994 -lim
182 2953 359 3010 mihique
402 2956 582 2998 nuntiari
626 2957 744 2999 iussit
783 2961 936 3012 patrem
970 2957 1020 2999 ad
1056 2956 1193 2999 urbem
1227 2971 1326 3006 esse,
1361 2970 1484 3010 quum
1519 2956 1567 2996 (le
1601 2971 1646 2996 eo
1681 2956 1833 2996 curiose

82 3082 145 3089 ἡ.
230 3088 266 3091 7-
431 3090 449 3094 *-
486 3091 531 3094 ⁴„

112 3164 165 3196 Aa
184 3168 324 3206 mairem,
354 3167 521 3207 Porciam,
553 3169 601 3201 M.
624 3169 759 3204 Catonis
783 3182 928 3206 sororem
947 3165 953 3215 Ι
972 3175 1010 3202 ut
1032 3169 1131 3203 refert
1153 3169 1239 3201 Plut.
1265 3169 1297 3200 in
1324 3169 1394 3201 Cat.
1419 3169 1503 3201 Min.
1526 3179 1551 3201 c.
1577 3170 1625 3200 41.
