<?xml version="1.0" encoding="UTF-8"?>
<!DOCTYPE html PUBLIC "-//W3C//DTD XHTML 1.0 Transitional//EN"
    "http://www.w3.org/TR/xhtml1/DTD/xhtml1-transitional.dtd">
<html xmlns="http://www.w3.org/1999/xhtml" xml:lang="en" lang="en">
 <head>
  <title>
</title>
<meta http-equiv="Content-Type" content="text/html;charset=utf-8" />
  <meta name='ocr-system' content='tesseract 3.04.00' />
  <meta name='ocr-capabilities' content='ocr_page ocr_carea ocr_par ocr_line ocrx_word'/>
</head>
<body>
  <div class='ocr_page' id='page_1' title='image "./epistolarumadtpo02ciceuoft_0072.png"; bbox 0 0 2062 3565; ppageno 0'>
   <div class='ocr_carea' id='block_1_1' title="bbox 233 150 1592 193">
    <p class='ocr_par' dir='ltr' id='par_1_1' title="bbox 233 150 1592 193">
     <span class='ocr_line' id='line_1_1' title="bbox 233 150 1592 193; baseline 0.001 -3"><span class='ocrx_word' id='word_1_1' title='bbox 233 152 288 190; x_wconf 75' lang='lat'>62</span> <span class='ocrx_word' id='word_1_2' title='bbox 633 151 717 193; x_wconf 89' lang='grc' dir='ltr'>ΕΡ.</span> <span class='ocrx_word' id='word_1_3' title='bbox 752 151 828 191; x_wconf 83' lang='lat' dir='ltr'>AD</span> <span class='ocrx_word' id='word_1_4' title='bbox 861 151 908 191; x_wconf 88' lang='lat' dir='ltr'>T.</span> <span class='ocrx_word' id='word_1_5' title='bbox 942 150 1294 192; x_wconf 90' lang='lat' dir='ltr'>POMPONIUM</span> <span class='ocrx_word' id='word_1_6' title='bbox 1327 150 1592 192; x_wconf 83' lang='lat' dir='ltr'>ATTICUM.</span> 
     </span>
    </p>
   </div>
   <div class='ocr_carea' id='block_1_2' title="bbox 170 283 1994 2019">
    <p class='ocr_par' dir='ltr' id='par_1_2' title="bbox 170 283 1994 2019">
     <span class='ocr_line' id='line_1_2' title="bbox 231 283 1994 339; baseline 0.002 -15"><span class='ocrx_word' id='word_1_7' title='bbox 231 284 371 325; x_wconf 75' lang='lat' dir='ltr'>Titinii</span> <span class='ocrx_word' id='word_1_8' title='bbox 416 285 522 326; x_wconf 82' lang='lat' dir='ltr'>filius</span> <span class='ocrx_word' id='word_1_9' title='bbox 562 284 667 339; x_wconf 87' lang='lat' dir='ltr'>apud</span> <span class='ocrx_word' id='word_1_10' title='bbox 711 284 917 325; x_wconf 80' lang='lat' dir='ltr'>Caesarem</span> <span class='ocrx_word' id='word_1_11' title='bbox 970 290 1042 324; x_wconf 90' lang='lat' dir='ltr'>est.</span> <span class='ocrx_word' id='word_1_12' title='bbox 1099 283 1219 335; x_wconf 76' lang='lat' dir='ltr'>Quod</span> <span class='ocrx_word' id='word_1_13' title='bbox 1261 290 1395 325; x_wconf 85' lang='lat' dir='ltr'>autem</span> <span class='ocrx_word' id='word_1_14' title='bbox 1443 285 1556 338; x_wconf 85' lang='lat' dir='ltr'>quasi</span> <span class='ocrx_word' id='word_1_15' title='bbox 1591 285 1716 326; x_wconf 88' lang='lat' dir='ltr'>vereri</span> <span class='ocrx_word' id='word_1_16' title='bbox 1749 285 1909 336; x_wconf 87' lang='lat' dir='ltr'>videris,</span> <span class='ocrx_word' id='word_1_17' title='bbox 1944 300 1994 327; x_wconf 88' lang='lat' dir='ltr'>ne</span> 
     </span>
     <span class='ocr_line' id='line_1_3' title="bbox 230 355 1991 411; baseline 0.002 -15"><span class='ocrx_word' id='word_1_18' title='bbox 230 355 328 397; x_wconf 91' lang='lat' dir='ltr'>mihi</span> <span class='ocrx_word' id='word_1_19' title='bbox 360 364 431 397; x_wconf 87' lang='lat' dir='ltr'>tua</span> <span class='ocrx_word' id='word_1_20' title='bbox 464 357 629 397; x_wconf 90' lang='lat' dir='ltr'>consilia</span> <span class='ocrx_word' id='word_1_21' title='bbox 663 355 916 411; x_wconf 78' lang='lat' dir='ltr'>displiceant,</span> <span class='ocrx_word' id='word_1_22' title='bbox 950 371 1012 396; x_wconf 90' lang='lat' dir='ltr'>me</span> <span class='ocrx_word' id='word_1_23' title='bbox 1048 371 1139 397; x_wconf 87' lang='lat' dir='ltr'>vero</span> <span class='ocrx_word' id='word_1_24' title='bbox 1172 356 1275 397; x_wconf 88' lang='lat' dir='ltr'>nihil</span> <span class='ocrx_word' id='word_1_25' title='bbox 1315 357 1488 398; x_wconf 87' lang='lat' dir='ltr'>delectat</span> <span class='ocrx_word' id='word_1_26' title='bbox 1520 357 1631 398; x_wconf 87' lang='lat' dir='ltr'>aliud</span> <span class='ocrx_word' id='word_1_27' title='bbox 1665 359 1743 400; x_wconf 88' lang='lat' dir='ltr'>nisi</span> <span class='ocrx_word' id='word_1_28' title='bbox 1777 359 1991 400; x_wconf 88' lang='lat' dir='ltr'>consilium</span> 
     </span>
     <span class='ocr_line' id='line_1_4' title="bbox 227 428 1992 486; baseline 0.002 -17"><span class='ocrx_word' id='word_1_29' title='bbox 227 433 267 469; x_wconf 87' lang='lat' dir='ltr'>et</span> <span class='ocrx_word' id='word_1_30' title='bbox 300 429 437 469; x_wconf 86' lang='lat' dir='ltr'>literae</span> <span class='ocrx_word' id='word_1_31' title='bbox 480 434 587 470; x_wconf 87' lang='lat' dir='ltr'>tuae.</span> <span class='ocrx_word' id='word_1_32' title='bbox 637 429 770 480; x_wconf 72' lang='lat' dir='ltr'>Quare</span> <span class='ocrx_word' id='word_1_33' title='bbox 812 429 889 478; x_wconf 85' lang='lat' dir='ltr'>fac,</span> <span class='ocrx_word' id='word_1_34' title='bbox 936 434 980 468; x_wconf 89' lang='lat' dir='ltr'>ut</span> <span class='ocrx_word' id='word_1_35' title='bbox 1023 428 1201 469; x_wconf 87' lang='lat' dir='ltr'>ostendis</span> <span class='ocrx_word' id='word_1_36' title='bbox 1214 446 1226 479; x_wconf 76' lang='lat'>3</span> <span class='ocrx_word' id='word_1_37' title='bbox 1279 444 1328 470; x_wconf 91' lang='lat' dir='ltr'>ne</span> <span class='ocrx_word' id='word_1_38' title='bbox 1362 428 1562 471; x_wconf 71' lang='lat' dir='ltr'>destiteris</span> <span class='ocrx_word' id='word_1_39' title='bbox 1596 430 1646 471; x_wconf 89' lang='lat' dir='ltr'>ad</span> <span class='ocrx_word' id='word_1_40' title='bbox 1680 446 1757 485; x_wconf 84' lang='lat' dir='ltr'>ine,</span> <span class='ocrx_word' id='word_1_41' title='bbox 1793 430 1992 486; x_wconf 85' lang='lat' dir='ltr'>quidquid</span> 
     </span>
     <span class='ocr_line' id='line_1_5' title="bbox 225 499 1994 557; baseline 0.002 -16"><span class='ocrx_word' id='word_1_42' title='bbox 225 500 300 541; x_wconf 89' lang='lat' dir='ltr'>tibi</span> <span class='ocrx_word' id='word_1_43' title='bbox 334 501 377 541; x_wconf 88' lang='lat' dir='ltr'>in</span> <span class='ocrx_word' id='word_1_44' title='bbox 410 506 584 542; x_wconf 88' lang='lat' dir='ltr'>mentem</span> <span class='ocrx_word' id='word_1_45' title='bbox 619 500 785 551; x_wconf 81' lang='lat' dir='ltr'>venerit,</span> <span class='ocrx_word' id='word_1_46' title='bbox 820 499 1006 541; x_wconf 85' lang='lat' dir='ltr'>scribere.</span> <span class='ocrx_word' id='word_1_47' title='bbox 1042 500 1149 542; x_wconf 88' lang='lat' dir='ltr'>Mihi</span> <span class='ocrx_word' id='word_1_48' title='bbox 1182 500 1286 542; x_wconf 87' lang='lat' dir='ltr'>nihil</span> <span class='ocrx_word' id='word_1_49' title='bbox 1320 507 1452 556; x_wconf 85' lang='lat' dir='ltr'>potest</span> <span class='ocrx_word' id='word_1_50' title='bbox 1484 517 1568 543; x_wconf 88' lang='lat' dir='ltr'>esse</span> <span class='ocrx_word' id='word_1_51' title='bbox 1603 503 1771 557; x_wconf 83' lang='lat' dir='ltr'>gratius.</span> <span class='ocrx_word' id='word_1_52' title='bbox 1798 507 1839 544; x_wconf 76' lang='lat'>2.</span> <span class='ocrx_word' id='word_1_53' title='bbox 1865 503 1994 545; x_wconf 92' lang='lat' dir='ltr'>Venio</span> 
     </span>
     <span class='ocr_line' id='line_1_6' title="bbox 196 573 1994 632; baseline 0.001 -16"><span class='ocrx_word' id='word_1_54' title='bbox 196 590 210 616; x_wconf 86' lang='lat'>5</span> <span class='ocrx_word' id='word_1_55' title='bbox 226 574 275 615; x_wconf 85' lang='lat' dir='ltr'>ad</span> <span class='ocrx_word' id='word_1_56' title='bbox 322 574 486 614; x_wconf 88' lang='lat' dir='ltr'>alteram</span> <span class='ocrx_word' id='word_1_57' title='bbox 527 588 636 614; x_wconf 89' lang='lat' dir='ltr'>nunc</span> <span class='ocrx_word' id='word_1_58' title='bbox 681 573 904 628; x_wconf 89' lang='lat' dir='ltr'>epistolam.</span> <span class='ocrx_word' id='word_1_59' title='bbox 950 573 1072 613; x_wconf 82' lang='lat' dir='ltr'>Recte</span> <span class='ocrx_word' id='word_1_60' title='bbox 1119 588 1201 614; x_wconf 92' lang='lat' dir='ltr'>non</span> <span class='ocrx_word' id='word_1_61' title='bbox 1235 574 1363 615; x_wconf 90' lang='lat' dir='ltr'>credis</span> <span class='ocrx_word' id='word_1_62' title='bbox 1396 574 1444 615; x_wconf 90' lang='lat' dir='ltr'>de</span> <span class='ocrx_word' id='word_1_63' title='bbox 1476 590 1643 617; x_wconf 86' lang='lat' dir='ltr'>numero</span> <span class='ocrx_word' id='word_1_64' title='bbox 1676 575 1865 617; x_wconf 91' lang='lat' dir='ltr'>militum.</span> <span class='ocrx_word' id='word_1_65' title='bbox 1899 577 1994 632; x_wconf 86' lang='lat' dir='ltr'>Ipso</span> 
     </span>
     <span class='ocr_line' id='line_1_7' title="bbox 225 646 1992 703; baseline 0.001 -15"><span class='ocrx_word' id='word_1_66' title='bbox 225 647 392 688; x_wconf 87' lang='lat' dir='ltr'>dimidio</span> <span class='ocrx_word' id='word_1_67' title='bbox 436 647 525 702; x_wconf 88' lang='lat' dir='ltr'>plus</span> <span class='ocrx_word' id='word_1_68' title='bbox 574 646 734 702; x_wconf 86' lang='lat' dir='ltr'>scripsit</span> <span class='ocrx_word' id='word_1_69' title='bbox 767 646 922 687; x_wconf 89' lang='lat' dir='ltr'>Clodia.</span> <span class='ocrx_word' id='word_1_70' title='bbox 976 646 1136 687; x_wconf 81' lang='lat' dir='ltr'>Falsum</span> <span class='ocrx_word' id='word_1_71' title='bbox 1171 647 1292 687; x_wconf 89' lang='lat' dir='ltr'>etiam</span> <span class='ocrx_word' id='word_1_72' title='bbox 1326 647 1374 688; x_wconf 91' lang='lat' dir='ltr'>de</span> <span class='ocrx_word' id='word_1_73' title='bbox 1409 649 1606 703; x_wconf 84' lang='lat' dir='ltr'>corruptis</span> <span class='ocrx_word' id='word_1_74' title='bbox 1640 647 1826 690; x_wconf 79' lang='lat' dir='ltr'>navibus.</span> <span class='ocrx_word' id='word_1_75' title='bbox 1873 648 1992 700; x_wconf 78' lang='lat' dir='ltr'>Quod</span> 
     </span>
     <span class='ocr_line' id='line_1_8' title="bbox 224 719 1992 776; baseline 0 -14"><span class='ocrx_word' id='word_1_76' title='bbox 224 720 406 762; x_wconf 80' lang='lat' dir='ltr'>consules</span> <span class='ocrx_word' id='word_1_77' title='bbox 456 719 610 770; x_wconf 87' lang='lat' dir='ltr'>laudas,</span> <span class='ocrx_word' id='word_1_78' title='bbox 660 734 733 774; x_wconf 84' lang='lat' dir='ltr'>ego</span> <span class='ocrx_word' id='word_1_79' title='bbox 778 734 936 774; x_wconf 88' lang='lat' dir='ltr'>quoque</span> <span class='ocrx_word' id='word_1_80' title='bbox 981 719 1160 759; x_wconf 86' lang='lat' dir='ltr'>animum</span> <span class='ocrx_word' id='word_1_81' title='bbox 1211 719 1345 770; x_wconf 90' lang='lat' dir='ltr'>laudo,</span> <span class='ocrx_word' id='word_1_82' title='bbox 1381 720 1450 761; x_wconf 90' lang='lat' dir='ltr'>sed</span> <span class='ocrx_word' id='word_1_83' title='bbox 1483 720 1696 761; x_wconf 84' lang='lat' dir='ltr'>consilium</span> <span class='ocrx_word' id='word_1_84' title='bbox 1729 720 1992 776; x_wconf 84' lang='lat' dir='ltr'>reprehendo.</span> 
     </span>
     <span class='ocr_line' id='line_1_9' title="bbox 224 792 1994 849; baseline 0.001 -15"><span class='ocrx_word' id='word_1_85' title='bbox 224 793 413 834; x_wconf 85' lang='lat' dir='ltr'>Discessu</span> <span class='ocrx_word' id='word_1_86' title='bbox 457 793 563 834; x_wconf 86' lang='lat' dir='ltr'>enim</span> <span class='ocrx_word' id='word_1_87' title='bbox 606 793 767 834; x_wconf 85' lang='lat' dir='ltr'>illorum</span> <span class='ocrx_word' id='word_1_88' title='bbox 800 793 905 834; x_wconf 86' lang='lat' dir='ltr'>actio</span> <span class='ocrx_word' id='word_1_89' title='bbox 939 792 987 833; x_wconf 90' lang='lat' dir='ltr'>de</span> <span class='ocrx_word' id='word_1_90' title='bbox 1021 808 1118 848; x_wconf 86' lang='lat' dir='ltr'>pace</span> <span class='ocrx_word' id='word_1_91' title='bbox 1153 792 1311 834; x_wconf 87' lang='lat' dir='ltr'>sublata</span> <span class='ocrx_word' id='word_1_92' title='bbox 1345 800 1420 845; x_wconf 90' lang='lat' dir='ltr'>est,</span> <span class='ocrx_word' id='word_1_93' title='bbox 1455 810 1574 849; x_wconf 86' lang='lat' dir='ltr'>quam</span> <span class='ocrx_word' id='word_1_94' title='bbox 1609 793 1770 848; x_wconf 86' lang='lat' dir='ltr'>quidem</span> <span class='ocrx_word' id='word_1_95' title='bbox 1806 807 1879 848; x_wconf 86' lang='lat' dir='ltr'>ego</span> <span class='ocrx_word' id='word_1_96' title='bbox 1913 808 1994 835; x_wconf 91' lang='lat' dir='ltr'>me-</span> 
     </span>
     <span class='ocr_line' id='line_1_10' title="bbox 223 857 1992 921; baseline 0 -15"><span class='ocrx_word' id='word_1_97' title='bbox 223 865 392 906; x_wconf 83' lang='lat' dir='ltr'>ditabar.</span> <span class='ocrx_word' id='word_1_98' title='bbox 439 866 582 920; x_wconf 89' lang='lat' dir='ltr'>Itaque</span> <span class='ocrx_word' id='word_1_99' title='bbox 627 871 764 921; x_wconf 89' lang='lat' dir='ltr'>postea</span> <span class='ocrx_word' id='word_1_100' title='bbox 798 865 992 906; x_wconf 83' lang='lat' dir='ltr'>Demetrii</span> <span class='ocrx_word' id='word_1_101' title='bbox 1025 864 1174 906; x_wconf 86' lang='lat' dir='ltr'>librum</span> <span class='ocrx_word' id='word_1_102' title='bbox 1208 866 1256 907; x_wconf 90' lang='lat' dir='ltr'>de</span> <span class='ocrx_word' id='word_1_103' title='bbox 1291 857 1506 907; x_wconf 86' lang='lat' dir='ltr'>concordia</span> <span class='ocrx_word' id='word_1_104' title='bbox 1538 866 1615 908; x_wconf 90' lang='lat' dir='ltr'>tibi</span> <span class='ocrx_word' id='word_1_105' title='bbox 1650 865 1785 908; x_wconf 89' lang='lat' dir='ltr'>remisi</span> <span class='ocrx_word' id='word_1_106' title='bbox 1818 870 1858 906; x_wconf 90' lang='lat' dir='ltr'>et</span> <span class='ocrx_word' id='word_1_107' title='bbox 1895 865 1992 907; x_wconf 89' lang='lat' dir='ltr'>Phi-</span> 
     </span>
     <span class='ocr_line' id='line_1_11' title="bbox 170 936 1993 998; baseline 0.002 -21"><span class='ocrx_word' id='word_1_108' title='bbox 170 938 360 978; x_wconf 88' lang='lat' dir='ltr'>1olotimo</span> <span class='ocrx_word' id='word_1_109' title='bbox 402 937 509 979; x_wconf 85' lang='lat' dir='ltr'>dedi.</span> <span class='ocrx_word' id='word_1_110' title='bbox 559 938 646 978; x_wconf 85' lang='lat' dir='ltr'>Nec</span> <span class='ocrx_word' id='word_1_111' title='bbox 693 953 783 978; x_wconf 88' lang='lat' dir='ltr'>vero</span> <span class='ocrx_word' id='word_1_112' title='bbox 827 936 984 998; x_wconf 84' lang='lat' dir='ltr'>dubito,</span> <span class='ocrx_word' id='word_1_113' title='bbox 1032 937 1130 991; x_wconf 84' lang='lat' dir='ltr'>quin</span> <span class='ocrx_word' id='word_1_114' title='bbox 1163 937 1378 978; x_wconf 83' lang='lat' dir='ltr'>exitiosum</span> <span class='ocrx_word' id='word_1_115' title='bbox 1408 937 1558 979; x_wconf 91' lang='lat' dir='ltr'>bellum</span> <span class='ocrx_word' id='word_1_116' title='bbox 1594 937 1838 993; x_wconf 88' lang='lat' dir='ltr'>impendeat,</span> <span class='ocrx_word' id='word_1_117' title='bbox 1876 938 1993 980; x_wconf 85' lang='lat' dir='ltr'>cuius</span> 
     </span>
     <span class='ocr_line' id='line_1_12' title="bbox 221 1010 1990 1052; baseline 0.001 -1"><span class='ocrx_word' id='word_1_118' title='bbox 221 1011 385 1052; x_wconf 89' lang='lat' dir='ltr'>initium</span> <span class='ocrx_word' id='word_1_119' title='bbox 429 1010 599 1052; x_wconf 87' lang='lat' dir='ltr'>ducetur</span> <span class='ocrx_word' id='word_1_120' title='bbox 643 1027 664 1052; x_wconf 84' lang='lat' dir='ltr'>a</span> <span class='ocrx_word' id='word_1_121' title='bbox 708 1010 825 1051; x_wconf 88' lang='lat' dir='ltr'>fame.</span> <span class='ocrx_word' id='word_1_122' title='bbox 875 1010 928 1051; x_wconf 86' lang='lat' dir='ltr'>Et</span> <span class='ocrx_word' id='word_1_123' title='bbox 971 1026 1032 1051; x_wconf 90' lang='lat' dir='ltr'>me</span> <span class='ocrx_word' id='word_1_124' title='bbox 1078 1017 1212 1052; x_wconf 85' lang='lat' dir='ltr'>tamen</span> <span class='ocrx_word' id='word_1_125' title='bbox 1246 1010 1360 1052; x_wconf 88' lang='lat' dir='ltr'>doleo</span> <span class='ocrx_word' id='word_1_126' title='bbox 1395 1026 1475 1052; x_wconf 88' lang='lat' dir='ltr'>non</span> <span class='ocrx_word' id='word_1_127' title='bbox 1509 1012 1700 1052; x_wconf 87' lang='lat' dir='ltr'>interesse</span> <span class='ocrx_word' id='word_1_128' title='bbox 1734 1011 1829 1052; x_wconf 88' lang='lat' dir='ltr'>huic</span> <span class='ocrx_word' id='word_1_129' title='bbox 1862 1010 1990 1052; x_wconf 87' lang='lat' dir='ltr'>bello!</span> 
     </span>
     <span class='ocr_line' id='line_1_13' title="bbox 222 1083 1992 1140; baseline 0.001 -16"><span class='ocrx_word' id='word_1_130' title='bbox 222 1085 264 1124; x_wconf 89' lang='lat' dir='ltr'>in</span> <span class='ocrx_word' id='word_1_131' title='bbox 298 1099 376 1138; x_wconf 82' lang='lat' dir='ltr'>quo</span> <span class='ocrx_word' id='word_1_132' title='bbox 410 1089 523 1125; x_wconf 88' lang='lat' dir='ltr'>tanta</span> <span class='ocrx_word' id='word_1_133' title='bbox 556 1085 615 1125; x_wconf 81' lang='lat' dir='ltr'>vis</span> <span class='ocrx_word' id='word_1_134' title='bbox 649 1084 808 1125; x_wconf 86' lang='lat' dir='ltr'>sceleris</span> <span class='ocrx_word' id='word_1_135' title='bbox 841 1083 978 1125; x_wconf 86' lang='lat' dir='ltr'>futura</span> <span class='ocrx_word' id='word_1_136' title='bbox 1010 1090 1084 1134; x_wconf 90' lang='lat' dir='ltr'>est,</span> <span class='ocrx_word' id='word_1_137' title='bbox 1120 1089 1178 1134; x_wconf 89' lang='lat' dir='ltr'>ut,</span> <span class='ocrx_word' id='word_1_138' title='bbox 1206 1099 1331 1138; x_wconf 82' lang='lat' dir='ltr'>quum</span> <span class='ocrx_word' id='word_1_139' title='bbox 1355 1089 1540 1140; x_wconf 88' lang='lat' dir='ltr'>parentes</span> <span class='ocrx_word' id='word_1_140' title='bbox 1562 1099 1644 1125; x_wconf 89' lang='lat' dir='ltr'>non</span> <span class='ocrx_word' id='word_1_141' title='bbox 1669 1084 1772 1126; x_wconf 86' lang='lat' dir='ltr'>alere</span> <span class='ocrx_word' id='word_1_142' title='bbox 1795 1084 1992 1126; x_wconf 88' lang='lat' dir='ltr'>nefarium</span> 
     </span>
     <span class='ocr_line' id='line_1_14' title="bbox 223 1156 1991 1214; baseline 0.001 -17"><span class='ocrx_word' id='word_1_143' title='bbox 223 1156 288 1206; x_wconf 88' lang='lat' dir='ltr'>sit,</span> <span class='ocrx_word' id='word_1_144' title='bbox 338 1156 464 1197; x_wconf 87' lang='lat' dir='ltr'>nostri</span> <span class='ocrx_word' id='word_1_145' title='bbox 507 1157 708 1213; x_wconf 79' lang='lat' dir='ltr'>principes</span> <span class='ocrx_word' id='word_1_146' title='bbox 754 1157 1075 1210; x_wconf 86' lang='lat' dir='ltr'>antiquissimam</span> <span class='ocrx_word' id='word_1_147' title='bbox 1120 1163 1160 1198; x_wconf 93' lang='lat' dir='ltr'>et</span> <span class='ocrx_word' id='word_1_148' title='bbox 1205 1158 1499 1198; x_wconf 81' lang='lat' dir='ltr'>sanctissimam</span> <span class='ocrx_word' id='word_1_149' title='bbox 1540 1162 1760 1213; x_wconf 85' lang='lat' dir='ltr'>parentem,</span> <span class='ocrx_word' id='word_1_150' title='bbox 1807 1157 1991 1214; x_wconf 87' lang='lat' dir='ltr'>patriam,</span> 
     </span>
     <span class='ocr_line' id='line_1_15' title="bbox 223 1229 1992 1285; baseline 0.001 -15"><span class='ocrx_word' id='word_1_151' title='bbox 223 1230 324 1270; x_wconf 81' lang='lat' dir='ltr'>fame</span> <span class='ocrx_word' id='word_1_152' title='bbox 358 1229 579 1271; x_wconf 85' lang='lat' dir='ltr'>necandam</span> <span class='ocrx_word' id='word_1_153' title='bbox 620 1236 777 1285; x_wconf 87' lang='lat' dir='ltr'>putent.</span> <span class='ocrx_word' id='word_1_154' title='bbox 826 1232 958 1284; x_wconf 77' lang='lat' dir='ltr'>Atque</span> <span class='ocrx_word' id='word_1_155' title='bbox 992 1229 1068 1271; x_wconf 89' lang='lat' dir='ltr'>hoc</span> <span class='ocrx_word' id='word_1_156' title='bbox 1101 1245 1182 1271; x_wconf 88' lang='lat' dir='ltr'>non</span> <span class='ocrx_word' id='word_1_157' title='bbox 1216 1230 1404 1285; x_wconf 88' lang='lat' dir='ltr'>opinione</span> <span class='ocrx_word' id='word_1_158' title='bbox 1438 1231 1574 1280; x_wconf 89' lang='lat' dir='ltr'>timeo,</span> <span class='ocrx_word' id='word_1_159' title='bbox 1610 1230 1679 1272; x_wconf 87' lang='lat' dir='ltr'>sed</span> <span class='ocrx_word' id='word_1_160' title='bbox 1713 1230 1880 1272; x_wconf 87' lang='lat' dir='ltr'>interfui</span> <span class='ocrx_word' id='word_1_161' title='bbox 1914 1245 1992 1272; x_wconf 87' lang='lat' dir='ltr'>ser-</span> 
     </span>
     <span class='ocr_line' id='line_1_16' title="bbox 172 1302 1992 1358; baseline 0 -14"><span class='ocrx_word' id='word_1_162' title='bbox 172 1321 203 1346; x_wconf 84' lang='lat'>15</span> <span class='ocrx_word' id='word_1_163' title='bbox 223 1302 424 1344; x_wconf 89' lang='lat' dir='ltr'>monibus.</span> <span class='ocrx_word' id='word_1_164' title='bbox 470 1303 613 1344; x_wconf 88' lang='lat' dir='ltr'>Omnis</span> <span class='ocrx_word' id='word_1_165' title='bbox 656 1302 754 1343; x_wconf 88' lang='lat' dir='ltr'>haec</span> <span class='ocrx_word' id='word_1_166' title='bbox 794 1303 930 1343; x_wconf 89' lang='lat' dir='ltr'>classis</span> <span class='ocrx_word' id='word_1_167' title='bbox 969 1302 1233 1353; x_wconf 74' lang='lat' dir='ltr'>Alexandrea,</span> <span class='ocrx_word' id='word_1_168' title='bbox 1281 1302 1455 1353; x_wconf 86' lang='lat' dir='ltr'>Colchis,</span> <span class='ocrx_word' id='word_1_169' title='bbox 1489 1304 1606 1358; x_wconf 70' lang='lat' dir='ltr'>Tyro,</span> <span class='ocrx_word' id='word_1_170' title='bbox 1641 1303 1804 1354; x_wconf 88' lang='lat' dir='ltr'>Sidone,</span> <span class='ocrx_word' id='word_1_171' title='bbox 1843 1302 1992 1355; x_wconf 84' lang='lat' dir='ltr'>Arado,</span> 
     </span>
     <span class='ocr_line' id='line_1_17' title="bbox 223 1375 1991 1433; baseline 0 -15"><span class='ocrx_word' id='word_1_172' title='bbox 223 1378 366 1433; x_wconf 77' lang='lat' dir='ltr'>Cypro,</span> <span class='ocrx_word' id='word_1_173' title='bbox 403 1377 652 1432; x_wconf 81' lang='lat' dir='ltr'>Pamphylia,</span> <span class='ocrx_word' id='word_1_174' title='bbox 688 1376 824 1431; x_wconf 69' lang='lat' dir='ltr'>Lycia,</span> <span class='ocrx_word' id='word_1_175' title='bbox 861 1375 1017 1426; x_wconf 79' lang='lat' dir='ltr'>Rhodo,</span> <span class='ocrx_word' id='word_1_176' title='bbox 1053 1376 1168 1427; x_wconf 80' lang='lat' dir='ltr'>Chio,</span> <span class='ocrx_word' id='word_1_177' title='bbox 1204 1377 1412 1431; x_wconf 78' lang='lat' dir='ltr'>Byzantio,</span> <span class='ocrx_word' id='word_1_178' title='bbox 1451 1375 1595 1426; x_wconf 86' lang='lat' dir='ltr'>Lesbo,</span> <span class='ocrx_word' id='word_1_179' title='bbox 1621 1378 1804 1431; x_wconf 81' lang='lat' dir='ltr'>Smyrna,</span> <span class='ocrx_word' id='word_1_180' title='bbox 1830 1376 1991 1428; x_wconf 88' lang='lat' dir='ltr'>Mileto,</span> 
     </span>
     <span class='ocr_line' id='line_1_18' title="bbox 223 1449 1992 1505; baseline -0.001 -13"><span class='ocrx_word' id='word_1_181' title='bbox 223 1452 305 1492; x_wconf 89' lang='lat' dir='ltr'>Coo</span> <span class='ocrx_word' id='word_1_182' title='bbox 350 1451 399 1492; x_wconf 85' lang='lat' dir='ltr'>ad</span> <span class='ocrx_word' id='word_1_183' title='bbox 440 1449 767 1492; x_wconf 89' lang='lat' dir='ltr'>intercludendos</span> <span class='ocrx_word' id='word_1_184' title='bbox 810 1455 1054 1491; x_wconf 85' lang='lat' dir='ltr'>commeatus</span> <span class='ocrx_word' id='word_1_185' title='bbox 1090 1450 1230 1491; x_wconf 86' lang='lat' dir='ltr'>Italiae</span> <span class='ocrx_word' id='word_1_186' title='bbox 1265 1455 1305 1490; x_wconf 89' lang='lat' dir='ltr'>et</span> <span class='ocrx_word' id='word_1_187' title='bbox 1339 1449 1388 1490; x_wconf 86' lang='lat' dir='ltr'>ad</span> <span class='ocrx_word' id='word_1_188' title='bbox 1423 1449 1677 1505; x_wconf 88' lang='lat' dir='ltr'>occupandas</span> <span class='ocrx_word' id='word_1_189' title='bbox 1710 1449 1992 1492; x_wconf 81' lang='lat' dir='ltr'>frumentarias</span> 
     </span>
     <span class='ocr_line' id='line_1_19' title="bbox 224 1523 1992 1581; baseline -0.002 -14"><span class='ocrx_word' id='word_1_190' title='bbox 224 1526 446 1581; x_wconf 86' lang='lat' dir='ltr'>provincias</span> <span class='ocrx_word' id='word_1_191' title='bbox 491 1528 756 1580; x_wconf 86' lang='lat' dir='ltr'>comparatur.</span> <span class='ocrx_word' id='word_1_192' title='bbox 812 1526 866 1564; x_wconf 75' lang='lat' dir='ltr'>At</span> <span class='ocrx_word' id='word_1_193' title='bbox 909 1539 1029 1579; x_wconf 87' lang='lat' dir='ltr'>quam</span> <span class='ocrx_word' id='word_1_194' title='bbox 1072 1524 1206 1565; x_wconf 85' lang='lat' dir='ltr'>veniet</span> <span class='ocrx_word' id='word_1_195' title='bbox 1249 1524 1400 1564; x_wconf 85' lang='lat' dir='ltr'>iratus!</span> <span class='ocrx_word' id='word_1_196' title='bbox 1450 1530 1489 1564; x_wconf 89' lang='lat' dir='ltr'>et</span> <span class='ocrx_word' id='word_1_197' title='bbox 1522 1523 1572 1564; x_wconf 88' lang='lat' dir='ltr'>iis</span> <span class='ocrx_word' id='word_1_198' title='bbox 1606 1523 1769 1578; x_wconf 88' lang='lat' dir='ltr'>quidem</span> <span class='ocrx_word' id='word_1_199' title='bbox 1804 1523 1992 1573; x_wconf 84' lang='lat' dir='ltr'>maxime,</span> 
     </span>
     <span class='ocr_line' id='line_1_20' title="bbox 224 1596 1992 1653; baseline -0.002 -13"><span class='ocrx_word' id='word_1_200' title='bbox 224 1599 292 1653; x_wconf 86' lang='lat' dir='ltr'>qui</span> <span class='ocrx_word' id='word_1_201' title='bbox 333 1613 425 1640; x_wconf 91' lang='lat' dir='ltr'>eum</span> <span class='ocrx_word' id='word_1_202' title='bbox 466 1599 637 1640; x_wconf 86' lang='lat' dir='ltr'>maxime</span> <span class='ocrx_word' id='word_1_203' title='bbox 689 1598 843 1639; x_wconf 87' lang='lat' dir='ltr'>salvum</span> <span class='ocrx_word' id='word_1_204' title='bbox 890 1597 1092 1647; x_wconf 85' lang='lat' dir='ltr'>volebant,</span> <span class='ocrx_word' id='word_1_205' title='bbox 1139 1598 1253 1652; x_wconf 88' lang='lat' dir='ltr'>quasi</span> <span class='ocrx_word' id='word_1_206' title='bbox 1300 1597 1464 1638; x_wconf 88' lang='lat' dir='ltr'>relictus</span> <span class='ocrx_word' id='word_1_207' title='bbox 1498 1596 1548 1637; x_wconf 87' lang='lat' dir='ltr'>ab</span> <span class='ocrx_word' id='word_1_208' title='bbox 1582 1597 1647 1648; x_wconf 86' lang='lat' dir='ltr'>iis,</span> <span class='ocrx_word' id='word_1_209' title='bbox 1682 1611 1782 1652; x_wconf 89' lang='lat' dir='ltr'>quos</span> <span class='ocrx_word' id='word_1_210' title='bbox 1815 1596 1992 1650; x_wconf 86' lang='lat' dir='ltr'>reliquit.</span> 
     </span>
     <span class='ocr_line' id='line_1_21' title="bbox 171 1670 1994 1727; baseline -0.001 -14"><span class='ocrx_word' id='word_1_211' title='bbox 171 1688 206 1715; x_wconf 71' lang='lat'>—20</span> <span class='ocrx_word' id='word_1_212' title='bbox 221 1671 366 1727; x_wconf 85' lang='lat' dir='ltr'>Itaque</span> <span class='ocrx_word' id='word_1_213' title='bbox 399 1672 499 1713; x_wconf 90' lang='lat' dir='ltr'>mihi</span> <span class='ocrx_word' id='word_1_214' title='bbox 534 1670 741 1712; x_wconf 86' lang='lat' dir='ltr'>dubitanti</span> <span class='ocrx_word' id='word_1_215' title='bbox 786 1670 882 1726; x_wconf 86' lang='lat' dir='ltr'>quid</span> <span class='ocrx_word' id='word_1_216' title='bbox 917 1686 978 1711; x_wconf 88' lang='lat' dir='ltr'>me</span> <span class='ocrx_word' id='word_1_217' title='bbox 1014 1671 1140 1712; x_wconf 85' lang='lat' dir='ltr'>facere</span> <span class='ocrx_word' id='word_1_218' title='bbox 1186 1686 1256 1727; x_wconf 87' lang='lat' dir='ltr'>par</span> <span class='ocrx_word' id='word_1_219' title='bbox 1307 1671 1359 1711; x_wconf 88' lang='lat' dir='ltr'>sit</span> <span class='ocrx_word' id='word_1_220' title='bbox 1393 1685 1654 1726; x_wconf 83' lang='lat' dir='ltr'>permagnum</span> <span class='ocrx_word' id='word_1_221' title='bbox 1687 1670 1846 1726; x_wconf 87' lang='lat' dir='ltr'>pondus</span> <span class='ocrx_word' id='word_1_222' title='bbox 1880 1670 1994 1712; x_wconf 88' lang='lat' dir='ltr'>affert</span> 
     </span>
     <span class='ocr_line' id='line_1_22' title="bbox 223 1744 1993 1800; baseline 0 -15"><span class='ocrx_word' id='word_1_223' title='bbox 223 1744 501 1786; x_wconf 86' lang='lat' dir='ltr'>benevolentia</span> <span class='ocrx_word' id='word_1_224' title='bbox 545 1760 638 1800; x_wconf 85' lang='lat' dir='ltr'>erga</span> <span class='ocrx_word' id='word_1_225' title='bbox 677 1744 806 1795; x_wconf 86' lang='lat' dir='ltr'>illum,</span> <span class='ocrx_word' id='word_1_226' title='bbox 848 1759 926 1799; x_wconf 79' lang='lat' dir='ltr'>qua</span> <span class='ocrx_word' id='word_1_227' title='bbox 959 1744 1121 1800; x_wconf 88' lang='lat' dir='ltr'>dempta</span> <span class='ocrx_word' id='word_1_228' title='bbox 1155 1745 1283 1800; x_wconf 86' lang='lat' dir='ltr'>perire</span> <span class='ocrx_word' id='word_1_229' title='bbox 1319 1744 1460 1786; x_wconf 88' lang='lat' dir='ltr'>melius</span> <span class='ocrx_word' id='word_1_230' title='bbox 1494 1750 1599 1785; x_wconf 88' lang='lat' dir='ltr'>esset</span> <span class='ocrx_word' id='word_1_231' title='bbox 1632 1745 1675 1785; x_wconf 90' lang='lat' dir='ltr'>in</span> <span class='ocrx_word' id='word_1_232' title='bbox 1710 1744 1839 1799; x_wconf 86' lang='lat' dir='ltr'>patria</span> <span class='ocrx_word' id='word_1_233' title='bbox 1872 1759 1993 1800; x_wconf 87' lang='lat' dir='ltr'>quam</span> 
     </span>
     <span class='ocr_line' id='line_1_23' title="bbox 223 1817 1992 1873; baseline -0.001 -14"><span class='ocrx_word' id='word_1_234' title='bbox 223 1818 393 1873; x_wconf 80' lang='lat' dir='ltr'>patriam</span> <span class='ocrx_word' id='word_1_235' title='bbox 435 1818 627 1859; x_wconf 86' lang='lat' dir='ltr'>servando</span> <span class='ocrx_word' id='word_1_236' title='bbox 674 1823 863 1859; x_wconf 80' lang='lat' dir='ltr'>evertere.</span> <span class='ocrx_word' id='word_1_237' title='bbox 914 1818 973 1858; x_wconf 85' lang='lat' dir='ltr'>De</span> <span class='ocrx_word' id='word_1_238' title='bbox 1015 1818 1312 1873; x_wconf 87' lang='lat' dir='ltr'>septemtrione,</span> <span class='ocrx_word' id='word_1_239' title='bbox 1358 1817 1475 1872; x_wconf 85' lang='lat' dir='ltr'>plane</span> <span class='ocrx_word' id='word_1_240' title='bbox 1518 1818 1575 1858; x_wconf 88' lang='lat' dir='ltr'>ita</span> <span class='ocrx_word' id='word_1_241' title='bbox 1616 1823 1690 1858; x_wconf 84' lang='lat' dir='ltr'>est.</span> <span class='ocrx_word' id='word_1_242' title='bbox 1752 1817 1894 1858; x_wconf 84' lang='lat' dir='ltr'>Metuo</span> <span class='ocrx_word' id='word_1_243' title='bbox 1942 1832 1992 1858; x_wconf 86' lang='lat' dir='ltr'>ne</span> 
     </span>
     <span class='ocr_line' id='line_1_24' title="bbox 225 1888 1993 1946; baseline -0.001 -15"><span class='ocrx_word' id='word_1_244' title='bbox 225 1896 389 1931; x_wconf 84' lang='lat' dir='ltr'>vexetur</span> <span class='ocrx_word' id='word_1_245' title='bbox 426 1890 589 1946; x_wconf 86' lang='lat' dir='ltr'>Epirus.</span> <span class='ocrx_word' id='word_1_246' title='bbox 639 1890 716 1932; x_wconf 88' lang='lat' dir='ltr'>Sed</span> <span class='ocrx_word' id='word_1_247' title='bbox 762 1905 879 1944; x_wconf 78' lang='lat' dir='ltr'>quem</span> <span class='ocrx_word' id='word_1_248' title='bbox 927 1896 973 1931; x_wconf 86' lang='lat' dir='ltr'>tu</span> <span class='ocrx_word' id='word_1_249' title='bbox 1019 1890 1150 1931; x_wconf 83' lang='lat' dir='ltr'>locum</span> <span class='ocrx_word' id='word_1_250' title='bbox 1185 1890 1377 1931; x_wconf 84' lang='lat' dir='ltr'>Graeciae</span> <span class='ocrx_word' id='word_1_251' title='bbox 1410 1904 1493 1930; x_wconf 88' lang='lat' dir='ltr'>non</span> <span class='ocrx_word' id='word_1_252' title='bbox 1527 1888 1729 1944; x_wconf 87' lang='lat' dir='ltr'>direptum</span> <span class='ocrx_word' id='word_1_253' title='bbox 1764 1888 1813 1929; x_wconf 88' lang='lat' dir='ltr'>iri</span> <span class='ocrx_word' id='word_1_254' title='bbox 1846 1889 1993 1944; x_wconf 77' lang='lat' dir='ltr'>putas?</span> 
     </span>
     <span class='ocr_line' id='line_1_25' title="bbox 226 1962 1990 2019; baseline -0.001 -15"><span class='ocrx_word' id='word_1_255' title='bbox 226 1964 435 2005; x_wconf 85' lang='lat' dir='ltr'>Praedicat</span> <span class='ocrx_word' id='word_1_256' title='bbox 475 1965 581 2006; x_wconf 90' lang='lat' dir='ltr'>enim</span> <span class='ocrx_word' id='word_1_257' title='bbox 628 1964 757 2019; x_wconf 86' lang='lat' dir='ltr'>palam</span> <span class='ocrx_word' id='word_1_258' title='bbox 792 1971 832 2005; x_wconf 86' lang='lat' dir='ltr'>et</span> <span class='ocrx_word' id='word_1_259' title='bbox 865 1963 1063 2005; x_wconf 87' lang='lat' dir='ltr'>militibus</span> <span class='ocrx_word' id='word_1_260' title='bbox 1096 1963 1273 2005; x_wconf 86' lang='lat' dir='ltr'>ostendit</span> <span class='ocrx_word' id='word_1_261' title='bbox 1306 1978 1345 2004; x_wconf 86' lang='lat' dir='ltr'>se</span> <span class='ocrx_word' id='word_1_262' title='bbox 1380 1962 1592 2016; x_wconf 83' lang='lat' dir='ltr'>largitione</span> <span class='ocrx_word' id='word_1_263' title='bbox 1626 1962 1713 2017; x_wconf 84' lang='lat' dir='ltr'>ipsa</span> <span class='ocrx_word' id='word_1_264' title='bbox 1747 1962 1990 2017; x_wconf 87' lang='lat' dir='ltr'>superiorem</span> 
     </span>
    </p>
   </div>
   <div class='ocr_carea' id='block_1_3' title="bbox 226 2136 2051 3145">
    <p class='ocr_par' dir='ltr' id='par_1_3' title="bbox 226 2136 1992 2668">
     <span class='ocr_line' id='line_1_26' title="bbox 226 2136 1991 2181; baseline -0.004 -7"><span class='ocrx_word' id='word_1_265' title='bbox 226 2142 292 2174; x_wconf 89' lang='lat' dir='ltr'>Sic.</span> <span class='ocrx_word' id='word_1_266' title='bbox 317 2141 416 2173; x_wconf 85' lang='lat' dir='ltr'>XVI.</span> <span class='ocrx_word' id='word_1_267' title='bbox 441 2141 490 2174; x_wconf 85' lang='lat'>70.</span> <span class='ocrx_word' id='word_1_268' title='bbox 527 2141 617 2172; x_wconf 87' lang='lat' dir='ltr'>Hinc</span> <span class='ocrx_word' id='word_1_269' title='bbox 640 2146 755 2172; x_wconf 85' lang='lat' dir='ltr'>natum</span> <span class='ocrx_word' id='word_1_270' title='bbox 777 2140 995 2181; x_wconf 76' lang='lat' dir='ltr'>proverbium,</span> <span class='ocrx_word' id='word_1_271' title='bbox 1019 2149 1083 2181; x_wconf 89' lang='lat' dir='ltr'>quo</span> <span class='ocrx_word' id='word_1_272' title='bbox 1130 2139 1264 2176; x_wconf 80' lang='lat' dir='ltr'>diniani,</span> <span class='ocrx_word' id='word_1_273' title='bbox 1288 2147 1440 2169; x_wconf 88' lang='lat' dir='ltr'>annonae</span> <span class='ocrx_word' id='word_1_274' title='bbox 1462 2138 1601 2178; x_wconf 80' lang='lat' dir='ltr'>pignera.</span> <span class='ocrx_word' id='word_1_275' title='bbox 1622 2137 1726 2174; x_wconf 78' lang='lat' dir='ltr'>(Flor.</span> <span class='ocrx_word' id='word_1_276' title='bbox 1749 2137 1810 2168; x_wconf 91' lang='lat' dir='ltr'>IV.</span> <span class='ocrx_word' id='word_1_277' title='bbox 1834 2136 1879 2176; x_wconf 82' lang='lat'>2),</span> <span class='ocrx_word' id='word_1_278' title='bbox 1903 2136 1991 2168; x_wconf 82' lang='lat' dir='ltr'>Afri-</span> 
     </span>
     <span class='ocr_line' id='line_1_27' title="bbox 227 2192 1485 2235; baseline -0.004 -8"><span class='ocrx_word' id='word_1_279' title='bbox 227 2197 276 2227; x_wconf 90' lang='lat' dir='ltr'>usi</span> <span class='ocrx_word' id='word_1_280' title='bbox 308 2201 392 2233; x_wconf 77' lang='lat' dir='ltr'>sunt,</span> <span class='ocrx_word' id='word_1_281' title='bbox 424 2195 678 2227; x_wconf 85' lang='lat' dir='ltr'>Lacedaemonii</span> <span class='ocrx_word' id='word_1_282' title='bbox 707 2195 862 2226; x_wconf 82' lang='lat' dir='ltr'>adversus</span> <span class='ocrx_word' id='word_1_283' title='bbox 891 2194 1084 2235; x_wconf 81' lang='lat' dir='ltr'>Philippum</span> <span class='ocrx_word' id='word_1_284' title='bbox 1130 2202 1203 2222; x_wconf 82' lang='lat' dir='ltr'>cam</span> <span class='ocrx_word' id='word_1_285' title='bbox 1225 2197 1256 2223; x_wconf 87' lang='lat' dir='ltr'>et</span> <span class='ocrx_word' id='word_1_286' title='bbox 1276 2192 1485 2232; x_wconf 81' lang='lat' dir='ltr'>Hispaniam.</span> 
     </span>
     <span class='ocr_line' id='line_1_28' title="bbox 226 2231 1991 2295; baseline -0.003 -15"><span class='ocrx_word' id='word_1_287' title='bbox 226 2250 418 2287; x_wconf 81' lang='lat' dir='ltr'>minantem,</span> <span class='ocrx_word' id='word_1_288' title='bbox 435 2246 608 2286; x_wconf 79' lang='grc' dir='ltr'><strong><em>Διονύσιος</em></strong></span> <span class='ocrx_word' id='word_1_289' title='bbox 624 2247 656 2280; x_wconf 81' lang='grc' dir='ltr'>ἐν</span> <span class='ocrx_word' id='word_1_290' title='bbox 669 2246 844 2295; x_wconf 69' lang='grc' dir='ltr'><strong>Κορίνθῳ.</strong></span> <span class='ocrx_word' id='word_1_291' title='bbox 860 2246 975 2278; x_wconf 85' lang='lat' dir='ltr'>Cicero</span> <span class='ocrx_word' id='word_1_292' title='bbox 995 2256 1083 2276; x_wconf 89' lang='lat' dir='ltr'>nunc</span> <span class='ocrx_word' id='word_1_293' title='bbox 1107 2231 1110 2274; x_wconf 61' lang='lat' dir='ltr'>l</span> <span class='ocrx_word' id='word_1_294' title='bbox 1178 2245 1222 2276; x_wconf 87' lang='lat' dir='ltr'>De</span> <span class='ocrx_word' id='word_1_295' title='bbox 1244 2245 1472 2285; x_wconf 70' lang='lat' dir='ltr'>septemtrione,</span> <span class='ocrx_word' id='word_1_296' title='bbox 1490 2245 1590 2285; x_wconf 77' lang='lat' dir='ltr'>plane</span> <span class='ocrx_word' id='word_1_297' title='bbox 1609 2245 1656 2276; x_wconf 75' lang='lat' dir='ltr'>ita</span> <span class='ocrx_word' id='word_1_298' title='bbox 1668 2247 1726 2276; x_wconf 76' lang='lat' dir='ltr'>est.</span> <span class='ocrx_word' id='word_1_299' title='bbox 1748 2244 1821 2276; x_wconf 92' lang='lat' dir='ltr'>Alii</span> <span class='ocrx_word' id='word_1_300' title='bbox 1835 2244 1876 2276; x_wconf 86' lang='lat' dir='ltr'>de</span> <span class='ocrx_word' id='word_1_301' title='bbox 1892 2247 1991 2275; x_wconf 82' lang='lat' dir='ltr'>vento</span> 
     </span>
     <span class='ocr_line' id='line_1_29' title="bbox 228 2298 1991 2346; baseline -0.006 -8"><span class='ocrx_word' id='word_1_302' title='bbox 228 2316 266 2338; x_wconf 85' lang='lat' dir='ltr'>eo</span> <span class='ocrx_word' id='word_1_303' title='bbox 290 2307 392 2337; x_wconf 86' lang='lat' dir='ltr'>utitur</span> <span class='ocrx_word' id='word_1_304' title='bbox 414 2307 454 2337; x_wconf 88' lang='lat' dir='ltr'>de</span> <span class='ocrx_word' id='word_1_305' title='bbox 478 2306 583 2342; x_wconf 83' lang='lat' dir='ltr'>bonis,</span> <span class='ocrx_word' id='word_1_306' title='bbox 608 2315 690 2346; x_wconf 88' lang='lat' dir='ltr'>quos</span> <span class='ocrx_word' id='word_1_307' title='bbox 711 2315 814 2345; x_wconf 88' lang='lat' dir='ltr'>quum</span> <span class='ocrx_word' id='word_1_308' title='bbox 836 2304 905 2344; x_wconf 82' lang='lat' dir='ltr'>ipse</span> <span class='ocrx_word' id='word_1_309' title='bbox 927 2304 959 2334; x_wconf 91' lang='lat' dir='ltr'>h.</span> <span class='ocrx_word' id='word_1_310' title='bbox 981 2303 1003 2333; x_wconf 85' lang='lat'>1.</span> <span class='ocrx_word' id='word_1_311' title='bbox 1021 2303 1049 2339; x_wconf 91' lang='lat' dir='ltr'>l,</span> <span class='ocrx_word' id='word_1_312' title='bbox 1064 2303 1085 2332; x_wconf 78' lang='lat'>4</span> <span class='ocrx_word' id='word_1_313' title='bbox 1129 2299 1184 2330; x_wconf 81' lang='lat' dir='ltr'>hic</span> <span class='ocrx_word' id='word_1_314' title='bbox 1207 2300 1260 2339; x_wconf 86' lang='lat' dir='ltr'>agi</span> <span class='ocrx_word' id='word_1_315' title='bbox 1282 2305 1408 2340; x_wconf 84' lang='lat' dir='ltr'>putant,</span> <span class='ocrx_word' id='word_1_316' title='bbox 1432 2305 1467 2330; x_wconf 85' lang='lat' dir='ltr'>ut</span> <span class='ocrx_word' id='word_1_317' title='bbox 1490 2299 1706 2339; x_wconf 86' lang='lat' dir='ltr'>Mongaltius,</span> <span class='ocrx_word' id='word_1_318' title='bbox 1730 2298 1788 2339; x_wconf 85' lang='lat' dir='ltr'>qui</span> <span class='ocrx_word' id='word_1_319' title='bbox 1802 2298 1991 2338; x_wconf 82' lang='lat' dir='ltr'>interpreta-</span> 
     </span>
     <span class='ocr_line' id='line_1_30' title="bbox 226 2352 1992 2400; baseline -0.005 -9"><span class='ocrx_word' id='word_1_320' title='bbox 226 2360 414 2400; x_wconf 81' lang='lat' dir='ltr'>negavisset</span> <span class='ocrx_word' id='word_1_321' title='bbox 447 2368 516 2390; x_wconf 87' lang='lat' dir='ltr'>esse</span> <span class='ocrx_word' id='word_1_322' title='bbox 546 2359 642 2389; x_wconf 89' lang='lat' dir='ltr'>ullos.</span> <span class='ocrx_word' id='word_1_323' title='bbox 692 2358 824 2388; x_wconf 86' lang='lat' dir='ltr'>Atticus</span> <span class='ocrx_word' id='word_1_324' title='bbox 853 2358 888 2387; x_wconf 90' lang='lat' dir='ltr'>in</span> <span class='ocrx_word' id='word_1_325' title='bbox 918 2356 998 2387; x_wconf 87' lang='lat' dir='ltr'>urbe</span> <span class='ocrx_word' id='word_1_326' title='bbox 1012 2365 1084 2387; x_wconf 87' lang='lat' dir='ltr'>esse</span> <span class='ocrx_word' id='word_1_327' title='bbox 1106 2363 1109 2391; x_wconf 88' lang='lat'>!</span> <span class='ocrx_word' id='word_1_328' title='bbox 1131 2359 1200 2384; x_wconf 83' lang='lat' dir='ltr'>tur:</span> <span class='ocrx_word' id='word_1_329' title='bbox 1232 2368 1244 2378; x_wconf 65' lang='lat' dir='ltr'><em>u</em></span> <span class='ocrx_word' id='word_1_330' title='bbox 1261 2354 1293 2384; x_wconf 92' lang='lat' dir='ltr'>Il</span> <span class='ocrx_word' id='word_1_331' title='bbox 1315 2360 1364 2384; x_wconf 88' lang='lat' dir='ltr'>est</span> <span class='ocrx_word' id='word_1_332' title='bbox 1393 2353 1458 2384; x_wconf 77' lang='lat' dir='ltr'>tres</span> <span class='ocrx_word' id='word_1_333' title='bbox 1489 2355 1546 2384; x_wconf 71' lang='lat' dir='ltr'>sur</span> <span class='ocrx_word' id='word_1_334' title='bbox 1579 2362 1643 2394; x_wconf 86' lang='lat' dir='ltr'>que</span> <span class='ocrx_word' id='word_1_335' title='bbox 1674 2354 1721 2384; x_wconf 84' lang='lat' dir='ltr'>les</span> <span class='ocrx_word' id='word_1_336' title='bbox 1751 2352 1884 2384; x_wconf 89' lang='lat' dir='ltr'>consuls</span> <span class='ocrx_word' id='word_1_337' title='bbox 1916 2357 1992 2383; x_wconf 87' lang='lat' dir='ltr'>sont</span> 
     </span>
     <span class='ocr_line' id='line_1_31' title="bbox 226 2394 1992 2451; baseline -0.005 -6"><span class='ocrx_word' id='word_1_338' title='bbox 226 2413 425 2445; x_wconf 80' lang='lat' dir='ltr'>defenderat.</span> <span class='ocrx_word' id='word_1_339' title='bbox 449 2411 518 2442; x_wconf 73' lang='lat' dir='ltr'>Sint</span> <span class='ocrx_word' id='word_1_340' title='bbox 542 2412 602 2449; x_wconf 87' lang='lat' dir='ltr'>(ita</span> <span class='ocrx_word' id='word_1_341' title='bbox 628 2417 714 2442; x_wconf 85' lang='lat' dir='ltr'>recte</span> <span class='ocrx_word' id='word_1_342' title='bbox 735 2410 923 2442; x_wconf 84' lang='lat' dir='ltr'>Gronovius</span> <span class='ocrx_word' id='word_1_343' title='bbox 939 2420 996 2451; x_wconf 84' lang='lat' dir='ltr'>pro</span> <span class='ocrx_word' id='word_1_344' title='bbox 1014 2409 1083 2450; x_wconf 77' lang='lat' dir='ltr'>sit),</span> <span class='ocrx_word' id='word_1_345' title='bbox 1106 2394 1109 2439; x_wconf 71' lang='lat' dir='ltr'>i</span> <span class='ocrx_word' id='word_1_346' title='bbox 1130 2408 1230 2448; x_wconf 82' lang='lat' dir='ltr'>partis</span> <span class='ocrx_word' id='word_1_347' title='bbox 1258 2417 1316 2448; x_wconf 86' lang='lat' dir='ltr'>par</span> <span class='ocrx_word' id='word_1_348' title='bbox 1345 2417 1390 2438; x_wconf 87' lang='lat' dir='ltr'>uu</span> <span class='ocrx_word' id='word_1_349' title='bbox 1423 2413 1499 2438; x_wconf 87' lang='lat' dir='ltr'>vent</span> <span class='ocrx_word' id='word_1_350' title='bbox 1528 2408 1572 2438; x_wconf 88' lang='lat' dir='ltr'>du</span> <span class='ocrx_word' id='word_1_351' title='bbox 1601 2407 1728 2438; x_wconf 73' lang='lat' dir='ltr'>Nord&#39;&#39;.</span> <span class='ocrx_word' id='word_1_352' title='bbox 1779 2405 1847 2438; x_wconf 85' lang='lat' dir='ltr'>Sed</span> <span class='ocrx_word' id='word_1_353' title='bbox 1875 2405 1992 2438; x_wconf 73' lang='lat' dir='ltr'>Cicero</span> 
     </span>
     <span class='ocr_line' id='line_1_32' title="bbox 226 2455 1991 2509; baseline -0.005 -10"><span class='ocrx_word' id='word_1_354' title='bbox 226 2468 340 2509; x_wconf 84' lang='lat' dir='ltr'>quales</span> <span class='ocrx_word' id='word_1_355' title='bbox 375 2477 444 2498; x_wconf 89' lang='lat' dir='ltr'>esse</span> <span class='ocrx_word' id='word_1_356' title='bbox 467 2467 525 2503; x_wconf 79' lang='lat' dir='ltr'>vis,</span> <span class='ocrx_word' id='word_1_357' title='bbox 548 2466 605 2497; x_wconf 84' lang='lat' dir='ltr'>sed</span> <span class='ocrx_word' id='word_1_358' title='bbox 628 2465 828 2500; x_wconf 73' lang='lat' dir='ltr'>siCaesaris</span> <span class='ocrx_word' id='word_1_359' title='bbox 854 2464 984 2495; x_wconf 86' lang='lat' dir='ltr'>fortuna</span> <span class='ocrx_word' id='word_1_360' title='bbox 1016 2474 1083 2494; x_wconf 91' lang='lat' dir='ltr'>mu-</span> <span class='ocrx_word' id='word_1_361' title='bbox 1105 2455 1108 2483; x_wconf 60' lang='lat' dir='ltr'>i</span> <span class='ocrx_word' id='word_1_362' title='bbox 1130 2466 1200 2492; x_wconf 85' lang='lat' dir='ltr'>tum</span> <span class='ocrx_word' id='word_1_363' title='bbox 1227 2461 1428 2502; x_wconf 80' lang='lat' dir='ltr'>scripsisset:</span> <span class='ocrx_word' id='word_1_364' title='bbox 1459 2462 1499 2492; x_wconf 80' lang='lat' dir='ltr'>de</span> <span class='ocrx_word' id='word_1_365' title='bbox 1521 2460 1800 2502; x_wconf 71' lang='lat' dir='ltr'>septemtrionibus,</span> <span class='ocrx_word' id='word_1_366' title='bbox 1824 2466 1861 2491; x_wconf 85' lang='lat' dir='ltr'>ut</span> <span class='ocrx_word' id='word_1_367' title='bbox 1882 2460 1917 2490; x_wconf 90' lang='lat' dir='ltr'>in</span> <span class='ocrx_word' id='word_1_368' title='bbox 1941 2469 1991 2500; x_wconf 88' lang='lat' dir='ltr'>ep.</span> 
     </span>
     <span class='ocr_line' id='line_1_33' title="bbox 226 2513 1992 2560; baseline -0.005 -8"><span class='ocrx_word' id='word_1_369' title='bbox 226 2522 359 2558; x_wconf 80' lang='lat' dir='ltr'>tabitur,</span> <span class='ocrx_word' id='word_1_370' title='bbox 392 2531 460 2551; x_wconf 91' lang='lat' dir='ltr'>non</span> <span class='ocrx_word' id='word_1_371' title='bbox 483 2520 624 2560; x_wconf 85' lang='lat' dir='ltr'>amplius</span> <span class='ocrx_word' id='word_1_372' title='bbox 654 2524 760 2550; x_wconf 83' lang='lat' dir='ltr'>erunt.</span> <span class='ocrx_word' id='word_1_373' title='bbox 804 2519 902 2549; x_wconf 88' lang='lat' dir='ltr'>Nune</span> <span class='ocrx_word' id='word_1_374' title='bbox 930 2527 984 2548; x_wconf 90' lang='lat' dir='ltr'>me</span> <span class='ocrx_word' id='word_1_375' title='bbox 1016 2518 1083 2548; x_wconf 88' lang='lat' dir='ltr'>lau·</span> <span class='ocrx_word' id='word_1_376' title='bbox 1106 2528 1108 2539; x_wconf 91' lang='lat'><em>·</em></span> <span class='ocrx_word' id='word_1_377' title='bbox 1131 2517 1159 2553; x_wconf 87' lang='grc'>6,</span> <span class='ocrx_word' id='word_1_378' title='bbox 1183 2518 1213 2547; x_wconf 87' lang='lat'>3.</span> <span class='ocrx_word' id='word_1_379' title='bbox 1240 2515 1421 2557; x_wconf 82' lang='lat' dir='ltr'>Sequentia</span> <span class='ocrx_word' id='word_1_380' title='bbox 1444 2517 1623 2547; x_wconf 87' lang='lat' dir='ltr'>ostendunt</span> <span class='ocrx_word' id='word_1_381' title='bbox 1644 2524 1835 2547; x_wconf 85' lang='lat' dir='ltr'>sermonem</span> <span class='ocrx_word' id='word_1_382' title='bbox 1858 2523 1927 2546; x_wconf 85' lang='lat' dir='ltr'>esse</span> <span class='ocrx_word' id='word_1_383' title='bbox 1950 2513 1992 2544; x_wconf 80' lang='lat' dir='ltr'>de</span> 
     </span>
     <span class='ocr_line' id='line_1_34' title="bbox 227 2567 1992 2615; baseline -0.005 -9"><span class='ocrx_word' id='word_1_384' title='bbox 227 2576 315 2612; x_wconf 83' lang='lat' dir='ltr'>dant,</span> <span class='ocrx_word' id='word_1_385' title='bbox 345 2575 434 2615; x_wconf 89' lang='lat' dir='ltr'>quod</span> <span class='ocrx_word' id='word_1_386' title='bbox 463 2573 605 2605; x_wconf 83' lang='lat' dir='ltr'>remansi</span> <span class='ocrx_word' id='word_1_387' title='bbox 628 2573 662 2604; x_wconf 91' lang='lat' dir='ltr'>in</span> <span class='ocrx_word' id='word_1_388' title='bbox 688 2572 801 2609; x_wconf 83' lang='lat' dir='ltr'>ltalia3</span> <span class='ocrx_word' id='word_1_389' title='bbox 826 2572 905 2612; x_wconf 89' lang='lat' dir='ltr'>quid</span> <span class='ocrx_word' id='word_1_390' title='bbox 929 2576 999 2602; x_wconf 85' lang='lat' dir='ltr'>tum</span> <span class='ocrx_word' id='word_1_391' title='bbox 1023 2571 1084 2601; x_wconf 87' lang='lat' dir='ltr'>fac·</span> <span class='ocrx_word' id='word_1_392' title='bbox 1105 2580 1108 2595; x_wconf 56' lang='grc' dir='ltr'>ν</span> <span class='ocrx_word' id='word_1_393' title='bbox 1130 2569 1277 2610; x_wconf 84' lang='lat' dir='ltr'>Illyrico,</span> <span class='ocrx_word' id='word_1_394' title='bbox 1308 2569 1514 2606; x_wconf 76' lang='lat' dir='ltr'>Macedonia,</span> <span class='ocrx_word' id='word_1_395' title='bbox 1548 2568 1698 2606; x_wconf 80' lang='lat' dir='ltr'>Thracia,</span> <span class='ocrx_word' id='word_1_396' title='bbox 1731 2577 1812 2608; x_wconf 78' lang='lat' dir='ltr'>quas</span> <span class='ocrx_word' id='word_1_397' title='bbox 1840 2567 1992 2607; x_wconf 85' lang='lat' dir='ltr'>regiones</span> 
     </span>
     <span class='ocr_line' id='line_1_35' title="bbox 228 2610 1992 2668; baseline -0.005 -10"><span class='ocrx_word' id='word_1_398' title='bbox 228 2628 295 2659; x_wconf 86' lang='lat' dir='ltr'>turi</span> <span class='ocrx_word' id='word_1_399' title='bbox 316 2626 416 2658; x_wconf 88' lang='lat' dir='ltr'>sunt?</span> <span class='ocrx_word' id='word_1_400' title='bbox 1105 2610 1108 2668; x_wconf 46' lang='grc' dir='ltr'>ᾗ</span> <span class='ocrx_word' id='word_1_401' title='bbox 1130 2621 1414 2663; x_wconf 81' lang='lat' dir='ltr'>septemtrionales</span> <span class='ocrx_word' id='word_1_402' title='bbox 1450 2622 1538 2653; x_wconf 90' lang='lat' dir='ltr'>bello</span> <span class='ocrx_word' id='word_1_403' title='bbox 1569 2625 1726 2653; x_wconf 81' lang='lat' dir='ltr'>vexatum</span> <span class='ocrx_word' id='word_1_404' title='bbox 1753 2620 1794 2651; x_wconf 89' lang='lat' dir='ltr'>iri</span> <span class='ocrx_word' id='word_1_405' title='bbox 1823 2619 1992 2661; x_wconf 79' lang='lat' dir='ltr'>putabant.</span> 
     </span>
    </p>

    <p class='ocr_par' dir='ltr' id='par_1_4' title="bbox 228 2670 1997 2879">
     <span class='ocr_line' id='line_1_36' title="bbox 270 2670 1997 2721; baseline -0.005 -10"><span class='ocrx_word' id='word_1_406' title='bbox 270 2681 289 2721; x_wconf 61' lang='grc' dir='ltr'>ξ</span> <span class='ocrx_word' id='word_1_407' title='bbox 312 2681 340 2711; x_wconf 81' lang='lat'>2.</span> <span class='ocrx_word' id='word_1_408' title='bbox 370 2679 414 2711; x_wconf 88' lang='lat' dir='ltr'>De</span> <span class='ocrx_word' id='word_1_409' title='bbox 436 2689 562 2710; x_wconf 78' lang='lat' dir='ltr'>numero</span> <span class='ocrx_word' id='word_1_410' title='bbox 584 2679 725 2716; x_wconf 74' lang='lat' dir='ltr'>militnm,</span> <span class='ocrx_word' id='word_1_411' title='bbox 747 2687 790 2709; x_wconf 84' lang='lat' dir='ltr'>sc.</span> <span class='ocrx_word' id='word_1_412' title='bbox 809 2678 865 2719; x_wconf 89' lang='lat' dir='ltr'>qui</span> <span class='ocrx_word' id='word_1_413' title='bbox 887 2687 963 2708; x_wconf 80' lang='lat' dir='ltr'>cuni</span> <span class='ocrx_word' id='word_1_414' title='bbox 987 2677 1084 2708; x_wconf 89' lang='lat' dir='ltr'>Pom·</span> <span class='ocrx_word' id='word_1_415' title='bbox 1106 2670 1109 2709; x_wconf 70' lang='grc' dir='ltr'>ἓ</span> <span class='ocrx_word' id='word_1_416' title='bbox 1130 2676 1306 2707; x_wconf 86' lang='lat' dir='ltr'>Assentior</span> <span class='ocrx_word' id='word_1_417' title='bbox 1327 2675 1506 2706; x_wconf 87' lang='lat' dir='ltr'>Wielando</span> <span class='ocrx_word' id='word_1_418' title='bbox 1538 2675 1624 2706; x_wconf 85' lang='lat' dir='ltr'>hanc</span> <span class='ocrx_word' id='word_1_419' title='bbox 1653 2673 1852 2706; x_wconf 79' lang='lat' dir='ltr'>sententiam</span> <span class='ocrx_word' id='word_1_420' title='bbox 1875 2681 1893 2704; x_wconf 88' lang='lat' dir='ltr'>e</span> <span class='ocrx_word' id='word_1_421' title='bbox 1924 2681 1997 2703; x_wconf 87' lang='lat' dir='ltr'>ver-</span> 
     </span>
     <span class='ocr_line' id='line_1_37' title="bbox 228 2726 1994 2775; baseline -0.005 -9"><span class='ocrx_word' id='word_1_422' title='bbox 228 2735 302 2775; x_wconf 85' lang='lat' dir='ltr'>peio</span> <span class='ocrx_word' id='word_1_423' title='bbox 330 2734 537 2770; x_wconf 81' lang='lat' dir='ltr'>transierunt,</span> <span class='ocrx_word' id='word_1_424' title='bbox 567 2742 609 2764; x_wconf 88' lang='lat' dir='ltr'>ex</span> <span class='ocrx_word' id='word_1_425' title='bbox 638 2732 742 2764; x_wconf 83' lang='lat' dir='ltr'>literis</span> <span class='ocrx_word' id='word_1_426' title='bbox 772 2730 917 2769; x_wconf 85' lang='lat' dir='ltr'>Clodiae,</span> <span class='ocrx_word' id='word_1_427' title='bbox 949 2740 1031 2772; x_wconf 88' lang='lat' dir='ltr'>quae</span> <span class='ocrx_word' id='word_1_428' title='bbox 1054 2736 1086 2762; x_wconf 88' lang='lat' dir='ltr'>et</span> <span class='ocrx_word' id='word_1_429' title='bbox 1107 2727 1110 2774; x_wconf 57' lang='grc' dir='ltr'>ᾖ</span> <span class='ocrx_word' id='word_1_430' title='bbox 1134 2730 1183 2760; x_wconf 87' lang='lat' dir='ltr'>bis</span> <span class='ocrx_word' id='word_1_431' title='bbox 1222 2729 1385 2761; x_wconf 86' lang='lat' dir='ltr'>elicienti:</span> <span class='ocrx_word' id='word_1_432' title='bbox 1428 2728 1539 2760; x_wconf 79' lang='lat' dir='ltr'>uDasz</span> <span class='ocrx_word' id='word_1_433' title='bbox 1585 2729 1644 2760; x_wconf 88' lang='lat' dir='ltr'>der</span> <span class='ocrx_word' id='word_1_434' title='bbox 1686 2727 1792 2768; x_wconf 82' lang='lat' dir='ltr'>Krieg</span> <span class='ocrx_word' id='word_1_435' title='bbox 1840 2726 1911 2757; x_wconf 85' lang='lat' dir='ltr'>sich</span> <span class='ocrx_word' id='word_1_436' title='bbox 1959 2726 1994 2756; x_wconf 92' lang='lat' dir='ltr'>in</span> 
     </span>
     <span class='ocr_line' id='line_1_38' title="bbox 230 2775 1993 2838; baseline -0.005 -19"><span class='ocrx_word' id='word_1_437' title='bbox 230 2788 298 2828; x_wconf 86' lang='lat' dir='ltr'>ipsa</span> <span class='ocrx_word' id='word_1_438' title='bbox 326 2787 366 2818; x_wconf 87' lang='lat' dir='ltr'>de</span> <span class='ocrx_word' id='word_1_439' title='bbox 394 2786 535 2818; x_wconf 85' lang='lat' dir='ltr'>navibus</span> <span class='ocrx_word' id='word_1_440' title='bbox 565 2784 724 2825; x_wconf 82' lang='lat' dir='ltr'>corruptis</span> <span class='ocrx_word' id='word_1_441' title='bbox 755 2784 909 2815; x_wconf 82' lang='lat' dir='ltr'>nuntium</span> <span class='ocrx_word' id='word_1_442' title='bbox 941 2784 1085 2817; x_wconf 78' lang='lat' dir='ltr'>miserat.</span> <span class='ocrx_word' id='word_1_443' title='bbox 1107 2775 1111 2838; x_wconf 58' lang='grc' dir='ltr'>ῙΙ</span> <span class='ocrx_word' id='word_1_444' title='bbox 1132 2784 1189 2814; x_wconf 86' lang='lat' dir='ltr'>das</span> <span class='ocrx_word' id='word_1_445' title='bbox 1219 2783 1389 2814; x_wconf 72' lang='lat' dir='ltr'>nordliche</span> <span class='ocrx_word' id='word_1_446' title='bbox 1417 2781 1660 2814; x_wconf 85' lang='lat' dir='ltr'>Griechenland</span> <span class='ocrx_word' id='word_1_447' title='bbox 1689 2781 1805 2812; x_wconf 86' lang='lat' dir='ltr'>ziehen</span> <span class='ocrx_word' id='word_1_448' title='bbox 1838 2779 1928 2816; x_wconf 86' lang='lat' dir='ltr'>wird,</span> <span class='ocrx_word' id='word_1_449' title='bbox 1950 2779 1993 2810; x_wconf 81' lang='lat' dir='ltr'>ist</span> 
     </span>
     <span class='ocr_line' id='line_1_39' title="bbox 229 2836 1289 2879; baseline -0.004 -9"><span class='ocrx_word' id='word_1_450' title='bbox 229 2839 271 2870; x_wconf 85' lang='lat' dir='ltr'>cf.</span> <span class='ocrx_word' id='word_1_451' title='bbox 297 2849 347 2879; x_wconf 89' lang='lat' dir='ltr'>ep.</span> <span class='ocrx_word' id='word_1_452' title='bbox 371 2838 400 2876; x_wconf 84' lang='lat'>6,</span> <span class='ocrx_word' id='word_1_453' title='bbox 422 2839 454 2869; x_wconf 83' lang='lat'>3.</span> <span class='ocrx_word' id='word_1_454' title='bbox 1134 2836 1289 2877; x_wconf 66' lang='lat' dir='ltr'>gewisz.“&#39;</span> 
     </span>
    </p>

    <p class='ocr_par' dir='ltr' id='par_1_5' title="bbox 230 2883 2051 3145">
     <span class='ocr_line' id='line_1_40' title="bbox 272 2883 1995 2933; baseline -0.005 -10"><span class='ocrx_word' id='word_1_455' title='bbox 272 2893 420 2923; x_wconf 72' lang='lat' dir='ltr'>Discessu</span> <span class='ocrx_word' id='word_1_456' title='bbox 442 2890 619 2933; x_wconf 58' lang='lat' dir='ltr'>-sqcblata</span> <span class='ocrx_word' id='word_1_457' title='bbox 628 2892 686 2921; x_wconf 77' lang='lat' dir='ltr'>est.</span> <span class='ocrx_word' id='word_1_458' title='bbox 703 2889 864 2921; x_wconf 85' lang='lat' dir='ltr'>Consules</span> <span class='ocrx_word' id='word_1_459' title='bbox 877 2899 953 2920; x_wconf 88' lang='lat' dir='ltr'>cum</span> <span class='ocrx_word' id='word_1_460' title='bbox 967 2899 1089 2930; x_wconf 82' lang='lat' dir='ltr'>magna</span> <span class='ocrx_word' id='word_1_461' title='bbox 1108 2896 1111 2916; x_wconf 70' lang='lat' dir='ltr'>i</span> <span class='ocrx_word' id='word_1_462' title='bbox 1175 2887 1282 2918; x_wconf 77' lang='lat' dir='ltr'>Metuo</span> <span class='ocrx_word' id='word_1_463' title='bbox 1303 2897 1343 2917; x_wconf 85' lang='lat' dir='ltr'>ne</span> <span class='ocrx_word' id='word_1_464' title='bbox 1364 2888 1495 2917; x_wconf 63' lang='lat' dir='ltr'>vetetur</span> <span class='ocrx_word' id='word_1_465' title='bbox 1516 2885 1640 2927; x_wconf 49' lang='lat' dir='ltr'>spem.</span> <span class='ocrx_word' id='word_1_466' title='bbox 1664 2884 1779 2917; x_wconf 85' lang='lat' dir='ltr'>Cicero</span> <span class='ocrx_word' id='word_1_467' title='bbox 1803 2883 1923 2915; x_wconf 85' lang='lat' dir='ltr'>metuit</span> <span class='ocrx_word' id='word_1_468' title='bbox 1934 2884 1995 2915; x_wconf 83' lang='lat' dir='ltr'>At·</span> 
     </span>
     <span class='ocr_line' id='line_1_41' title="bbox 230 2929 1799 2987; baseline -0.005 -9"><span class='ocrx_word' id='word_1_469' title='bbox 230 2951 322 2987; x_wconf 83' lang='lat' dir='ltr'>parte</span> <span class='ocrx_word' id='word_1_470' title='bbox 352 2944 515 2977; x_wconf 85' lang='lat' dir='ltr'>exercitus</span> <span class='ocrx_word' id='word_1_471' title='bbox 554 2943 749 2983; x_wconf 84' lang='lat' dir='ltr'>Pompeiani</span> <span class='ocrx_word' id='word_1_472' title='bbox 771 2942 994 2982; x_wconf 84' lang='lat' dir='ltr'>Dyrrachium</span> <span class='ocrx_word' id='word_1_473' title='bbox 1016 2952 1087 2982; x_wconf 90' lang='lat' dir='ltr'>pro·</span> <span class='ocrx_word' id='word_1_474' title='bbox 1109 2929 1111 2959; x_wconf 46' lang='grc' dir='ltr'>ἶ</span> <span class='ocrx_word' id='word_1_475' title='bbox 1134 2943 1191 2974; x_wconf 89' lang='lat' dir='ltr'>tici</span> <span class='ocrx_word' id='word_1_476' title='bbox 1214 2952 1321 2979; x_wconf 85' lang='lat' dir='ltr'>causa,</span> <span class='ocrx_word' id='word_1_477' title='bbox 1345 2942 1403 2982; x_wconf 91' lang='lat' dir='ltr'>qui</span> <span class='ocrx_word' id='word_1_478' title='bbox 1426 2941 1472 2972; x_wconf 89' lang='lat' dir='ltr'>ibi</span> <span class='ocrx_word' id='word_1_479' title='bbox 1494 2941 1626 2982; x_wconf 80' lang='lat' dir='ltr'>praedia</span> <span class='ocrx_word' id='word_1_480' title='bbox 1647 2940 1799 2971; x_wconf 86' lang='lat' dir='ltr'>habebat.</span> 
     </span>
     <span class='ocr_line' id='line_1_42' title="bbox 231 2978 1993 3037; baseline -0.005 -6"><span class='ocrx_word' id='word_1_481' title='bbox 231 3000 309 3031; x_wconf 87' lang='lat' dir='ltr'>fecti</span> <span class='ocrx_word' id='word_1_482' title='bbox 331 3003 432 3035; x_wconf 84' lang='lat' dir='ltr'>erant,</span> <span class='ocrx_word' id='word_1_483' title='bbox 471 2997 565 3029; x_wconf 88' lang='lat' dir='ltr'>Caes.</span> <span class='ocrx_word' id='word_1_484' title='bbox 594 2997 634 3028; x_wconf 93' lang='lat' dir='ltr'>B.</span> <span class='ocrx_word' id='word_1_485' title='bbox 658 2995 694 3027; x_wconf 90' lang='lat' dir='ltr'>C.</span> <span class='ocrx_word' id='word_1_486' title='bbox 718 2996 746 3027; x_wconf 88' lang='grc' dir='ltr'>Ι.</span> <span class='ocrx_word' id='word_1_487' title='bbox 775 2995 824 3032; x_wconf 79' lang='lat'>25,</span> <span class='ocrx_word' id='word_1_488' title='bbox 854 3000 885 3026; x_wconf 80' lang='lat' dir='ltr'>et</span> <span class='ocrx_word' id='word_1_489' title='bbox 913 2995 1000 3035; x_wconf 87' lang='lat' dir='ltr'>quod</span> <span class='ocrx_word' id='word_1_490' title='bbox 1036 2995 1087 3025; x_wconf 86' lang='lat' dir='ltr'>ab·</span> <span class='ocrx_word' id='word_1_491' title='bbox 1110 2978 1112 3031; x_wconf 60' lang='lat' dir='ltr'>i</span> <span class='ocrx_word' id='word_1_492' title='bbox 1176 2995 1361 3037; x_wconf 75' lang='lat' dir='ltr'>Larqitz&#39;one</span> <span class='ocrx_word' id='word_1_493' title='bbox 1389 2995 1468 3035; x_wconf 46' lang='lat' dir='ltr'>ipsa.</span> <span class='ocrx_word' id='word_1_494' title='bbox 1501 3009 1515 3020; x_wconf 78' lang='lat' dir='ltr'><em>u</em></span> <span class='ocrx_word' id='word_1_495' title='bbox 1529 2993 1597 3026; x_wconf 90' lang='lat' dir='ltr'>Cur</span> <span class='ocrx_word' id='word_1_496' title='bbox 1625 2993 1724 3034; x_wconf 77' lang='lat' dir='ltr'>ipsa?</span> <span class='ocrx_word' id='word_1_497' title='bbox 1751 2993 1904 3024; x_wconf 85' lang='lat' dir='ltr'>Fortasse</span> <span class='ocrx_word' id='word_1_498' title='bbox 1932 3001 1993 3023; x_wconf 87' lang='lat' dir='ltr'>scr.</span> 
     </span>
     <span class='ocr_line' id='line_1_43' title="bbox 231 3045 2051 3103; baseline -0.005 -20"><span class='ocrx_word' id='word_1_499' title='bbox 231 3057 334 3089; x_wconf 82' lang='lat' dir='ltr'>erant,</span> <span class='ocrx_word' id='word_1_500' title='bbox 357 3050 536 3092; x_wconf 86' lang='lat' dir='ltr'>Pompeius</span> <span class='ocrx_word' id='word_1_501' title='bbox 558 3048 702 3089; x_wconf 86' lang='lat' dir='ltr'>negabat</span> <span class='ocrx_word' id='word_1_502' title='bbox 723 3049 764 3080; x_wconf 89' lang='lat' dir='ltr'>de</span> <span class='ocrx_word' id='word_1_503' title='bbox 779 3047 1018 3088; x_wconf 86' lang='lat' dir='ltr'>compositione</span> <span class='ocrx_word' id='word_1_504' title='bbox 1035 3047 1088 3087; x_wconf 86' lang='lat' dir='ltr'>agi</span> <span class='ocrx_word' id='word_1_505' title='bbox 1111 3085 1114 3103; x_wconf 56' lang='grc' dir='ltr'>Ι</span> <span class='ocrx_word' id='word_1_506' title='bbox 1138 3050 1272 3090; x_wconf 55' lang='lat' dir='ltr'>z&#39;psumff&#39;</span> <span class='ocrx_word' id='word_1_507' title='bbox 1295 3047 1430 3080; x_wconf 89' lang='lat' dir='ltr'>Schutz.</span> <span class='ocrx_word' id='word_1_508' title='bbox 1452 3048 1649 3088; x_wconf 73' lang='lat' dir='ltr'>Perper-am:</span> <span class='ocrx_word' id='word_1_509' title='bbox 1673 3056 1766 3087; x_wconf 89' lang='lat' dir='ltr'>pron.</span> <span class='ocrx_word' id='word_1_510' title='bbox 1781 3045 1905 3076; x_wconf 76' lang='lat' dir='ltr'>indicat</span> <span class='ocrx_word' id='word_1_511' title='bbox 1919 3054 1993 3076; x_wconf 84' lang='lat' dir='ltr'>eum</span> <span class='ocrx_word' id='word_1_512' title='bbox 2049 3067 2051 3072; x_wconf 69' lang='grc'>,</span> 
     </span>
     <span class='ocr_line' id='line_1_44' title="bbox 233 3097 2042 3145; baseline -0.005 -10"><span class='ocrx_word' id='word_1_513' title='bbox 233 3114 334 3144; x_wconf 88' lang='lat' dir='ltr'>posse,</span> <span class='ocrx_word' id='word_1_514' title='bbox 358 3104 436 3135; x_wconf 89' lang='lat' dir='ltr'>ibid.</span> <span class='ocrx_word' id='word_1_515' title='bbox 459 3103 510 3135; x_wconf 79' lang='lat'>26.</span> <span class='ocrx_word' id='word_1_516' title='bbox 1111 3105 1114 3145; x_wconf 61' lang='grc' dir='ltr'><strong>ξ</strong></span> <span class='ocrx_word' id='word_1_517' title='bbox 1137 3112 1203 3133; x_wconf 90' lang='lat' dir='ltr'>non</span> <span class='ocrx_word' id='word_1_518' title='bbox 1227 3101 1335 3132; x_wconf 85' lang='lat' dir='ltr'>solum</span> <span class='ocrx_word' id='word_1_519' title='bbox 1357 3100 1466 3136; x_wconf 76' lang='lat' dir='ltr'>armis,</span> <span class='ocrx_word' id='word_1_520' title='bbox 1490 3101 1546 3130; x_wconf 79' lang='lat' dir='ltr'>sed</span> <span class='ocrx_word' id='word_1_521' title='bbox 1569 3099 1662 3130; x_wconf 72' lang='lat' dir='ltr'>etiam</span> <span class='ocrx_word' id='word_1_522' title='bbox 1699 3098 1875 3138; x_wconf 83' lang='lat' dir='ltr'>largitione</span> <span class='ocrx_word' id='word_1_523' title='bbox 1903 3106 1994 3136; x_wconf 87' lang='lat' dir='ltr'>supe·</span> <span class='ocrx_word' id='word_1_524' title='bbox 2039 3097 2042 3099; x_wconf 72' lang='grc'><strong>’</strong></span> 
     </span>
    </p>
   </div>
   <div class='ocr_carea' id='block_1_4' title="bbox 275 3152 1360 3195">
    <p class='ocr_par' dir='ltr' id='par_1_6' title="bbox 275 3152 1360 3195">
     <span class='ocr_line' id='line_1_45' title="bbox 275 3152 1360 3195; baseline -0.006 -8"><span class='ocrx_word' id='word_1_525' title='bbox 275 3156 516 3188; x_wconf 68' lang='lat' dir='ltr'>Frumenlarias</span> <span class='ocrx_word' id='word_1_526' title='bbox 535 3154 713 3195; x_wconf 71' lang='lat' dir='ltr'>provincia-s·</span> <span class='ocrx_word' id='word_1_527' title='bbox 736 3163 766 3183; x_wconf 68' lang='lat' dir='ltr'>a:</span> <span class='ocrx_word' id='word_1_528' title='bbox 792 3153 940 3184; x_wconf 76' lang='lat' dir='ltr'>Siciliain</span> <span class='ocrx_word' id='word_1_529' title='bbox 964 3158 994 3183; x_wconf 87' lang='lat' dir='ltr'>et</span> <span class='ocrx_word' id='word_1_530' title='bbox 1017 3152 1090 3183; x_wconf 79' lang='lat' dir='ltr'>Sar·</span> <span class='ocrx_word' id='word_1_531' title='bbox 1135 3154 1256 3185; x_wconf 85' lang='lat' dir='ltr'>riorem</span> <span class='ocrx_word' id='word_1_532' title='bbox 1283 3153 1360 3184; x_wconf 80' lang='lat' dir='ltr'>foi-e.</span> 
     </span>
    </p>
   </div>
  </div>
 </body>
</html>
