2062 3565
715 161 822 204 LIB.
859 161 982 203 VIII.
1016 161 1100 203 ΕΡ.
1138 164 1179 202 3.
1218 164 1256 202 4.
1822 160 1872 199 11

100 301 159 341 Ac
214 313 263 340 ne
306 312 368 339 me
412 298 653 340 existimaris
699 297 747 340 ad
801 297 1047 340 manendum
1081 311 1166 338 esse
1201 296 1513 352 propensiorem,
1549 293 1656 350 quod
1691 293 1806 349 plura
1842 294 1881 334 iu

99 386 186 414 eam
218 376 372 428 partem
407 370 528 412 verba
562 371 739 422 fecerim,
775 375 909 427 potest
952 369 1050 421 fieri,
1087 368 1195 425 quod
1229 370 1274 410 fit
1307 369 1349 410 in
1383 367 1522 409 multis
1565 366 1882 422 quaestionibus,

100 451 146 487 ut
189 459 251 486 res
289 443 492 486 verbosior
539 444 639 485 haec
690 444 826 496 fuerit,
871 443 940 485 illa
973 443 1115 484 verior.
1165 440 1437 494 Quamobrem
1472 445 1519 481 ut
1550 440 1725 482 maxima
1759 440 1807 480 de
1843 455 1882 480 re

101 533 226 573 aequo
260 516 394 559 animo
427 505 681 566 deliberanti,
716 516 774 558 ita
807 515 906 557 mihi
942 516 1011 557 des
1045 515 1259 557 consilium
1290 513 1425 555 velim.
1459 513 1588 554 Navis
1617 513 1721 554 etin
1745 513 1880 554 Caieta

99 598 159 633 est-
192 596 331 647 parata
362 589 480 632 nobis
512 595 553 632 et
586 589 809 631 Brundisii.
847 590 886 630 7.
921 590 997 631 Sed
1030 604 1120 631 ecce
1153 589 1289 631 nuntii
1325 588 1525 630 scribente
1560 602 1622 628 me
1661 586 1759 627 haec
1797 586 1880 640 ipsa
1925 595 1936 616 .·.

97 663 222 708 noctu
254 665 296 706 in
330 664 494 715 Caleno,
528 679 619 706 ecce
652 664 804 715 literae,
859 664 1067 705 Caesarem
1103 664 1151 705 ad
1195 663 1431 713 Corfinium,
1467 661 1691 704 Domitium
1716 659 1882 701 Corfinii

101 753 192 780 cum
236 738 350 779 firmo
398 737 578 779 exercitu
625 741 665 777 et
709 751 886 792 pugna-re
922 736 1124 792 cupiente.
1176 737 1271 777 Non
1306 741 1405 791 puto
1440 735 1560 776 etiam
1597 734 1671 775 1100
1704 734 1884 775 Cnaeum

100 816 280 854 nostrum
314 810 620 853 commissurum
653 814 701 850 ut
733 808 960 851 Domitium
1001 809 1216 864 relinquat,
1251 809 1325 850 etsi
1369 807 1631 849 Brundisium
1657 805 1882 861 Scipionem

100 900 192 927 cum
231 882 464 926 cohortibus
509 881 668 925 duabus
713 883 983 938 praemisera-t,
1032 882 1231 938 legionem
1277 897 1299 923 a
1345 881 1494 923 Fausto
1539 880 1806 935 conscriptam
1840 879 1881 919 in

100 958 276 1001 Siciliam
325 957 403 999 sibi
448 956 603 1013 placere
648 972 670 998 a
709 956 872 998 consule
918 956 1012 998 duci
1057 956 1271 1011 scripserat
1313 954 1362 995 ad
1398 954 1596 995 consules.
1653 952 1731 994 Sed
1764 956 1882 1007 turpe

100 1030 328 1073 Domitium
377 1029 506 1072 deseri
551 1029 834 1086 implorantem
890 1030 976 1071 eius
1022 1028 1232 1070 auxilium.
1284 1029 1358 1069 Est
1405 1026 1600 1082 quaedam
1646 1042 1749 1083 spes,
1784 1026 1884 1067 1111111

107 1104 270 1160 quidem
312 1119 395 1146 11011
442 1118 602 1159 magna,
649 1103 717 1145 sed
763 1103 807 1145 in
841 1104 904 1145 his
938 1103 1038 1145 10015
1069 1103 1197 1154 firma,
1233 1101 1446 1143 Afranium
1477 1101 1521 1142 in
1555 1100 1760 1156 Pyrenaeo
1793 1113 1885 1140 cum

100 1176 299 1220 Trebonio
327 1191 540 1233 pugnasse,
574 1176 738 1232 pulsum
770 1176 1030 1228 Trebonium,
1068 1175 1190 1218 etiam
1226 1174 1396 1216 Fabium
1432 1179 1551 1216 tuum
1574 1172 1766 1214 transisse
1794 1186 1885 1213 cum

102 1250 360 1302 cohortibus3
395 1264 550 1292 summa
583 1253 733 1301 autem,
766 1249 981 1291 Afranium
1016 1264 1107 1291 cum
1151 1248 1309 1304 magnis
1346 1247 1472 1303 copiis
1507 1246 1735 1288 adventare.
1770 1245 1818 1287 Id
1853 1245 1886 1287 si

102 1329 175 1374 est,
217 1324 262 1366 in
304 1323 425 1366 Italia
467 1322 633 1365 fortasse
675 1321 919 1364 manebitur.
974 1324 1063 1378 Ego
1097 1327 1246 1373 autem,
1283 1335 1409 1377 quum
1443 1324 1548 1362 esset
1579 1320 1779 1361 incertum
1811 1319 1888 1360 iter

103 1396 298 1448 Caesaris,
332 1395 439 1452 quod
472 1396 534 1438 vel
567 1396 617 1438 ad
651 1397 831 1453 Capuam
864 1397 927 1439 vel
960 1396 1011 1439 ad
1046 1396 1258 1438 Luceriam
1290 1395 1424 1437 iturus
1457 1392 1693 1449 putabatur,
1717 1392 1886 1448 Leptam

104 1470 154 1512 ad
201 1469 438 1526 Pompeium
482 1470 575 1512 misi
623 1474 664 1512 et
703 1470 866 1522 literas3
911 1471 1012 1527 ipse,
1046 1485 1097 1512 110
1133 1485 1212 1524 quo
1245 1468 1480 1519 inciderem,
1514 1467 1659 1508 reverti
1693 1466 1887 1508 Formias.

106 1544 218 1585 Haec
250 1547 290 1584 te
323 1543 423 1584 scire
456 1543 566 1585 volui
599 1543 818 1600 scripsique
850 1543 1048 1585 sedatiore
1085 1543 1237 1593 animo,
1273 1557 1392 1598 quam
1428 1540 1606 1598 proxime
1638 1540 1886 1596 scripseram,

104 1616 275 1659 nullum'
296 1631 430 1658 meum
463 1617 660 1660 iudicium
690 1617 964 1673 interponens,
1000 1617 1069 1660 sed
1105 1617 1320 1673 exquirens
1353 1620 1485 1657 tuum.

149 1782 169 1813 9
191 1782 343 1823 leqionem
367 1780 486 1812 Fausto
507 1798 548 1803 —
573 1781 610 1812 13
633 1779 766 1812 Fadium
790 1799 831 1803 -—-

110 1928 330 1966 KVunderum,
352 1929 408 1970 qui
432 1928 512 1959 Var.
535 1929 628 1960 Lect.
650 1938 680 1970 p.
698 1928 898 1960 XXXVIII
918 1930 972 1959 do-

109 1982 180 2013 cuit
201 1982 260 2013 has
282 1981 458 2022 particulas
488 1981 531 2012 ob
553 1981 661 2013 simile
691 1981 858 2014 scribendi
887 1991 972 2013 com-

111 2034 272 2076 pendium
293 2043 390 2076 saepe
412 2034 603 2075 permutari.
809 2038 813 2041 '

152 2085 193 2117 In
229 2085 351 2118 Caieta.
380 2086 501 2118 Bosius
529 2087 733 2127 comparavit
762 2087 836 2119 Att.
873 2087 973 2118 XIV.

111 2140 140 2178 7,
166 2141 181 2171 l
217 2139 363 2171 Paullum
385 2140 420 2171 in
445 2139 557 2172 Caieta
578 2140 644 2171 vidi
666 2145 697 2172 et
726 2141 756 2173 Ι.
777 2142 806 2179 3,
831 2142 850 2172 2
881 2140 975 2182 siqua

109 2197 183 2226 sunt
206 2194 250 2225 ad
275 2194 414 2225 Caietam
444 2194 596 2236 eaposita,
627 2195 718 2232 (add.
741 2195 768 2226 Ι.
790 2197 820 2233 4,
843 2197 862 2227 3
889 2195 974 2227 Caie-

111 2250 176 2278 lam
211 2247 342 2287 ornabo)
373 2253 405 2279 ct
445 2248 612 2289 designari
651 2247 822 2280 Ciceronis
858 2249 974 2281 villam

113 2310 212 2342 prope
236 2299 387 2332 Caietam
407 2301 547 2331 monuit.

156 2354 175 2393 ξ
198 2353 226 2385 7.
258 2353 286 2383 Λ
318 2352 438 2384 Fausto
468 2353 684 2395 come-raptam.
720 2353 878 2385 Dativum
908 2365 976 2385 non

119 2406 313 2447 simpliciter
334 2405 427 2446 iungi
451 2406 562 2437 verbis
597 2407 734 2448 passivis
764 2408 804 2439 ad
833 2407 978 2439 indican-

116 2459 196 2489 dum
227 2468 312 2495 eum,
341 2468 359 2489 a
388 2468 454 2499 quo
487 2459 615 2500 aliquid
643 2460 710 2497 fiat,
739 2460 796 2491 sed
825 2465 978 2491 naturam

118 2520 209 2542 suani
234 2520 430 2543 conservare
452 2511 550 2542 multi
561 2512 753 2543 docuerunt.
776 2512 855 2544 Vid.
871 2512 978 2543 Kritz.

116 2565 157 2596 ad
189 2564 256 2596 Sal.
286 2565 361 2606 lug.
389 2564 440 2602 46,
469 2566 499 2596 3.
533 2566 645 2597 Madv.
680 2567 721 2597 ad
759 2565 834 2598 Fin.
866 2577 897 2607 p.
927 2566 977 2599 27.

117 2617 229 2658 Quare
252 2628 356 2659 quum
378 2617 520 2650 Faustus
543 2629 610 2651 non
634 2620 706 2658 sibi,
738 2621 796 2651 sed.
818 2620 978 2661 Pompeio

118 2673 284 2713 legionem
306 2673 551 2714 conscripserat,
574 2684 652 2706 cum
666 2675 821 2707 Manutio
837 2680 870 2706 et
880 2675 977 2707 Lam-

734 2782 816 2823 IV.

1023 1931 1101 1961 bino
1134 1929 1347 1961 scribendum
1369 1933 1451 1959 erat:
1478 1937 1497 1956 a
1523 1925 1641 1956 Fausto
1670 1924 1887 1964 conscriptam.

1023 1981 1073 2014 Cf.
1093 1982 1312 2022 Wesenberg.
1334 1980 1476 2012 Emend.
1498 1989 1528 2020 p.
1551 1978 1601 2009 22.

1064 2036 1093 2066 A
1122 2036 1258 2068 consule.
1295 2035 1347 2066 lta
1379 2032 1569 2066 emendavit
1599 2032 1691 2063 Man.
1722 2040 1764 2061 cx
1795 2030 1887 2070 epist.

1024 2088 1184 2130 Pompeio
1207 2089 1247 2119 12
1268 2087 1323 2125 A„
1347 2087 1377 2118 3.
1399 2086 1495 2118 Libri
1517 2085 1642 2116 habent
1665 2082 1887 2120 acomulibus,

1023 2143 1188 2174 contrario
1213 2151 1322 2174 errore
1343 2141 1403 2178 illi,
1426 2141 1468 2172 de
1489 2148 1556 2181 quo
1577 2142 1729 2170 notatum
1753 2138 1793 2168 ad
1806 2137 1887 2168 VII.

1023 2195 1073 2234 12,
1098 2198 1126 2227 5.

1066 2248 1237 2280 Domitium
1259 2247 1365 2279 deseri
1389 2256 1432 2279 ex
1455 2245 1625 2278 Orelliana
1646 2243 1777 2280 retinui,
1810 2252 1888 2283 quo-

1026 2301 1118 2333 niam
1141 2301 1175 2332 id
1197 2301 1286 2342 quod
1308 2300 1397 2331 Med.
1422 2309 1440 2329 a
1462 2298 1568 2340 prima
1590 2306 1692 2328 manu
1716 2296 1814 2327 habet
1837 2295 1888 2326 cle-

1025 2355 1114 2393 serit,
1137 2355 1246 2387 lenius
1269 2360 1302 2386 et
1323 2353 1443 2385 melius
1477 2353 1523 2384 sic
1553 2351 1757 2388 emendatur,
1787 2359 1886 2390 quam

1022 2414 1058 2440 ut
1080 2409 1114 2440 in
1137 2409 1251 2440 codice
1274 2412 1457 2440 correctum
1480 2412 1529 2438 est
1551 2406 1697 2437 deserere
1719 2404 1789 2435 eril.

1065 2464 1195 2495 Fabium
1220 2466 1316 2494 tuum.
1353 2462 1467 2501 Quum
1502 2462 1665 2493 incertum
1694 2459 1735 2490 sit
1765 2469 1806 2489 1111
1837 2459 1888 2489 liic

1025 2522 1143 2559 agatur
1164 2518 1205 2549 de
1226 2516 1333 2548 Fadio
1363 2515 1471 2552 Gallo,
1505 2523 1627 2546 nomen
1657 2518 1692 2544 ut
1722 2522 1764 2543 ex
1797 2512 1889 2542 libris

1021 2569 1101 2601 Mss.
1118 2569 1253 2601 affertur
1264 2569 1426 2600 intactum
1434 2566 1565 2608 reliqui.
1581 2565 1637 2599 Or.
1652 2565 1776 2606 ubique
1792 2564 1889 2604 501111-

1021 2623 1062 2655 sit
1084 2622 1195 2654 Fadio.
1219 2622 1270 2655 Cf.
1293 2623 1333 2654 ad
1356 2622 1439 2653 Vll.
1463 2622 1491 2659 3,
1515 2622 1544 2652 3.

1062 2678 1200 2718 Leptam.
1225 2677 1277 2710 Cf.
1300 2678 1351 2708 ad.
1374 2677 1418 2714 V,
1443 2676 1492 2713 17,
1515 2676 1544 2706 2.

883 2784 948 2836 (A.
991 2784 1036 2824 U.
1075 2785 1116 2824 C.
1155 2784 1272 2837 τοῦ.)

185 2895 224 2933 1.
260 2893 477 2948 Dionysius
521 2895 684 2950 quidem
732 2903 827 2937 tuus
870 2898 1005 2951 potius
1038 2912 1158 2952 quam
1192 2904 1343 2949 noster,
1379 2897 1494 2938 cuius
1527 2911 1601 2951 ego
1635 2910 1757 2950 quum
1793 2894 1889 2934 satis

121 2980 352 3020 cognossem
397 2980 540 3019 mores,
583 2971 654 3009 tuo
698 2974 831 3011 tamen
881 2970 1016 3025 potius
1063 2970 1219 3012 stabam
1260 2970 1412 3012 iudicio
1457 2984 1574 3024 quam
1611 2983 1712 3018 meo,
1746 2982 1795 3007 11(-
1830 2966 1888 3006 tui

163 3114 182 3153 ξ
205 3114 232 3144 1.
273 3113 337 3145 Tuo
352 3114 460 3154 potius
488 3113 606 3145 stabam
636 3114 754 3145 iudicio
782 3126 870 3157 quam
907 3125 980 3146 meo.
1002 3112 1005 3129 ¹
1028 3117 1129 3158 sequi,
1152 3116 1251 3147 alicui
1274 3117 1414 3148 credere.
1441 3117 1490 3148 cf.
1518 3116 1597 3147 ΧΠ.
1622 3116 1669 3151 21,
1696 3116 1722 3144 5.
1738 3113 1800 3145 off.
1823 3113 1890 3145 111.

121 3166 215 3200 Stare
239 3167 378 3200 alicuius
407 3167 528 3200 iudicio
561 3175 608 3199 est
641 3169 783 3210 aliquem
815 3175 981 3202 auctorem
1004 3169 1008 3214 '⁸
1030 3169 1098 3200 110.
1122 3168 1212 3201 Orat.
1235 3169 1307 3200 237,

1908 961 1941 987 10

1909 1337 1942 1363 15
