2062 3565
782 153 889 196 ΠΒ.
926 153 1017 195 ΧΥ.
1053 154 1136 196 ΕΡ.
1175 157 1214 195 4.
1798 150 1882 190 :511

118 291 267 348 optime
316 316 388 342 ——,
434 292 465 332 si
510 291 605 333 haec
652 292 709 333 ita
752 294 930 340 manent,
976 296 1022 331 ut
1056 289 1243 332 videntur
1278 315 1333 319 —-
1370 290 1470 330 feres
1504 286 1611 343 quod
1645 286 1774 328 dicam
1815 311 1821 313 -
1854 310 1885 335 —,

120 381 182 408 me
216 365 314 408 Idus
348 365 518 406 Martiae
552 380 630 406 non
667 363 884 405 delectant.
918 362 992 405 Ille
1026 363 1131 405 enim
1168 378 1372 418 nunquam
1409 361 1652 411 revertisset,
1676 375 1749 402 nos
1766 359 1886 400 timor

119 440 349 482 confirmare
395 439 482 480 eius
523 444 612 480 acta
644 454 724 480 non
760 438 969 493 coegisset,
1005 444 1088 487 aut,
1124 443 1169 478 ut
1203 438 1241 478 in
1278 436 1428 478 Saufeii
1462 450 1548 477 eam
1582 434 1885 488 relinquamque

117 513 364 556 Tusculanas
409 513 718 569 disputationes,
765 513 813 554 ad
861 527 959 567 quas
993 519 1038 553 tu
1073 512 1191 553 etiam
1232 511 1454 552 Vestorium
1492 510 1676 559 hortaris,
1711 509 1768 550 ita
1799 523 1886 563 gra-

118 588 211 629 tiosi
243 602 400 629 eramus
433 587 540 642 apud
574 587 704 637 illum,
740 602 859 642 quem
894 586 950 627 dii
986 592 1189 627 mortuum
1229 585 1440 641 perduint!
1478 591 1524 626 ut
1557 588 1714 625 nostrae
1749 582 1886 633 aetati,
1925 592 1940 618 ⁵

118 645 305 717 qssoniam
353 661 564 703 interfecto
609 660 774 702 domino
818 659 933 701 liberi
979 675 1058 701 uon
1105 675 1258 709 sumus,
1304 674 1383 700 non
1430 659 1551 700 fuerit
1598 657 1786 698 dominus
1820 655 1886 697 ille

117 734 346 790 fugiendus.
394 734 550 785 Rubeo,
597 734 696 775 1111111
731 734 862 775 crede.
898 733 975 776 Sed
1010 734 1089 775 iam
1124 734 1382 788 scripseranu
1419 732 1550 773 delere
1586 731 1712 773 nolui.
1750 735 1790 771 4.
1833 731 1886 771 De

119 807 371 858 Menedemo,
416 809 554 850 vellem
602 824 736 850 verum
790 808 943 849 fuisset.
992 808 1050 848 De
1095 808 1246 862 regina,
1294 807 1410 848 1611111
1458 821 1593 848 verum
1629 806 1694 847 sit.
1745 804 1888 846 Cetera

117 896 248 923 coram
281 888 321 924 et
356 884 541 934 maxime,
593 882 690 938 quid
726 881 874 923 nost-ris
908 881 1137 922 faciendum
1174 881 1240 930 sit,
1280 880 1377 935 quid
1412 880 1534 921 etiam
1570 878 1701 930 nobis,
1736 879 1770 920 si
1805 881 1887 920 An-

117 956 251 998 tonius
294 957 492 1000 militibus
536 955 771 998 obsessurus
804 962 866 996 est
897 960 1096 996 senatum.
1158 955 1273 995 llauo
1307 954 1515 1009 epistolam
1551 954 1584 994 si
1619 953 1727 994 illius
1762 952 1887 994 tabel·
1908 963 1944 989 10

117 1029 214 1071 lario
247 1030 461 1083 dedissem,
496 1031 647 1072 veritus
681 1045 770 1072 sum
802 1044 852 1070 ne
887 1028 1070 1070 solveret.
1108 1028 1249 1082 Itaque
1286 1028 1374 1068 misi
1410 1027 1546 1068 dedita
1588 1030 1752 1082 (opera).
1789 1027 1887 1068 Erat

118 1104 224 1146 enim
257 1103 558 1147 rescribendum
592 1104 690 1146 tuis.

158 1414 191 1445 Si
213 1416 291 1448 haec
312 1416 359 1447 ita
382 1419 517 1448 manens.
554 1417 656 1448 Recte
678 1415 837 1448 Graevius
867 1421 976 1455 negat,
1025 1425 1080 1446 nos
1102 1416 1194 1445 (imur
1220 1433 1258 1438 —
1280 1414 1431 1455 cossqisset
1449 1413 1678 1455 interpolatori
1694 1411 1807 1443 deberi
1821 1421 1886 1441 1113-

117 1471 257 1507 manani,
280 1470 369 1511 quod
391 1469 509 1510 optimi
532 1469 609 1500 libri
629 1469 718 1506 dant,
732 1469 787 1500 hic
798 1476 886 1501 recte
900 1469 976 1500 dici.
1025 1470 1180 1501 nifestuni
1203 1476 1253 1501 est

117 1521 227 1553 Etiam
252 1522 285 1553 in
311 1521 399 1554 Catil
432 1523 478 1554 ΙΙ.
501 1523 539 1553 11
572 1533 696 1553 manere
719 1519 912 1554 restitutum'
928 1528 977 1554 est
1070 1522 1108 1553 Ut
1132 1523 1164 1553 in
1188 1522 1314 1560 Saufeii
1347 1532 1423 1552 eam.
1460 1522 1600 1553 Videtur
1631 1520 1794 1552 excidisse
1824 1529 1889 1550 εει·-

117 1588 175 1619 pro
197 1578 316 1626 vitioso
338 1589 469 1610 manare
490 1577 557 1619 (Cf.
570 1579 734 1620 Madvigii
746 1578 841 1611 0.A.
857 1590 887 1620 p.
901 1579 976 1619 176)
1000 1613 1001 1619 1
1024 1579 1097 1614 tam,
1121 1577 1318 1613 senlmzlirzm,
1344 1577 1394 1607 vel
1419 1576 1553 1617 aliquod
1575 1575 1737 1607 eiusmodi
1754 1583 1890 1605 nomen.

117 1638 149 1664 et
170 1632 265 1664 Fam.
288 1631 371 1663 XII.
396 1633 423 1669 l,
458 1633 473 1662 1
509 1632 653 1663 manebat
683 1633 896 1664 scribendum
930 1627 1002 1665 est?
1067 1631 1137 1672 §4
1171 1630 1216 1661 De
1248 1630 1437 1667 Menedemo,
1468 1630 1578 1660 vellem
1616 1639 1720 1659 verum
1750 1627 1890 1669 ficisset.

116 1697 175 1727 pro
196 1686 345 1717 manabat
367 1705 407 1710 —
430 1688 460 1717 et
483 1686 715 1718 corroboratur.
1000 1711 1003 1724 ,
1026 1684 1071 1716 Cf
1099 1686 1140 1716 ad
1163 1695 1212 1726 ep.
1236 1686 1263 1722 ⁶3,
1288 1685 1306 1715 2
1329 1684 1369 1715 de
1395 1684 1585 1721 ,lleneclemca
1603 1682 1710 1723 probe.

157 1740 222 1772 Ille
243 1740 324 1772 enim
354 1752 509 1782 nunquam
539 1741 719 1772 revertisset
750 1751 785 1772 οε
823 1748 879 1773 aut
911 1752 977 1773 non
1001 1765 1004 1778 ,
1066 1740 1114 1771 De
1137 1741 1258 1782 reqina.
1282 1740 1332 1772 Cf.
1355 1741 1396 1771 ad
1418 1739 1518 1771 XIV.
1542 1740 1591 1777 20,
1615 1738 1645 1770 2.

115 1795 274 1826 debuerat
297 1794 402 1826 redire
426 1796 546 1826 Caesar
578 1800 610 1826 et
639 1794 674 1824 in
709 1794 861 1825 Antonio
895 1795 978 1826 revi-
1002 1805 1003 1811 ¹
1069 1793 1168 1824 Illius
1191 1794 1361 1825 tabellario
1385 1803 1418 1824 o:
1453 1793 1494 1832 Q.
1517 1792 1605 1824 Fufii
1627 1792 1809 1828 tabellario,
1832 1792 1890 1832 qui

118 1849 251 1886 viscere,
275 1858 336 1880 nec
359 1855 430 1879 acta
454 1848 523 1880 eius
547 1855 616 1879 rata
639 1848 763 1884 haberi²
795 1854 851 1879 aut
873 1849 978 1889 gratia
1028 1849 1110 1880 mihi
1136 1860 1153 1879 a
1177 1855 1208 1880 te
1231 1850 1386 1890 epistolas
1409 1848 1564 1880 reddidit.
1587 1847 1628 1878 cf.
1653 1848 1671 1888 ξ
1696 1847 1725 1878 1.

117 1901 203 1942 apud
227 1910 302 1932 euru
326 1901 557 1933 valuissemus.
582 1901 785 1942 Scripturam
807 1902 900 1933 codd.
918 1902 980 1932 I'r-
1002 1922 1004 1927 >
1029 1905 1032 1907 ’
1072 1903 1148 1934 Jliset
1172 1904 1279 1935 dedita
1307 1915 1400 1945 opera
1436 1904 1566 1935 Ultima
1590 1913 1658 1934 vox
1679 1913 1747 1934 non
1763 1908 1841 1934 este
1856 1903 1891 1933 li-

116 1956 181 1987 sini
204 1962 236 1987 et
260 1957 366 1987 Iunii:
408 1956 468 1986 Ille
490 1956 569 1986 enim
593 1956 622 1986 si
652 1956 792 1993 via-isset,
823 1968 978 1998 nunquam
1001 1955 1005 1999 1
1028 1959 1095 1990 bris
1109 1960 1320 2001 εει-1111133611
1337 1959 1522 1991 necessario
1531 1958 1573 1989 ab
1584 1958 1762 1990 editoribus
1771 1958 1890 1989 addita.

688 2087 771 2128 JV.
807 2086 847 2128 b.
915 2089 980 2141 (A.
1023 2088 1067 2128 U.
1108 2089 1149 2127 C.
1189 2088 1307 2142 710.)

181 2215 312 2267 Quam
357 2215 497 2256 vellem
541 2215 666 2256 Bruto
716 2215 896 2256 studium
948 2221 1064 2257 tuum
1107 2231 1252 2256 navare
1299 2216 1522 2270 potuisses!
1560 2215 1647 2270 Ego
1682 2215 1807 2270 igitur
1840 2214 1891 2256 ad

119 2303 209 2330 eum
243 2289 392 2330 literas.
440 2288 504 2330 Ad
542 2288 791 2330 Dolabellam
824 2289 1011 2330 Tironem
1046 2289 1138 2330 misi
1172 2303 1264 2330 oum
1299 2288 1500 2330 mandatis
1533 2293 1575 2330 et
1605 2288 1750 2330 literis.
1784 2287 1890 2329 Eum

119 2361 168 2402 ad
202 2367 242 2402 te
275 2360 437 2403 vocabis
469 2368 523 2412 et,
558 2363 591 2403 si
625 2362 724 2417 quid
757 2361 940 2413 habebis,
975 2362 1082 2418 quod
1118 2363 1287 2418 placeat,
1322 2362 1485 2404 scribes.
1532 2363 1636 2405 Ecce
1672 2366 1805 2404 autem
1841 2361 1890 2402 de

118 2441 346 2478 transverso
378 2435 428 2477 L.
462 2436 608 2477 Caesar
641 2441 687 2477 ut
720 2437 875 2478 veniam
912 2437 962 2478 ad
997 2452 1038 2477 se
1071 2442 1185 2492 rogat
1218 2437 1260 2477 in
1295 2437 1465 2488 Nemus,
1500 2441 1571 2479 aut
1604 2435 1777 2478 scribam
1811 2450 1890 2490 quo
1930 2448 1943 2471 5

159 2596 179 2626 2
203 2593 300 2634 Quam
324 2593 433 2624 vellem
457 2611 496 2616 —
509 2593 705 2633 futurorum.
734 2595 948 2628 Praecedenti
975 2597 1132 2638 epistolae
1154 2599 1356 2630 adiiciuntur
1378 2599 1411 2630 in
1438 2598 1456 2637 ἓ
1479 2601 1507 2629 5.
1533 2616 1572 2621 —
1595 2600 1612 2629 5
1636 2600 1781 2628 traverso
1803 2614 1843 2619 ——

163 2753 367 2792 Mougaltius
390 2753 473 2784 vidit
495 2762 541 2784 ea.
566 2761 649 2792 quae
668 2758 858 2793 sequuntur,
874 2753 983 2784 seiun-
1033 2765 1107 2787 cero
1130 2757 1253 2788 indicat
1282 2757 1458 2789 consilium
1494 2757 1593 2788 eundi
1629 2755 1831 2790 Lanuvium,
1861 2754 1893 2783 in

120 2810 228 2851 genda
260 2818 330 2840 esse
362 2819 379 2839 3
412 2808 645 2849 superioribus,
675 2816 709 2838 ut
742 2808 809 2839 alio
837 2813 983 2850 tempore
1006 2845 1008 2851 y
1034 2808 1094 2839 hac
1118 2809 1152 2840 in
1177 2809 1302 2841 Nemus
1325 2820 1358 2840 o:
1392 2810 1542 2841 Ariciam
1566 2818 1600 2840 se
1624 2808 1744 2840 iturum
1769 2806 1894 2837 scribit.

118 2863 249 2904 scripta.
285 2862 341 2893 Ad
363 2861 556 2902 opinionem
580 2870 673 2891 suam
695 2861 900 2901 probandam
923 2861 983 2892 uti-
1006 2866 1009 2906 ¹:
1034 2860 1206 2893 Postremo
1230 2862 1349 2904 longae
1372 2862 1531 2903 epistolae
1554 2871 1621 2892 non
1645 2866 1720 2901 apta
1732 2865 1809 2890 sunt
1822 2868 1894 2889 ver-

119 2922 172 2948 tur
204 2916 258 2947 his
290 2915 505 2955 argumentis.
557 2914 708 2945 Primum
741 2915 842 2946 verba
886 2914 984 2945 Hanc
1007 2917 1009 2940 1
1035 2915 1090 2946 ba:
1114 2914 1292 2946 summatim
1312 2935 1353 2940 --
1374 2916 1419 2947 ad
1440 2919 1481 2947 te.

119 2968 281 3010 epistolam
303 2986 344 2991 —
367 2967 597 2998 rescribendum
621 2966 684 2997 tuis
715 2973 788 3008 apte
819 2968 985 2999 601100311-
1075 2969 1156 3000 Ecce
1187 2970 1226 3001 de
1259 2973 1451 3001 transverso.
1487 2969 1645 3001 For-mula
1677 2968 1797 2999 indicat
1828 2976 1895 2997 rein

119 3028 172 3054 tur
194 3024 228 3055 in
251 3023 410 3064 epistolae
445 3022 522 3053 fine.
559 3022 648 3052 Tum
681 3023 708 3054 si
742 3022 859 3054 Cicero
896 3023 987 3054 misit
1034 3023 1241 3065 inopinatam
1268 3030 1300 3056 et
1322 3024 1446 3065 legitur
1468 3033 1599 3064 quoque
1613 3023 1654 3054 ad
1670 3022 1819 3053 Herenn.
1834 3020 1896 3050 IV.

120 3077 331 3109 tabellarium
355 3087 431 3108 cum
469 3076 606 3117 epistola
647 3077 687 3107 ad
723 3077 888 3114 Atticum,
927 3087 986 3108 cur
1009 3067 1012 3100 1
1037 3077 1077 3108 14
1099 3083 1131 3109 et
1154 3079 1259 3109 Acad.
1283 3078 1344 3109 IV.
1370 3078 1440 3109 121.
1467 3077 1639 3110 Petronius
1652 3076 1719 3107 Sat.
1735 3076 1793 3106 55:
1817 3074 1900 3116 quod

122 3131 213 3161 iubet
228 3130 372 3161 amicum
387 3138 550 3160 arcessere
563 3129 722 3160 Tironem
737 3129 833 3171 eique
850 3130 985 3162 reddere
1010 3147 1013 3171 2
1036 3141 1098 3162 non
1122 3134 1290 3173 rex-speclea,
1313 3142 1353 3161 m,-
1375 3132 1621 3171 transt-ersofil.

126 3184 236 3215 literas
258 3183 298 3214 ad
321 3182 380 3214 se?
403 3182 532 3214 Deinde
556 3182 590 3213 in
614 3182 723 3223 priore
747 3183 874 3225 epistt}
896 3184 914 3214 2
932 3183 986 3215 ci·
1011 3181 1013 3218 2
1082 3184 1120 3215 In
1146 3185 1258 3215 Neam-5
1283 3196 1313 3216 .);
1355 3186 1386 3216 in
1412 3186 1520 3216 ltu-uin
1547 3185 1670 3216 Dianae
1704 3193 1832 3215 sacrum
1864 3182 1898 3215 in
