2062 3565
686 157 793 199 LIB.
828 156 928 199 XII.
963 156 1048 199 EP.
1085 157 1280 198 21—23.
1782 155 1862 195 187

98 293 261 349 quidem
293 292 514 348 quidquam
550 294 678 335 utitur
711 298 751 334 et
783 293 833 335 iis
866 293 999 335 usuris
1031 292 1219 334 facillime
1254 291 1564 334 sustentabitur.
1603 290 1718 333 lIabe
1752 295 1867 332 tuum

98 367 318 423 negotium,
352 382 425 409 nec
459 367 558 423 quid
590 383 652 410 res
684 382 772 410 mea
805 367 1011 410 familiaris
1045 366 1234 423 postulet,
1277 381 1397 421 quam
1431 380 1504 421 ego
1538 380 1620 408 non
1653 380 1762 416 curo,
1798 363 1867 405 sed

99 440 195 497 quid
229 440 347 483 velim
381 445 421 482 et
453 455 525 482 cur
559 441 678 483 velim
710 441 909 484 existima.

95 605 296 644 stentabitur,
318 615 424 647 quum
447 607 540 639 dives
563 607 605 638 sit
630 617 737 649 neque
749 612 836 639 sorte
853 611 958 648 egeat.

139 655 231 690 Habe
252 659 339 690 tuum
362 659 519 701 neqotium
542 669 575 692 o:
599 661 771 692 considera
783 661 846 692 hoc
858 669 957 701 nego-

1004 607 1098 644 tium,
1123 612 1278 649 tanquam
1301 607 1343 639 sit
1358 613 1463 638 tuum.
1477 605 1640 637 Similiter
1656 605 1756 637 XIII.
1770 606 1819 643 49,
1837 606 1866 643 2,

1005 659 1127 691 Habuit
1148 670 1237 692 suum
1258 659 1414 703 neqotium
1438 659 1565 691 Gallus.

667 780 836 821 XXIII.
902 781 967 833 (A.
1009 779 1054 820 U.
1094 780 1135 820 C.
1174 780 1293 834 709.)

161 895 200 935 l.
245 894 436 937 Putaram
477 902 517 938 te
561 895 714 952 aliquid
759 896 853 937 novi
898 920 955 926 ——
1000 893 1108 950 quod
1142 893 1341 936 eiusmodi
1374 894 1505 936 fuerat
1536 894 1701 935 initium
1733 893 1866 936 litera-

95 981 202 1008 rum:
245 968 427 1023 quamvis
470 984 553 1011 non
596 983 777 1011 curarem
821 967 919 1024 quid
962 968 1006 1009 in
1051 967 1252 1023 Hispania
1293 968 1417 1019 fieret,
1451 972 1587 1008 tamen
1620 971 1660 1009 te
1694 968 1865 1024 scriptu-

94 1055 184 1083 rum
229 1066 286 1072 ——
331 1041 401 1084 sed
445 1042 632 1085 videlicet
675 1043 776 1084 meis
819 1042 946 1084 literis
989 1040 1246 1097 respondisti,
1292 1046 1340 1083 ut
1382 1040 1430 1082 de
1464 1040 1549 1082 foro
1583 1046 1624 1083 et
1656 1041 1706 1083 de
1739 1043 1865 1084 curia.

101 1142 121 1167 η
133 1114 212 1157 Sed
256 1114 399 1157 domus
442 1116 547 1168 est’',
592 1121 639 1158 ut
681 1116 754 1167 ais,
809 1114 1021 1167 ''foruml'
1072 1113 1183 1167 Quid
1226 1114 1314 1170 ipsa
1357 1114 1476 1155 domo
1519 1114 1620 1156 mihi
1660 1130 1761 1171 opus
1805 1120 1866 1158 est
1905 1130 1919 1155 5

95 1189 247 1231 carenti
278 1188 392 1231 foro?
437 1189 686 1241 occidimus,
720 1188 956 1240 occidimus,
987 1187 1138 1239 Attice,
1173 1188 1254 1229 iam
1286 1187 1440 1243 pridem
1475 1203 1547 1229 nos
1581 1187 1759 1243 quidem,
1794 1189 1864 1230 sed

94 1277 204 1304 nunc
251 1261 436 1313 fatemur,
485 1267 622 1319 postea
664 1277 784 1317 quam
834 1276 976 1313 unum,
1022 1276 1102 1316 quo
1146 1259 1397 1312 tenebamur,
1448 1261 1669 1303 amisimus.
1719 1262 1864 1318 Itaque

95 1335 354 1377 solitudinem
400 1351 557 1392 sequor,
599 1340 640 1378 et
682 1340 831 1388 tamen,
877 1335 911 1377 si
955 1350 1034 1390 qua
1077 1349 1139 1376 me
1183 1349 1246 1375 res
1277 1334 1356 1376 isto
1378 1333 1618 1385 adduxerit,
1652 1335 1795 1387 enitar,
1830 1337 1864 1377 si

95 1423 175 1464 quo
207 1408 326 1450 modo
359 1414 496 1465 potero
531 1435 588 1440 —
622 1413 761 1465 potero
794 1412 929 1450 autem
963 1433 1036 1458 —-‚
1070 1411 1118 1449 ut
1148 1412 1304 1463 praeter
1337 1411 1377 1449 te
1402 1422 1519 1449 nemo
1537 1407 1714 1449 dolorem
1731 1424 1865 1451 meum

96 1482 257 1533 sentiat,
303 1483 337 1524 si
380 1483 464 1525 ullo
508 1483 628 1525 modo
664 1483 826 1540 poterit,
860 1497 911 1524 ne
942 1488 990 1524 tu
1023 1481 1200 1537 quidem.
1234 1483 1368 1537 Atque
1399 1482 1520 1524 etiam
1551 1481 1621 1524 illa
1654 1497 1773 1525 causa
1805 1488 1866 1526 est
1884 1501 1920 1528 10

96 1569 180 1611 non
210 1555 412 1598 veniendi.
447 1557 672 1599 Meministi
705 1556 804 1612 quid
838 1571 886 1598 ex
919 1560 959 1598 te
993 1554 1177 1597 Alledius
1211 1554 1452 1610 quaesierit?
1486 1555 1568 1607 Qui
1601 1556 1720 1598 etiam
1754 1573 1864 1600 nunc

96 1628 254 1671 molesti
279 1626 407 1683 sunt,
453 1630 552 1686 quid
597 1630 816 1681 existimas,
863 1629 897 1671 si
941 1630 1112 1671 venero?
1164 1631 1204 1670 2.
1250 1627 1311 1669 De
1355 1628 1543 1670 Terentia
1587 1629 1644 1672 ita
1676 1645 1785 1682 cura,
1819 1636 1866 1673 ut

97 1702 253 1755 scribis,
299 1719 442 1761 meque
487 1705 562 1748 hac
611 1705 662 1747 ad
710 1704 903 1746 maximas
952 1703 1225 1759 aegritudines
1272 1703 1497 1745 accessione
1531 1719 1614 1745 non
1647 1704 1673 1746 †
1691 1704 1861 1746 maxima

95 1775 235 1819 libera.
284 1779 353 1830 Et,
399 1783 446 1820 ut
490 1779 592 1821 scias
635 1794 698 1821 me
740 1779 799 1820 ita
842 1778 989 1830 dolere,
1035 1782 1081 1819 ut
1122 1792 1205 1819 non
1247 1777 1413 1829 iaceam,
1448 1777 1597 1834 quibus
1629 1777 1864 1821 consulibus

141 1946 159 1977 8
180 1945 369 1978 solitudines
392 1964 432 1968 —
456 1946 493 1977 11
518 1944 650 1976 Aledius
673 1944 864 1986 quaesierit:
887 1944 961 1986 quin
986 1944 1082 1975 etiam
1103 1962 1144 1967 -—
1167 1944 1206 1976 13
1229 1954 1290 1975 non
1312 1943 1449 1975 maxima
1470 1961 1510 1966 ——

148 2105 166 2144 ἓ
191 2105 220 2136 1.
243 2104 398 2135 Putaram
420 2105 451 2134 te
474 2102 597 2144 aliquid
623 2103 704 2141 novi,
736 2108 795 2135 cet.
837 2103 958 2134 Paullo

99 2158 203 2195 aliter,
227 2167 328 2199 quam
348 2157 406 2188 alii
429 2156 570 2188 editores
592 2155 673 2187 haec
695 2156 901 2197 interpunxi,
922 2161 960 2188 ut

1006 2104 1118 2135 statim
1141 2113 1268 2134 causam
1290 2103 1444 2141 declaret,
1467 2103 1645 2134 dicendum
1668 2104 1777 2145 potius
1798 2107 1867 2135 erat

1006 2157 1085 2189 haee
1106 2167 1207 2199 quam
1229 2157 1300 2189 illa.

99 2211 205 2252 magis
241 2215 410 2253 appareret
439 2210 497 2240 illa
531 2209 670 2251 quamvis
699 2227 741 2231 —
771 2208 959 2250 scripturum

98 2265 260 2306 respicere
283 2265 324 2296 ad
345 2263 452 2296 Attici
474 2263 596 2301 literas,
615 2263 650 2294 in
667 2263 786 2304 quibus
799 2262 959 2304 seriptum

100 2318 214 2350 fuerit:
241 2333 256 2345 u
271 2318 432 2357 Quamvis
455 2327 522 2348 non
546 2327 650 2356 cures,
674 2317 756 2359 quid
778 2317 813 2348 in
833 2316 879 2348 H.
892 2317 958 2354 fiat,

99 2377 210 2404 tamen
233 2371 409 2403 scribam.''

144 2423 224 2456 Meis
246 2424 353 2456 literis
375 2433 426 2466 ep.
454 2423 505 2454 21.
528 2422 648 2454 Partic.
678 2425 713 2454 ut
724 2423 843 2455 deinde
857 2423 961 2454 liben-

99 2483 148 2510 ter
169 2487 325 2510 carerem.

143 2530 210 2563 Sed
230 2531 338 2562 domus
361 2532 407 2561 est
422 2530 544 2570 sorum.
575 2529 707 2561 Atticus
736 2529 781 2560 ita
811 2528 878 2561 fere
915 2529 960 2560 vi-

100 2586 196 2617 detur
217 2585 402 2626 scripsisse:
425 2584 512 2615 Foro
542 2583 706 2615 abstineas
737 2583 823 2621 licet,
856 2582 956 2614 multi

100 2643 211 2670 tamen
247 2639 289 2670 ad
320 2644 352 2670 te
380 2647 415 2670 se
450 2636 630 2674 conferent,
661 2644 697 2668 ut
727 2636 866 2667 consilia
896 2640 953 2667 tua

102 2691 291 2733 exquirant.
313 2691 430 2732 Itaque
452 2691 551 2722 domo
574 2695 630 2721 tua
652 2690 753 2721 uteris
776 2700 835 2731 pro
857 2689 940 2721 foro.

144 2746 350 2778 Solitudinem
373 2757 492 2788 sequor.
523 2746 713 2777 Mediceum
735 2755 846 2776 rursus
869 2745 962 2786 sequi

102 2801 216 2840 malui,
239 2810 340 2842 quam
362 2800 510 2835 Bosiuni,
535 2799 592 2841 qui
614 2798 803 2830 solitudines
834 2809 853 2830 a
884 2798 962 2830 Cra·

104 2856 221 2887 tandro
243 2855 396 2887 inventas
425 2853 586 2894 singulari
617 2853 783 2894 praetulit.
816 2852 962 2884 Frustra.

105 2908 155 2939 De
178 2908 293 2940 eadem
317 2904 442 2953 ἐρημίᾳ
470 2906 600 2948 scripsit
633 2906 667 2936 in
691 2915 740 2948 ep.
763 2905 813 2943 26,
837 2906 870 2937 2:
903 2904 965 2936 Sed

105 2963 182 2994 milti
201 2963 340 2995 solitudo
362 2966 394 2994 et
419 2972 562 2994 recessus
577 2961 745 3002 provincia
767 2963 826 2992 est.
857 2960 965 2992 Aliud

106 3022 155 3048 est
175 3015 338 3048 discedere
358 3016 393 3046 in
414 3014 604 3046 solitudines
630 3013 724 3046 Fam.
747 3014 795 3045 ΙΙ.
819 3014 867 3052 16,
892 3014 912 3045 2
934 3018 965 3045 et

105 3069 293 3101 solitudines
324 3068 410 3111 sequi
453 3069 523 3099 Att..
548 3067 651 3100 XIII.
675 3067 714 3098 16
736 3077 771 3099 o:
796 3068 868 3099 loca
890 3067 966 3098 soli·

109 3123 201 3156 taria.

152 3176 217 3210 Illa
240 3186 346 3209 eausa.
370 3177 508 3209 Malim:
531 3175 598 3207 alia
621 3185 735 3211 musa,-
761 3185 839 3207 nam
862 3184 966 3216 quum

1052 2210 1207 2242 Alledius.
1230 2210 1271 2242 cf.
1294 2220 1392 2252 supra
1414 2211 1455 2241 ad
1477 2220 1526 2251 ep.
1549 2212 1570 2242 4
1592 2216 1678 2242 extr.

1052 2264 1113 2306 Qui
1135 2263 1231 2295 etiam
1253 2273 1337 2294 nune
1359 2262 1480 2294 molesti
1501 2265 1584 2302 sunt,
1607 2262 1683 2305 quid
1695 2263 1867 2302 existimas,

1005 2319 1033 2350 si
1055 2319 1199 2350 venero?
1222 2329 1258 2350 o:
1283 2317 1433 2350 Caesaris
1456 2318 1532 2350 illos
1552 2318 1685 2357 amicos,
1699 2319 1868 2360 quietiam

1007 2373 1136 2405 absenti
1158 2373 1243 2404 mihi
1264 2372 1397 2404 molesti
1418 2376 1503 2409 sunt,
1524 2372 1605 2413 quid
1622 2376 1717 2413 putas
1729 2372 1868 2411 futuros,

1007 2428 1034 2459 si
1058 2428 1092 2459 in
1122 2427 1239 2458 urbem
1267 2426 1418 2458 rediero?
1465 2425 1525 2467 Qui
1546 2426 1759 2458 scribendum
1788 2436 1868 2465 esse,

1005 2492 1110 2523 quum
1132 2481 1278 2523 primum
1299 2481 1381 2512 haec
1403 2480 1560 2520 legerem,
1595 2480 1674 2518 vidi,
1711 2481 1744 2511 in
1768 2491 1867 2521 quam

1007 2535 1276 2568 emendationem
1298 2534 1416 2566 incidit
1447 2543 1579 2576 quoque
1599 2525 1868 2576 'Wesenbergius

1006 2589 1147 2621 Emend.
1171 2599 1203 2630 p.
1226 2588 1298 2619 123.
1336 2586 1419 2629 Quin
1441 2587 1474 2618 h.
1497 2588 1519 2618 l.
1542 2598 1610 2619 non
1633 2587 1740 2628 magis
1765 2587 1868 2620 feren-

1005 2644 1086 2674 dum
1109 2647 1166 2680 est,
1189 2651 1291 2683 quam
1312 2641 1340 2672 I.
1364 2642 1414 2679 13,
1437 2641 1467 2672 2.
1491 2641 1550 2672 ubi
1572 2640 1612 2672 cf.
1637 2642 1815 2672 adnotatio.

1048 2697 1067 2736 ξ
1090 2697 1118 2728 2.
1143 2695 1196 2727 Me
1217 2696 1278 2726 Ιιασ
1301 2695 1346 2726 ad
1366 2695 1519 2726 maa-imas
1535 2694 1754 2736 aeyritudines
1767 2705 1869 2726 acces-

1007 2750 1094 2781 sione
1116 2760 1177 2781 που
1199 2752 1216 2788 †
1236 2749 1371 2780 maavima
1394 2749 1504 2780 libera.
1526 2748 1593 2788 Qui
1607 2748 1750 2780 maa-imis
1763 2749 1867 2789 aegri—

1009 2803 1180 2834 tudinibus
1202 2803 1372 2844 premitur,
1407 2812 1474 2834 non
1497 2802 1641 2833 multum
1671 2802 1809 2839 levatur,
1841 2802 1869 2832 si

1003 2866 1108 2896 parva
1141 2855 1329 2887 accessione
1358 2855 1527 2886 liberatur.
1557 2855 1658 2886 Recte
1688 2854 1768 2885 Pius
1802 2864 1868 2885 cor-

1009 2910 1096 2942 rexit
1111 2909 1247 2941 mim'ma.
1259 2909 1352 2941 Haec
1365 2919 1384 2940 a
1395 2909 1539 2940 librariis
1551 2909 1729 2950 permutari
1738 2908 1866 2949 Zumpt.

1010 2962 1123 2994 docuit
1145 2963 1186 2994 ad
1210 2962 1370 2994 Verrinas
1392 2972 1423 3003 p.
1449 2961 1497 2992 10.

1058 3015 1176 3053 Quibus
1197 3015 1374 3047 consulibus
1395 3014 1583 3052 Carneades,
1599 3020 1660 3046 cet.
1685 3014 1870 3045 Carneades

1010 3070 1235 3102 Academicus
1256 3080 1332 3101 cum
1353 3069 1506 3110 Diogene
1529 3067 1640 3099 Stoico
1670 3072 1701 3099 et
1723 3067 1870 3099 Critolao

1012 3123 1230 3165 Peripatetico
1261 3133 1288 3154 a.
1312 3133 1344 3154 u.
1369 3123 1430 3154 599
1463 3122 1501 3153 P.
1527 3121 1684 3154 Cornelio
1714 3120 1870 3162 Scipione

1012 3176 1132 3208 Nasica
1157 3176 1202 3208 ΙΙ.
1226 3175 1272 3207 M.
1299 3174 1440 3206 Claudio
1463 3174 1626 3206 Marcello
1648 3173 1696 3204 II.
1719 3172 1811 3204 Coss.
1827 3173 1869 3204 le-
