2062 3565
672 146 777 190 LIB.
812 146 935 190 XIII.
972 146 1055 189 ΕΡ.
1093 149 1164 189 45.
1202 149 1273 189 46.

79 285 288 326 confirmat
320 288 412 325 ante
446 284 564 325 ludos
599 282 848 325 Romanos.'’

1765 146 1842 187 26]

915 282 1014 337 Legi
1048 282 1281 339 epistolam:
1318 283 1444 324 multa
1478 282 1526 323 de
1559 297 1647 323 meo
1680 284 1846 334 Catone,

81 373 199 414 quem
233 356 462 412 saepissime
495 357 665 413 legendo
710 372 749 398 se
784 356 884 398 dicit
917 356 1176 412 copiosiorem
1210 356 1374 407 factum,
1409 355 1525 397 Bruti
1558 355 1711 397 Catone
1744 356 1847 398 lecto

80 447 122 474 se
161 430 239 474 sibi
284 430 414 473 visum
453 429 664 472 disertum.
710 432 751 471 3.
796 430 899 472 Tum
945 445 993 472 ex
1027 445 1073 472 eo
1106 430 1277 485 cognovi
1313 429 1529 471 cretionem
1563 428 1696 470 Cluvii
1731 454 1788 460 -—
1823 445 1846 470 o

80 505 309 548 Vestorium
363 504 659 560 negligentem!
719 529 775 534 —
830 502 997 546 liberam
1053 503 1284 555 cretionem,
1334 502 1507 544 testibus
1553 502 1845 557 praesentibus,

78 578 287 634 sexaginta
318 577 476 619 diebus.
526 576 762 618 Metuebam
795 592 845 619 ne
877 577 946 618 ille
980 577 1239 619 arcessendus
1273 581 1390 617 esset.
1446 577 1568 618 Nunc
1602 576 1845 618 mittendum

77 647 161 704 est:
184 657 232 695 ut
264 667 352 694 meo
384 651 498 693 iussu
533 655 684 692 cernat.
721 650 835 692 Idem
869 651 994 706 igitur
1029 650 1182 692 Pollex.
1228 650 1362 692 Etiam
1397 649 1445 691 de
1480 649 1606 691 hortis
1639 650 1846 692 Cluvianis

77 726 141 783 egi
173 741 265 768 cum
298 724 448 776 Balb03
482 723 586 765 nihil
619 723 853 766 liberalius:
890 739 930 765 se
965 724 1071 766 enim
1107 724 1242 765 statim
1276 723 1325 765 ad
1360 723 1569 765 Caesarem
1587 723 1845 779 scripturum,

76 799 264 842 Cluvium
308 803 442 842 autem
487 813 510 839 a
541 799 588 839 T.
624 797 859 840 Hordeonio
893 798 1023 854 legare
1057 802 1097 840 et
1129 798 1338 839 Terentiae
1376 798 1461 840 HS.
1496 811 1608 841 1000.
1642 802 1683 839 et
1715 798 1846 855 sepul-

75 872 171 915 chro
203 872 422 928 multisque
455 870 591 922 rebus,
627 871 730 913 nihil
764 887 787 913 a
820 871 952 913 nobis.

997 869 1228 913 Subaccusa
1261 886 1407 926 quaeso
1442 871 1686 913 Vestorium.
1736 871 1846 924 Quid

75 946 209 989 minus
256 945 526 1003 probandum,
574 961 691 1002 quam
734 945 912 988 Plotium
962 946 1277 1001 unguentarium
1310 960 1379 1001 per
1411 960 1503 986 suos
1536 961 1680 1001 pueros
1712 946 1847 989 omnia
1865 963 1902 991 lo

74 1025 188 1063 tanto
221 1025 314 1063 ante
347 1019 490 1072 Balbo,
524 1020 640 1062 illum
674 1019 775 1062 mihi
808 1035 859 1061 ne
891 1035 962 1076 per
995 1035 1103 1061 meos
1138 1019 1330 1075 quidem?
1366 1021 1407 1061 4.
1431 1020 1491 1061 De
1514 1019 1698 1062 Cossinio
1716 1019 1846 1071 doleo,

74 1095 196 1138 dilexi
239 1095 457 1137 hominem.
506 1094 662 1147 Quinto
707 1093 915 1150 delegabo,
968 1094 1002 1135 si
1036 1093 1135 1149 quid
1170 1093 1251 1135 aeri
1285 1108 1372 1135 meo
1406 1093 1535 1135 alieno
1570 1092 1775 1150 superabit
1806 1098 1848 1134 et

73 1167 358 1225 emptionibus,
400 1184 449 1211 ex
497 1168 644 1224 quibus
687 1167 788 1210 mihi
836 1168 958 1210 etiam
1002 1182 1069 1209 aes
1120 1167 1298 1209 alienum
1350 1167 1579 1210 faciendum
1624 1171 1736 1223 puto.
1787 1166 1847 1208 De

73 1242 192 1285 domo
236 1243 394 1299 Arpini,
438 1243 497 1284 nil
546 1243 643 1284 scio.
692 1244 733 1283 5.
781 1243 1013 1284 Vestorium
1057 1242 1117 1283 nil
1158 1247 1219 1283 est
1252 1241 1359 1297 quod
1394 1257 1569 1284 accuses.
1620 1242 1706 1284 Iam
1739 1242 1848 1283 enim

73 1316 284 1372 obsignata
316 1316 391 1359 hac
423 1316 606 1373 epistola,
640 1320 766 1358 noctu
798 1314 1034 1357 tabellarius
1067 1319 1203 1357 noster
1242 1316 1352 1357 venit
1385 1321 1425 1357 et
1457 1315 1506 1356 ab
1540 1331 1586 1357 eo
1620 1316 1755 1358 literas
1788 1315 1901 1357 di-15

73 1392 243 1447 ligenter
275 1391 444 1448 scriptas
478 1389 618 1433 attulit
649 1394 690 1432 et
722 1389 951 1446 exemplum
983 1389 1231 1431 testamenti.

117 1591 134 1624 1
158 1590 292 1630 Catone„
307 1601 365 1634 quo
386 1610 427 1616 —
452 1593 488 1624 11
515 1592 557 1624 mi
578 1611 618 1616 —
641 1593 680 1624 13
703 1593 745 1624 mi
769 1610 808 1616 —-

71 1796 141 1828 quo.
170 1787 272 1819 Recte
304 1791 430 1820 veteres
453 1788 595 1820 editores
618 1788 820 1830 scripserunt
842 1798 940 1829 quem,

73 1842 164 1882 quod
198 1842 280 1874 bene
314 1846 425 1874 tuetur
452 1842 607 1874 Klotzius
635 1843 670 1874 in
703 1843 872 1884 prooemio
907 1853 938 1884 p.

74 1895 149 1927 XL.
170 1905 238 1937 seq.
262 1896 401 1928 laudans
423 1897 542 1928 similis
557 1897 814 1930 constructionis
830 1907 940 1930 exem-

73 1948 128 1989 pla
150 1958 168 1980 e
190 1949 272 1980 V11.
295 1949 325 1987 2,
348 1950 378 1980 4.
401 1949 514 1991 Ligar.
537 1951 587 1982 38.

120 2001 212 2032 Bruti
249 2001 376 2033 Catone.
412 2001 613 2034 Octavianus
644 2004 827 2045 rescripsit¹
842 2004 939 2036 Bruti

74 2053 204 2093 Catoni,
227 2056 284 2087 sed
300 2055 424 2087 librum
435 2066 503 2088 non
519 2056 632 2088 edidit.
649 2056 742 2089 Suet.
755 2056 869 2089 Octav.
884 2058 935 2089 85.

115 2108 134 2149 ξ
156 2110 185 2140 3.
215 2108 357 2140 Liberam
378 2111 555 2142 cretionem.
588 2110 691 2142 Oretio
712 2114 759 2142 est
781 2113 938 2142 certorum

71 2162 192 2194 dierum
212 2163 357 2204 spatium,
379 2163 461 2205 quod
480 2164 578 2195 datur
598 2164 747 2197 instituto
773 2164 883 2197 heredi
895 2165 940 2196 ad

71 2217 316 2256 deliberandum,
344 2220 449 2250 utrum
478 2219 625 2260 expediat
648 2219 679 2251 ei
700 2219 792 2252 adire
815 2220 936 2252 heredi-

72 2271 168 2302 tatem
190 2281 297 2308 necne,
326 2276 402 2302 sunt
430 2272 531 2303 verba
568 2272 703 2314 Ulpiani
736 2273 856 2315 Regul.
886 2274 935 2306 tit.

72 2325 122 2363 22,
146 2324 164 2364 ξ
187 2325 238 2357 27.
260 2324 310 2356 Cf.
333 2324 435 2357 Gaius
457 2326 505 2357 II.
530 2326 600 2358 164.
630 2327 752 2358 Libera
774 2328 877 2360 cretio
899 2328 934 2360 in

73 2378 200 2419 scriptis
220 2383 369 2410 veterum
391 2377 549 2410 ICtorum
571 2389 638 2410 non
662 2380 865 2419 nominatur,
878 2382 934 2413 sed

73 2441 115 2463 ex
139 2431 247 2463 verbis
269 2440 375 2472 seqq.:
413 2430 506 2461 Nunc
527 2431 709 2463 mittendum
732 2435 789 2471 est,
812 2436 847 2464 ut
870 2444 935 2465 meo

72 2484 159 2515 iussu
175 2486 285 2515 cernat
309 2490 341 2515 et
363 2493 412 2525 ep.
436 2493 521 2525 seq.:
547 2483 635 2516 Idem
652 2484 762 2517 Pollex
777 2487 935 2518 remitten-

73 2538 132 2569 dus
161 2540 218 2576 est,
248 2539 283 2568 ut
313 2537 371 2568 ille
403 2539 512 2568 cernat
543 2547 619 2570 vere
647 2537 866 2581 Schillingius
894 2541 935 2572 ad

73 2591 254 2632 Hugonem
291 2601 321 2632 p.
354 2591 441 2622 196-
459 2591 520 2621 200
555 2590 663 2622 effecit
690 2591 819 2623 liberam
859 2593 934 2631 dici,

73 2645 204 2686 quando
233 2644 316 2676 alius
345 2653 405 2685 pro
435 2644 556 2676 herede
578 2653 713 2676 cernere
735 2650 852 2686 posset.
883 2645 935 2678 De

73 2699 209 2731 testibus
238 2698 272 2729 in
301 2698 448 2729 cretione
478 2697 635 2728 adhibitis
664 2697 826 2730 habemus
855 2708 934 2740 quo-

70 2761 136 2794 que
158 2751 320 2782 Varronis
342 2750 567 2782 testimonium
588 2751 630 2782 de
651 2750 692 2782 L.
716 2751 790 2782 Lat.
805 2751 869 2782 Vl.
883 2752 934 2783 81.

73 2805 246 2846 δἐιεαῃίηία
268 2804 346 2843 dies,
370 2805 404 2836 in
428 2804 548 2846 quibus
570 2804 672 2836 cretio
687 2803 838 2837 facienda
851 2811 931 2844 erat,

72 2866 307 2904 computantur
328 2871 347 2892 a
369 2865 476 2892 morte
497 2861 674 2892 testatoris.

115 2914 162 2947 Ne
182 2913 241 2946 ille
262 2914 470 2946 arcessendus
494 2916 584 2945 esset.
606 2915 727 2947 Bosius
749 2915 869 2947 frustra
879 2916 932 2948 de-

74 2969 180 3001 fendit
200 2968 368 3006 arcendus,
393 2969 482 3009 quod
497 2977 531 2999 se
545 2973 656 3009 petere
670 2969 768 3010 fingit
779 2979 796 3001 e
813 2969 932 3001 Scidis.

73 3021 241 3062 Quamdiu
262 3020 377 3053 Cicero
399 3021 566 3052 nesciebat
587 3021 726 3054 liberam
748 3032 818 3055 esse
840 3024 933 3055 creti-

73 3083 171 3107 onem
181 3074 373 3106 hereditatis
385 3073 578 3112 Cluvianae,
590 3075 760 3108 metuebat
767 3085 820 3114 ne,
829 3086 933 3117 quum

75 3129 143 3170 ipse
165 3127 322 3160 Puteolos
345 3137 519 3160 excurrere
542 3138 608 3160 non
628 3135 746 3170 posset,
759 3130 932 3162 Vestorius

75 3185 158 3213 esset
179 3180 396 3219 arcessendus,
417 3190 559 3223 quocum
579 3181 621 3214 de
643 3181 701 3214 illa
724 3193 757 3215 re
775 3183 933 3215 delibera-

983 1788 1042 1816 ret.
1078 1783 1177 1815 Nunc
1206 1782 1361 1815 Vestorio
1381 1790 1440 1823 per
1461 1789 1594 1812 servum
1615 1779 1771 1811 mandare
1794 1788 1848 1820 po-

985 1843 1078 1877 terat,
1101 1842 1138 1869 ut
1159 1848 1220 1869 suo
1242 1837 1378 1869 nomine
1398 1840 1556 1868 cerneret.

1029 1894 1116 1926 Idem
1139 1913 1181 1918 —
1203 1893 1317 1928 Pollex
1339 1903 1383 1925 sc.
1406 1893 1448 1924 ad
1465 1891 1657 1924 Vestorium
1679 1891 1848 1924 remitten-

986 1948 1048 1980 dus
1075 1953 1123 1980 est
1156 1947 1206 1980 Cf.
1229 1957 1278 1989 ep.
1303 1947 1354 1985 47,
1379 1947 1406 1978 1.

1027 2001 1056 2032 A
1088 2000 1120 2032 Τ.
1150 2000 1334 2032 Hordeonio
1362 2000 1479 2041 leqare.
1510 1998 1639 2040 Legare
1673 1998 1715 2029 ab
1737 1998 1850 2039 aliquo

985 2058 1034 2085 est
1056 2054 1202 2094 aliquem
1221 2062 1264 2085 ex
1289 2053 1465 2085 heredibus
1487 2052 1671 2093 designare,
1688 2051 1747 2092 qui
1762 2051 1850 2092 lega-

984 2113 1056 2139 tum
1085 2107 1213 2140 solvere
1242 2107 1370 2139 debeat.
1399 2106 1450 2139 Cf.
1480 2105 1548 2138 Cic.
1581 2116 1611 2147 p.
1642 2104 1774 2138 Cluent„
1798 2105 1848 2136 33.

984 2161 1086 2194 Gaius
1111 2162 1160 2193 11.
1183 2161 1256 2193 245.

1024 2215 1173 2257 Sepulcro
1196 2225 1229 2246 o:
1253 2221 1423 2257 sumptum
1446 2215 1481 2246 in
1499 2219 1717 2245 monumento
1731 2212 1849 2245 facien-

983 2270 1073 2301 dum.

1023 2324 1041 2364 ξ
1064 2324 1094 2355 4.
1117 2323 1167 2355 De
1196 2322 1339 2354 Cossinio
1369 2322 1469 2360 doleo,
1499 2332 1555 2363 np.
1579 2331 1657 2353 eum
1679 2325 1848 2352 mortuum

982 2386 1062 2409 esse.
1085 2377 1270 2409 Hominem
1294 2377 1408 2408 laudat
1431 2377 1458 2407 Ι.
1483 2376 1533 2413 19,
1557 2376 1606 2406 11.

1023 2429 1057 2460 Si
1077 2431 1154 2473 quid
1174 2430 1245 2462 aeri
1267 2440 1332 2461 meo
1354 2430 1462 2461 alieno
1483 2428 1642 2470 superabit
1667 2430 1698 2459 et
1721 2428 1845 2469 emptio-

981 2484 1070 2516 nibus
1092 2495 1131 2516 o:
1154 2485 1181 2516 si
1205 2485 1285 2526 quid
1307 2494 1351 2516 ex
1380 2484 1440 2515 illa
1468 2483 1650 2515 hereditate
1679 2482 1846 2523 reliquum

981 2539 1052 2576 erit,
1075 2549 1140 2580 quo
1162 2539 1286 2580 possim
1309 2539 1358 2570 uti
1381 2539 1422 2569 ad
1455 2547 1509 2569 aes
1539 2537 1686 2568 alienum
1716 2537 1845 2568 solven-

981 2594 1061 2624 dum
1084 2598 1118 2625 et
1139 2593 1303 2625 nonnulla
1327 2593 1477 2625 emenda.
1502 2591 1597 2630 Quae
1619 2591 1719 2628 addit,
1739 2595 1846 2622 osten-

981 2647 1065 2678 dunt
1106 2657 1183 2679 eum
1212 2648 1329 2685 vereri,
1364 2657 1406 2678 ne
1444 2656 1570 2677 novum
1603 2654 1657 2677 aes
1695 2645 1842 2676 alienum

981 2706 1211 2733 contracturus
1234 2701 1276 2733 sit
1299 2711 1343 2733 ex
1367 2701 1419 2738 iis,
1442 2709 1527 2741 quac
1551 2708 1659 2731 emere
1682 2698 1772 2730 velit.
