2062 3565
714 134 820 176 LIB.
855 132 955 175 XII.
990 132 1074 174 ΕΡ.
1112 133 1306 173 47—50.
1806 135 1888 174 211

119 271 265 321 Crassi,
311 273 373 313 avi
419 272 496 321 sui,
540 278 585 313 ut
628 286 668 313 se
713 269 1013 320 defenderem'’,
1059 283 1299 324 causamque
1345 284 1457 311 suam
1503 269 1602 311 mihi
1649 269 1890 326 perscripsit.

123 345 323 400 Rescripsi
367 352 537 402 patrono
577 346 638 387 illi
688 344 790 387 nihil
823 359 924 400 opus
957 358 1056 394 esse,
1091 343 1278 397 quoniam
1313 343 1507 394 Caesaris,
1542 343 1758 398 propinqui
1792 343 1890 392 eius,

121 418 250 460 omnis
295 423 472 474 potestas
517 425 634 470 esset,
680 419 755 460 viri
799 418 942 474 optimi
984 422 1025 459 et
1056 416 1232 458 hominis
1266 416 1558 468 liberalissimi,
1594 432 1655 457 me
1689 422 1821 458 tamen
1857 417 1891 456 ei

120 491 340 533 fauturum.
407 493 444 533 O
487 494 686 548 tempora!
733 492 814 533 fore
856 506 981 546 quum
1026 489 1186 532 dubitet
1229 489 1395 531 Curtius
1440 490 1691 531 consulatum
1736 490 1889 545 petere!

120 565 199 608 Sed
243 565 342 608 haec
386 565 598 607 hactenus.
645 568 686 606 2.
733 565 792 606 De
824 565 984 615 Tirone,
1019 563 1120 605 mihi
1153 577 1271 604 curae
1305 569 1379 604 est.
1414 562 1492 604 Sed
1527 563 1606 604 iam
1640 563 1761 604 sciam
1795 561 1891 617 quid
1934 570 1947 594 ῡ

121 645 226 696 agat.
274 640 374 682 Heri
417 639 524 681 enim
568 639 658 680 misi
692 639 762 694 qui
797 639 962 689 videret,
999 638 1064 679 cui
1097 638 1218 679 etiam
1252 636 1302 678 ad
1336 644 1375 678 te
1408 636 1545 677 literas
1579 636 1686 678 dedi.
1734 637 1892 692 Episto-

121 715 198 756 lam
232 714 283 755 ad
316 713 524 756 Caesarem
559 711 635 754 tibi
670 713 773 753 misi.
813 712 930 753 Horti
965 727 1085 766 quam
1119 712 1161 752 in
1195 711 1301 752 diem
1338 711 1547 766 proscripti
1583 711 1665 752 sint
1700 711 1815 751 velini
1842 711 1890 751 ad

123 804 186 830 me
221 787 386 830 scribas.

130 919 148 949 6
175 917 322 958 Epistola
348 928 375 948 m
400 917 445 948 ad
470 916 648 949 Ciceronem
671 935 712 940 -

169 1030 226 1062 Per
248 1042 315 1062 eum
340 1030 487 1069 Marium,
511 1042 596 1073 qvem
614 1031 816 1072 scripsissem.
840 1033 932 1064 Bene
949 1033 988 1064 de

126 1091 273 1127 tempore
295 1086 394 1117 huius
417 1087 574 1118 carminis
596 1086 777 1127 disputavit
801 1087 926 1118 Bakius
949 1088 990 1118 ad

126 1139 210 1180 Leg.
233 1150 263 1181 p.
288 1139 359 1173 267.

166 1194 203 1224 L.
234 1194 344 1226 Crassi
367 1194 420 1225 avi
449 1194 509 1225 sui.
540 1194 633 1225 Infra
663 1194 764 1226 XIV.
794 1196 823 1232 8,
855 1196 870 1226 1
902 1196 990 1227 huuc

126 1251 272 1282 Marium
297 1251 442 1292 appellat
467 1250 576 1282 Crassi
599 1254 750 1292 nepotem.
779 1252 888 1292 Igitur
909 1252 990 1282 filia-

127 1314 202 1336 rum
223 1304 263 1335 L.
289 1303 399 1336 Crassi
423 1303 527 1335 altera
549 1309 652 1345 nupta
673 1304 805 1336 videtur
829 1304 865 1336 C.
890 1305 991 1336 Marii

126 1358 206 1396 tilio,
240 1358 347 1390 altera
380 1357 512 1389 Licinia
549 1367 634 1389 uxor
663 1357 727 1389 fuit
756 1357 794 1388 P.
826 1357 991 1400 Scipionis

127 1414 277 1446 Nasicae.
299 1414 395 1445 Brut.
419 1414 491 1445 211.

171 1467 211 1499 Ut
232 1477 265 1498 se
284 1467 494 1508 defenderem.
522 1467 689 1499 Falsarius
711 1468 769 1499 ille
793 1469 924 1500 videtur
957 1469 991 1500 in

127 1521 287 1553 iudicium
312 1521 477 1553 adductus
515 1521 626 1559 fuisse,
659 1523 748 1563 quod
783 1523 927 1554 Marium
958 1532 992 1554 se

127 1585 198 1608 esse
230 1575 412 1606 simularet.
451 1576 534 1606 Eam
564 1576 607 1607 ob
636 1585 769 1607 causam
804 1587 821 1607 a
854 1576 993 1609 Caesare

128 1627 294 1669 relegatus
318 1633 377 1660 est.

173 1680 322 1712 Caesaris
348 1681 517 1722 propinqui
551 1684 628 1713 eius.
668 1682 756 1713 Nam
793 1682 830 1714 C.
855 1683 993 1722 Marius,

129 1743 229 1776 quem
250 1734 306 1765 hic
328 1744 428 1766 avum
451 1735 593 1773 dicebat,
628 1736 770 1767 duxerat
799 1737 923 1768 Iuliam
957 1736 992 1769 C.

129 1789 208 1820 Iulii
233 1787 383 1820 Caesaris
406 1790 553 1821 amitam.
578 1790 656 1821 Vid.
682 1790 774 1822 Plut.
799 1791 832 1822 in
855 1790 950 1823 Caes.
966 1792 994 1824 1.

130 1842 277 1884 Appian.
301 1842 342 1873 B.
366 1841 404 1874 C.
426 1843 494 1874 ΙΙΙ.
518 1844 547 1874 2.

173 1894 226 1926 Me
249 1895 278 1926 ei
293 1895 477 1936 fauturum.
498 1896 548 1928 De
571 1897 720 1938 patronis
739 1897 861 1929 dicitur
883 1898 996 1930 adesse

764 2006 824 2052 L„

194 2117 252 2158 Ut
283 2133 346 2159 me
379 2118 529 2160 levarat
562 2125 658 2161 tuus
691 2119 901 2172 adventus,
937 2122 993 2163 sic

1035 1040 1067 1065 et
1089 1045 1151 1065 non
1172 1034 1292 1072 deesse,
1318 1044 1385 1065 11011
1408 1034 1530 1066 dicitur
1542 1035 1670 1075 favere.
1690 1036 1739 1067 Cf.
1764 1036 1894 1068 Ouden-

1012 1088 1143 1144 idm-pii
1174 1087 1308 1119 Scholia
1338 1088 1371 1118 in
1406 1087 1465 1119 sel.
1499 1088 1568 1119 Cic.
1599 1089 1691 1130 epist.
1722 1101 1750 1131 p.
1782 1092 1819 1119 (55
1851 1101 1896 1131 sq.

1012 1145 1014 1172 ἐ
1034 1144 1124 1185 Ergo
1147 1145 1359 1176 scribendum
1380 1145 1564 1187 affuturam.
1748 1164 1751 1167 -

1080 1198 1215 1229 Curtius.
1239 1198 1299 1229 Est
1321 1198 1378 1229 ille
1395 1197 1611 1230 Caesarianus
1630 1200 1715 1240 (Att.
1729 1200 1791 1231 IX.
1805 1202 1832 1237 2,
1853 1203 1897 1239 3),

1037 1253 1093 1293 qui
1133 1252 1352 1292 quadriennio
1388 1258 1465 1284 ante
1509 1260 1708 1295 auguratum
1752 1263 1896 1296 sperarat

1039 1305 1146 1345 (Fam.
1185 1307 1230 1337 II.
1267 1306 1316 1344 16,
1347 1306 1392 1345 7).
1423 1307 1626 1348 Indignatur
1657 1307 1780 1346 Cicero,
1814 1310 1900 1350 quod

1039 1361 1115 1392 talis
1137 1361 1248 1398 homo,
1284 1370 1382 1402 quem
1405 1371 1447 1393 ne
1469 1362 1504 1392 in
1527 1363 1619 1394 curia
1652 1363 1785 1404 quidem
1818 1364 1900 1395 serre

1038 1420 1165 1454 poterat
1194 1415 1279 1454 (Att.
1315 1413 1380 1445 IX.
1418 1415 1447 1453 9,
1478 1415 1528 1453 1),
1567 1417 1607 1448 de
1647 1417 1822 1447 consulatu
1850 1427 1901 1458 pe-

1016 1485 1017 1495 i
1040 1468 1140 1498 tendo
1162 1468 1378 1499 deliberabat.

1016 1506 1018 1556 ἱ
1080 1520 1098 1560 ξ
1122 1520 1151 1551 2.
1174 1519 1347 1561 Epistolam
1370 1521 1415 1552 ad
1447 1521 1623 1553 Caesarem.
1659 1522 1782 1554 Contra
1812 1523 1901 1554 Med.

1016 1601 1018 1616 ,
1039 1579 1069 1605 et
1092 1583 1195 1614 marg.
1222 1573 1311 1606 Crat.
1329 1575 1384 1606 hic
1401 1577 1533 1617 reposui
1550 1582 1682 1618 propter
1697 1577 1902 1618 frequentem

1037 1629 1138 1660 huius
1175 1630 1333 1670 epistolae
1372 1631 1582 1663 mentionem
1611 1632 1646 1663 in
1675 1632 1780 1664 literis
1812 1633 1901 1663 illius

1040 1685 1206 1725 temporis.
1243 1685 1330 1716 Vide
1354 1684 1458 1717 XIII.
1481 1687 1531 1718 26.
1561 1686 1647 1718 XII.
1671 1688 1719 1725 51,
1745 1688 1762 1717 2
1802 1689 1850 1721 52,
1873 1688 1902 1718 ἱ).

1039 1736 1143 1782 XIII.
1167 1738 1193 1775 1,
1218 1738 1247 1768 3.
1270 1737 1319 1776 27,
1343 1739 1372 1769 1.
1395 1738 1445 1776 28,
1471 1741 1501 1770 2.
1524 1740 1574 1778 31,
1599 1740 1628 1771 3.
1653 1739 1690 1771 Si
1711 1740 1826 1772 Cicero
1842 1742 1902 1772 At-

1040 1791 1105 1822 tico
1129 1792 1304 1832 epistolam
1327 1793 1442 1825 Marco
1470 1794 1540 1825 filio
1567 1795 1767 1826 destinatam
1797 1796 1901 1826 misis-

1018 1833 1022 1933 ἱ
1041 1851 1100 1883 set,
1123 1846 1304 1885 adiecisset,
1327 1848 1455 1889 opinor,
1478 1859 1579 1890 quare
1601 1850 1635 1881 id
1660 1849 1791 1882 faceret.

880 2006 946 2059 (A.
989 2007 1033 2047 U.
1072 2007 1115 2049 0.
1156 2008 1273 2063 709.)

1028 2121 1226 2165 discessus
1260 2125 1415 2167 afflixit.
1466 2125 1600 2178 Quare
1635 2142 1759 2182 quum
1794 2137 1902 2182 pote-

131 2191 200 2240 ris,
244 2190 286 2232 id
330 2198 403 2241 est,
444 2207 568 2248 quum
613 2194 724 2235 Sexti
757 2195 937 2236 auctioni
971 2210 1130 2251 operam
1164 2196 1335 2249 dederis,
1370 2199 1517 2240 revises
1550 2215 1638 2241 nos.
1696 2202 1766 2242 Vel
1800 2217 1904 2242 unus

133 2264 219 2306 dies
251 2264 351 2306 mihi
391 2266 467 2307 erit
499 2267 625 2319 utilis,
661 2267 760 2323 quid
793 2268 923 2310 dicam
957 2270 1142 2324 gratius?
1192 2271 1283 2326 Ipse
1318 2272 1486 2314 Romam
1520 2274 1711 2325 venirem,
1747 2280 1791 2316 ut
1825 2290 1905 2316 una

135 2353 324 2390 essemus,
358 2339 392 2381 si
425 2340 522 2382 satis
555 2341 768 2383 consilium
803 2342 978 2398 quadam
1011 2343 1059 2384 de
1092 2359 1134 2385 re
1168 2343 1372 2386 haberem.

177 2461 198 2490 4
219 2459 295 2502 quid
316 2459 428 2499 dicam,
447 2462 591 2502 yratus?

180 2563 269 2595 Sesrtz'
293 2565 467 2597 Peducaei.
501 2565 543 2597 cf.
568 2575 617 2607 ep.
648 2576 714 2608 seq.
739 2567 758 2598 2
792 2566 896 2600 XIII.
919 2569 947 2605 2,
970 2570 1000 2600 3.

183 2617 267 2659 Quid
281 2618 381 2649 dicam
395 2619 553 2661 qratia-s?
575 2619 709 2651 Reduxi
726 2621 922 2662 scripturam
933 2622 1002 2654 Me-

1090 2570 1176 2602 Satis
1199 2572 1372 2605 consilium.
1395 2573 1470 2605 Hoc
1493 2585 1560 2606 non
1577 2581 1625 2606 est
1640 2575 1818 2607 Ciceronis.
1844 2575 1906 2606 Vel

1027 2625 1262 2662 ,scribendum
1291 2627 1372 2657 satis
1402 2628 1536 2666 consilii,
1568 2636 1605 2660 ut
1634 2629 1764 2660 volebat
1796 2628 1908 2659 Corra-

139 2672 233 2710 dicei,
255 2673 343 2705 male
366 2673 484 2714 opinor
515 2684 533 2704 a
564 2674 716 2705 Victorio
748 2681 909 2707 mutatam
939 2676 1001 2708 ita:
1027 2671 1030 2695 l
1051 2679 1123 2718 dus,
1146 2681 1235 2720 quod
1257 2680 1450 2722 Madvigius
1473 2683 1513 2713 ad
1535 2682 1608 2714 Fin.
1633 2694 1663 2723 p.
1686 2683 1747 2712 286
1766 2693 1831 2713 non
1849 2683 1907 2713 iin-

139 2726 217 2767 quid
236 2726 349 2766 dicam,
368 2727 514 2769 yratus?
536 2728 623 2759 Nam
645 2729 702 2769 qui
724 2729 771 2760 sic
787 2730 941 2770 loquitur,
957 2731 1004 2762 in-

140 2778 227 2810 dicat
249 2789 284 2811 se
306 2779 447 2812 invitum
462 2781 496 2812 id
513 2782 603 2822 quod
620 2782 768 2822 sequitur
780 2785 906 2824 (yralus
919 2783 952 2815 h.
965 2785 1004 2823 1.)

141 2833 308 2864 dicturum
337 2843 417 2866 esse.
457 2835 507 2866 At
535 2835 630 2866 nulla
659 2846 757 2867 causa
786 2843 864 2874 erat,
893 2848 1005 2878 quam-

144 2887 259 2918 obrem
282 2887 372 2919 diem
393 2898 470 2919 cum
493 2889 608 2920 Attico
626 2892 752 2930 yratum
772 2890 836 2921 sibi
854 2890 923 2922 fore
938 2901 1005 2922 non

143 2938 301 2971 fateretur
309 2955 318 2978 ;
341 2941 511 2972 iucundum
536 2941 644 2973 dicere
670 2952 738 2973 11011
761 2943 878 2984 potuit.
915 2944 1005 2975 Tun·

145 2993 261 3024 stallus
284 3005 314 3035 p.
339 2994 379 3025 64
402 3004 575 3036 perperam
606 3000 738 3027 secutus
770 3002 819 3028 est
849 3002 1006 3028 correcto-

147 3055 217 3077 rem
237 3046 313 3077 libri
339 3047 481 3078 Medicei
494 3052 591 3088 atque
607 3048 707 3079 verba
719 3049 765 3080 sic
781 3049 953 3082 distinxit:
968 3069 1007 3074 —

146 3098 246 3129 utilis.
280 3098 390 3140 Quid?
413 3100 514 3131 dicam
535 3100 686 3141 manus:
719 3101 784 3142 ipse
808 3102 932 3134 Romam
956 3113 1006 3134 ve-

148 3163 244 3184 mrem
267 3161 328 3186 cet.

1051 2731 1175 2772 probat,
1199 2733 1251 2764 vel
1276 2734 1366 2774 quod
1389 2734 1522 2766 Mosei-0
1545 2735 1658 2776 Symb.
1680 2736 1758 2766 Crit.
1777 2736 1815 2765 V.
1829 2735 1909 2775 p.22

1052 2784 1160 2815 visum
1183 2791 1242 2823 est,
1266 2787 1391 2818 excidit
1413 2787 1549 2829 aliquid,
1574 2788 1819 2829 legendumque
1848 2789 1908 2818 sor-

1051 2841 1136 2868 tasse
1165 2838 1194 2868 si
1231 2839 1312 2869 satis
1344 2842 1461 2871 certum
1492 2841 1651 2871 consilium
1687 2860 1727 2864 —
1755 2841 1908 2871 haberem.

1054 2889 1157 2920 uNon
1178 2891 1277 2929 enim,
1307 2899 1343 2923 ut
1365 2899 1452 2924 recte
1474 2894 1541 2930 ille,
1570 2893 1666 2934 plane
1689 2893 1829 2924 defuisse
1853 2892 1907 2923 (¹1-

1054 2945 1168 2975 ceroni
1200 2945 1362 2977 concilium
1391 2949 1593 2979 censendum
1623 2954 1681 2984 cst,
1711 2948 1766 2978 sed
1796 2950 1908 2976 cea-lam

1054 2997 1228 3037 consilium,
1251 3006 1288 3031 ut
1310 3000 1344 3031 in
1368 3010 1402 3032 re
1428 3002 1522 3032 valde
1545 3001 1678 3031 dubia.''

1103 3049 1245 3086 Quadam
1270 3053 1310 3083 de
1332 3063 1376 3084 re.
1399 3053 1553 3094 Speciosa
1586 3060 1634 3085 est
1657 3053 1824 3084 Wielandi
1860 3063 1910 3083 su-

1054 3104 1156 3145 spicio
1179 3105 1374 3137 Ciceronem
1408 3113 1486 3138 tunc
1509 3107 1704 3138 deliberasse
1728 3106 1767 3136 de
1793 3107 1910 3136 nuntio

1030 3167 1033 3180 ¹
1055 3157 1219 3191 Publiliae
1243 3161 1449 3192 remittendo.

1644 3220 1661 3259 1
1681 3218 1726 3258 ff
