2062 3565
139 164 224 202 2025
544 159 627 200 ΕΡ.
662 157 737 198 ΑΙ)
772 157 817 197 Τ.
853 154 1201 197 POMPONIUM
1235 153 1500 195 ATTICUM.

136 310 404 351 permansero,
455 293 564 335 Scies
608 293 734 348 igitur
775 290 940 333 fortasse
985 305 1084 340 craS,
1131 304 1332 331 summum
1377 288 1580 345 perendie.
1616 293 1657 331 4.
1692 289 1767 332 Sed
1803 290 1898 346 quid

138 375 198 411 est
247 369 424 424 quaeso?
474 366 717 408 Philotimus
757 371 879 421 negat
925 364 1050 406 artius
1099 363 1336 420 Pompeium
1382 363 1510 404 teneri
1561 388 1618 393 —
1666 379 1745 420 qua
1778 363 1826 405 (16
1859 379 1901 405 re

141 443 345 484 literarum
387 441 437 483 ad
482 440 669 482 Clodium
711 439 952 481 Patavinum
996 439 1208 480 missarum
1252 436 1478 491 exemplum
1520 436 1621 478 mihi
1661 437 1818 493 Oppius
1863 442 1903 478 et

142 514 293 556 Balbus
339 515 544 565 miserant,
595 529 635 555 se
682 513 725 554 id
768 513 918 555 factum
963 510 1147 553 arbitrari
1183 536 1239 540 -
1274 509 1503 564 bellumque
1535 515 1671 551 narrat
1702 511 1901 566 reliquum

106 603 119 626 5
142 588 238 628 satis
286 602 491 643 magnum.
547 587 656 629 Solet
699 586 862 627 omnino
908 600 992 626 esse
1036 586 1062 629 †
1082 584 1365 626 Fulviniaster.

1416 582 1493 625 Sed
1537 588 1685 635 tamen,
1729 585 1759 625 si
1805 584 1900 639 quid

142 660 277 702 habes.
314 661 423 702 Volo
456 662 575 703 etiam
612 660 661 701 de
693 659 903 715 naufragio
937 658 1160 701 Caniniano
1193 659 1293 701 scire
1326 657 1423 715 quid
1458 657 1523 698 sit.

183 836 203 867 2
226 835 413 868 Philotimus
438 845 494 866 nec
517 834 663 866 Carteiae
686 852 725 856 —-
748 835 767 864 3
795 832 933 864 Clodium
956 835 972 870 †
995 831 1185 863 Putavinum
1209 849 1248 854 —
1271 834 1288 862 5
1313 831 1491 864 cmlviaster
1516 850 1553 854 —-

143 988 223 1014 vant
245 982 378 1013 Tulliae
399 990 492 1013 meae
518 980 722 1018 memoriam,
736 980 910 1020 meipsum
923 979 1000 1010 vici.

142 1036 184 1068 cf.
214 1037 254 1067 46
288 1036 360 1067 init.
408 1034 596 1066 Gronovius
633 1034 803 1075 adscripsit
843 1043 954 1065 versus
983 1042 1001 1064 e
1027 1038 1028 1057 1

1026 1093 1029 1129 ᾗ
1053 1083 1137 1124 Apr.
1167 1083 1208 1113 ad
1236 1082 1399 1113 Mundam
1430 1086 1611 1122 pugnatam
1644 1079 1707 1112 Cn.
1731 1079 1908 1120 Pompeius

1027 1140 1028 1152 ¹
1054 1136 1220 1169 Carteiam
1243 1146 1277 1168 se
1313 1136 1463 1174 contulit,
1492 1141 1529 1166 ut
1558 1135 1678 1166 scimus
1707 1144 1725 1166 6
1754 1134 1838 1165 libro
1866 1135 1908 1166 de

144 1090 252 1120 Plauti
275 1089 472 1120 Trinummo
496 1088 542 1119 II.
564 1088 594 1126 2,
617 1087 656 1120 27
679 1097 748 1128 seq.

142 1168 180 1200 St
203 1167 325 1198 animas
346 1167 496 1198 homiaem
517 1166 647 1206 pepulit,
674 1167 819 1202 actumst,
842 1164 950 1195 animo

708 1218 816 1256 servit,

909 1325 1001 1356 eluet.

186 1412 204 1451 ξ
228 1413 258 1442 4.
284 1410 444 1450 PMneyat
456 1409 559 1440 artius
572 1408 746 1450 Pompeium
764 1407 875 1438 teneri.
889 1407 1003 1447 Vulgo

145 1475 161 1496 c
185 1465 276 1496 Man.
306 1464 492 1505 suspicione
522 1463 631 1494 editur
662 1472 719 1493 nec
755 1461 911 1493 Carteiae.
936 1460 1003 1493 Sed

145 1520 288 1560 primum
319 1528 336 1550 e
358 1518 516 1558 scriptura
548 1517 637 1548 Med.
660 1526 717 1547 nec
735 1515 850 1546 cartivi
872 1515 1002 1546 facilius

146 1572 270 1603 eruitur
292 1581 348 1602 nec
370 1570 492 1606 artiu8;
517 1575 587 1601 tum
610 1580 664 1600 nec
679 1574 788 1600 ortum
803 1578 872 1600 esse
885 1578 902 1600 e
916 1578 1001 1599 com—

147 1626 266 1666 pendio
290 1625 467 1666 scripturae
489 1623 593 1655 NEG'
616 1634 674 1664 pro
696 1625 799 1662 navat,
822 1628 857 1653 ut
879 1622 1001 1653 factum

146 1679 174 1709 I.
199 1678 218 1708 3
241 1684 334 1715 extr„
358 1678 466 1719 potius
489 1678 595 1715 credo,
619 1687 719 1719 quam
733 1677 872 1708 verbum
888 1679 1001 1707 narrat

148 1733 246 1772 longe
269 1738 433 1764 remotum
456 1732 508 1762 hic
538 1732 739 1763 audiendum
770 1740 850 1763 esse.
895 1730 944 1762 De
967 1741 1001 1763 re

744 1836 873 1880 XLV.

840 1230 901 1249 uon
924 1218 1001 1255 sibi;
1027 1231 1029 1254 ς
1056 1246 1062 1251 ,
1197 1246 1218 1276 d
1529 1245 1535 1250 .
1579 1244 1599 1274 b
1712 1242 1779 1274 vu
1824 1242 1830 1248 .
1859 1242 1888 1272 f·

143 1275 196 1305 Sin
221 1275 285 1315 ipse
307 1275 439 1306 animum
460 1274 594 1315 pepulit,
620 1273 705 1310 vivit,
734 1272 831 1303 victor
854 1271 1001 1303 victorum
1027 1258 1029 1293 l
1055 1255 1124 1276 lum
1157 1255 1196 1276 eo
1220 1254 1273 1276 em
1307 1250 1473 1285 receptum
1503 1245 1575 1275 (hee
1601 1250 1667 1274 ant'
1747 1253 1756 1273 ¹
1783 1267 1790 1273 '
1823 1252 1855 1273 m
1873 1251 1911 1273 ‘a

1026 996 1027 1001 =
1049 977 1091 1009 cf.
1115 986 1164 1018 ep.
1184 975 1233 1014 37,
1259 978 1279 1006 4
1301 976 1333 1007 h.
1356 975 1378 1007 l.
1402 975 1551 1007 Carteiae
1572 975 1699 1007 mentio
1710 975 1781 1006 fieri
1795 980 1904 1005 tamen

1051 1029 1176 1072 potuit;
1211 1038 1288 1060 nam
1309 1034 1382 1069 post
1410 1038 1558 1070 pugnam
1586 1038 1615 1059 a.
1646 1028 1677 1059 d..
1709 1026 1798 1058 XVI
1829 1026 1907 1058 Kal.

1055 1191 1143 1222 bello
1165 1191 1263 1232 Hisp.
1284 1201 1310 1221 6.
1335 1191 1384 1222 32.
1419 1190 1578 1231 Sequenti
1601 1199 1689 1220 anno
1712 1188 1747 1220 S.
1770 1188 1907 1229 Pompe-

1054 1299 1133 1331 XV.
1157 1299 1207 1337 20,
1230 1301 1260 1330 3.

1096 1355 1112 1391 †
1135 1352 1348 1383 Fulviniaster
1381 1353 1420 1383 In
1445 1358 1592 1383 monstro
1611 1351 1674 1382 hoc
1697 1350 1841 1381 nominis
1866 1351 1909 1382 la-

1053 1414 1122 1439 tere
1145 1407 1269 1447 aliquid
1301 1405 1425 1437 Graece
1456 1406 1613 1447 scriptum
1645 1405 1786 1436 videtur.
1830 1403 1909 1436 Gro-

1054 1460 1172 1491 novius
1183 1459 1323 1490 coniecit
1344 1454 1598 1504 ψευδομάρτυρ,
1623 1457 1825 1489 Tunstallus.
1848 1458 1910 1499 Ep.

1053 1517 1125 1548 crit.
1148 1527 1178 1557 p.
1203 1516 1251 1553 18,
1290 1512 1396 1548 οὐλῶν
1426 1513 1543 1558 ἰατὴρ,
1570 1524 1654 1556 quae
1676 1514 1911 1555 appellationes

1053 1572 1229 1613 designant
1250 1572 1430 1610 hominem,
1465 1571 1521 1613 qui
1551 1580 1647 1612 saepe
1669 1580 1728 1612 pro
1749 1570 1908 1611 Pompeio

1054 1627 1284 1658 mentiebatur.
1306 1626 1345 1657 cf.
1370 1625 1413 1657 X.
1437 1627 1466 1663 9,
1490 1626 1516 1656 lv

1099 1680 1145 1712 De
1166 1681 1335 1723 nansi-aqizi
1361 1679 1544 1712 Caniniano.
1570 1678 1609 1709 cf.
1633 1687 1681 1718 ep.
1705 1678 1753 1716 37,
1776 1681 1806 1710 4.

939 1839 1005 1892 (A.
1047 1840 1091 1880 U.
1131 1842 1172 1882 c.
1211 1841 1327 1895 709.)

216 1959 253 1998 1.
296 1957 381 2011 Ego
416 1956 480 1997 1116
525 1955 605 1997 (1110
638 1969 784 2009 magna
817 1952 1152 2014 συντάγματα
1187 1955 1360 2008 absolvi3
1394 1956 1506 1998 nullo
1540 1955 1647 1997 enim
1680 1953 1759 1995 alio
1791 1951 1909 1994 modo

149 2046 172 2072 a
204 2029 362 2071 miseria
394 2029 507 2084 quasi
548 2027 728 2070 aberrare
764 2042 939 2082 possum.
986 2028 1046 2069 Tu
1080 2028 1194 2080 mihi,
1229 2029 1385 2071 etiamsi
1416 2029 1524 2070 nihil
1552 2028 1640 2079 erit,
1675 2026 1783 2083 quod
1817 2025 1911 2068 scri-

150 2104 235 2155 bas,
269 2102 377 2158 quod
410 2101 491 2143 fore
524 2102 582 2142 ita
615 2100 745 2150 video,
779 2106 915 2141 tamen
947 2099 990 2141 id
1022 2101 1155 2156 ipsum
1189 2101 1338 2143 scribas
1372 2102 1503 2152 velim,
1537 2106 1577 2142 te
1600 2099 1704 2142 nihil
1722 2098 1910 2141 habuisse

118 2200 128 2206 -
150 2176 258 2233 quod
291 2173 496 2226 scriberes,
528 2174 624 2215 ‹lum
658 2173 774 2214 modo
808 2188 858 2214 ne
892 2172 955 2214 his
988 2172 1133 2214 verbis.
1170 2177 1211 2215 2.
1246 2175 1306 2216 De
1325 2175 1476 2226 Attica,
1500 2174 1664 2230 optime.
1701 2165 1910 2226 ’Λκηδία

1127 2247 1177 2289 Ι11
1208 2248 1438 2290 Tusculano
1471 2263 1516 2289 eo
1550 2246 1797 2289 commodius
1829 2260 1911 2296 ero,

152 2322 259 2379 quod
299 2327 339 2364 et
381 2320 559 2362 crebrius
602 2325 693 2362 tuas
724 2319 859 2360 literas
892 2318 1086 2374 accipiam
1120 2326 1161 2361 et
1191 2326 1231 2362 te
1264 2321 1397 2377 ipsum
1430 2335 1719 2376 nonnunquam
1751 2317 1911 2361 videbo.

154 2397 261 2439 Nam
294 2393 495 2450 ceteroqui
527 2390 824 2452 ἀνεκτότερα
858 2397 971 2433 erant
1004 2394 1197 2445 Asturae3
1231 2409 1305 2436 nec
1338 2394 1449 2447 haec,
1483 2410 1584 2450 quae
1616 2393 1819 2444 refricant,
1845 2391 1912 2433 hic

154 2485 216 2511 me
261 2468 389 2524 magis
423 2472 591 2523 angunt.
637 2466 726 2508 Etsi
760 2470 908 2516 tamen,
942 2464 1174 2522 ubicunque
1202 2483 1306 2518 811111,
1339 2467 1409 2509 illa
1440 2474 1535 2509 sunt
1569 2481 1738 2509 mecum.
1773 2467 1815 2507 3.
1849 2464 1910 2506 De

150 2256 221 2292 tua
261 2264 323 2290 me
363 2254 508 2300 movet,
553 2248 628 2289 etsi
662 2245 803 2288 scribis
836 2245 939 2287 nihil
971 2261 1071 2288 esse.

199 2616 217 2648 8
241 2617 381 2647 Asturae
389 2628 399 2651 ;
422 2624 506 2646 mmo
528 2632 569 2637 —

200 2757 218 2797 ξ
241 2755 270 2786 1.
292 2753 363 2785 Duo
391 2763 504 2793 maqna
533 2748 779 2796 συντάγματα.
811 2750 1011 2782 Academica

157 2818 189 2844 et
211 2811 314 2842 libros
334 2810 376 2841 de
395 2808 549 2839 Finibus.
864 2800 867 2804 ’

200 2865 219 2905 ξ
241 2864 270 2895 2.
293 2854 440 2897 Ἀκηδὶα
463 2867 513 2893 est
534 2866 644 2901 torpor
656 2858 790 2900 quidam
801 2857 855 2888 vel
867 2866 906 2889 ea
918 2866 1010 2888 men-

158 2920 198 2951 tis
220 2919 374 2956 conditio,
397 2926 481 2960 quae
503 2916 595 2947 nulla
616 2924 651 2946 re
681 2916 907 2945 commovetur
943 2913 1010 2952 (on-

158 2970 440 3014 verschilliylzeid),
470 2969 576 3001 morbi
599 2967 751 2999 instantis
773 2974 1012 3006 nonnunquam

158 3027 327 3059 indicium.

206 3079 381 3122 Ceteroqui.
412 3078 576 3110 standum
610 3081 659 3108 est
691 3075 785 3107 codd.
809 3073 1012 3110 auctoritate,

162 3141 283 3166 temeie
308 3143 327 3164 a
346 3133 509 3165 veteribus
531 3130 709 3163 editoribus
737 3133 853 3186 spreta,
889 3127 945 3168 qui
968 3136 1012 3157 ce-

161 3189 228 3217 tera
252 3186 370 3227 (laidem
393 3186 491 3216 ‹ledei
493 3189 561 3214 unt
603 3180 767 3222 Ceteroqui
802 3190 896 3220 saepe
918 3180 1013 3210 libr-a

1060 2744 1126 2776 rios
1151 2750 1183 2776 et
1205 2743 1344 2776 editores
1366 2742 1514 2775 offendit.
1535 2741 1577 2773 cf.
1599 2741 1641 2773 ad
1660 2739 1694 2772 h.
1717 2740 1739 2772 l.
1753 2738 1823 2778 3‚1.
1845 2737 1911 2770 Pro

1060 2808 1118 2829 nec
1138 2799 1216 2830 haec
1237 2798 1384 2829 scribunt
1411 2798 1514 2837 vulgo
1535 2797 1576 2827 de
1607 2794 1796 2827 coniectura.
1829 2801 1913 2822 nunc

1060 2852 1149 2883 haec.
1171 2852 1244 2892 Ego
1266 2852 1381 2883 malim
1404 2861 1442 2882 ne
1453 2850 1718 2890 haec—anyent.
1740 2847 1911 2882 Futurum,

1061 2905 1219 2946 quoniam
1241 2904 1357 2937 Cicero
1385 2904 1534 2935 nondum
1563 2907 1632 2935 erat
1657 2901 1692 2932 in
1721 2899 1912 2931 Tusculano

1063 2966 1095 2991 et
1116 2959 1156 2991 de
1179 2968 1227 2998 eo,
1250 2960 1339 3001 quod
1360 2958 1508 2990 futurum
1529 2956 1661 2994 sciebat,
1683 2953 1841 2995 loquitur.
1860 2951 1912 2983 De

1061 3013 1096 3045 vi
1117 3023 1147 3044 v.
1169 3012 1324 3053 refricare
1343 3011 1553 3043 intransitiva
1572 3007 1688 3040 monui
1699 3007 1741 3038 ad
1755 3005 1801 3037 X.
1816 3004 1866 3042 17,
1881 3005 1912 3036 2.

1063 3068 1173 3100 Simili
1195 3068 1230 3100 in
1253 3077 1287 3099 re
1310 3066 1416 3108 posuit
1437 3063 1653 3097 recrudescere
1669 3061 1762 3092 Fam.
1777 3059 1841 3091 IV.
1856 3058 1914 3097 6,2

1061 3122 1133 3159 illa,
1155 3131 1234 3163 qnae
1255 3119 1455 3152 consanuisse
1475 3117 1670 3153 videbantur,
1682 3111 1913 3145 recrudescunt.

1106 3179 1123 3217 ξ
1147 3179 1175 3208 3.
1201 3177 1244 3207 He
1268 3177 1400 3207 (merare
1423 3173 1523 3204 vicino
1542 3171 1725 3211 scripseram
1749 3169 1792 3199 ad
1811 3170 1852 3198 te.
1874 3166 1914 3197 111
