2062 3565
70 2671 104 2697 10

123 136 209 177 302
467 136 549 177 ΕΡ.
584 136 660 176 AD
692 135 739 176 T.
773 133 1123 175 POMPONIUM
1155 132 1421 175 ATTICUM.

120 273 164 314 in
207 273 364 314 castra?
411 271 546 313 Milies
584 271 684 312 mori
727 269 873 311 melius
916 269 1011 310 huic
1050 270 1287 325 praesertim
1331 269 1467 310 aetati.
1519 270 1663 326 Itaque
1696 282 1758 308 me
1791 266 1890 308 Idus

122 346 294 388 Martiae
333 360 416 387 non
459 350 542 387 tam
576 343 834 386 consolantur
867 358 987 398 quam
1019 346 1151 384 antea.
1199 342 1400 398 Magnum
1434 343 1541 384 enim
1575 342 1764 384 mendum
1798 355 1891 382 0011-

120 421 265 470 tinent,
299 420 378 461 nisi
410 419 468 460 illi
502 420 666 460 iuvenes
689 414 863 468 ἄλλοις
893 414 948 461 ἐν
967 413 1175 468 ἐσθλοῖς
1198 409 1337 460 τόνδ’
1359 412 1694 461 ἀπωθοῦνται
1714 412 1890 474 ψόγον.

121 492 212 544 Sed,
257 494 288 534 si
334 499 379 534 tu
420 493 562 535 melius
606 491 812 548 quidpiam
846 506 994 547 speras,
1027 491 1134 547 quod
1169 496 1210 532 et
1244 490 1364 546 plura
1398 490 1513 531 audis
1547 495 1587 532 et
1618 492 1766 532 interes
1799 504 1892 530 0011-

120 566 234 618 siliis,
283 565 434 609 scribas
476 567 526 608 ad
571 582 634 608 me
678 565 797 607 velim
838 565 1036 620 simulque
1085 566 1236 620 cogites
1281 564 1379 620 quid
1426 563 1626 619 agendum
1674 563 1792 606 nobis
1841 564 1894 604 sit

120 655 238 695 super
281 639 480 695 legatione
529 641 676 682 votiva.
728 639 929 695 Equidem
972 640 1015 681 in
1060 639 1123 680 his
1168 639 1267 680 locis
1310 653 1474 679 moneor
1522 654 1544 680 a
1577 638 1731 689 multis,
1766 652 1816 678 ne
1849 637 1892 678 in

120 717 259 754 senatu
304 713 515 756 Kalendis.
561 715 765 756 Dicuntur
799 714 907 755 enim
940 713 1095 754 occulte
1129 712 1277 754 milites
1307 711 1358 753 ad
1392 726 1483 753 eum
1518 711 1625 754 diem
1659 712 1891 767 comparati,

121 792 161 829 et
194 787 356 843 quidem
392 789 433 829 in
468 789 580 839 istos,
615 788 683 844 qui
718 787 818 829 mihi
852 786 1042 829 videntur
1075 786 1209 828 ubivis
1245 787 1376 827 tutius
1410 800 1529 840 quam
1562 787 1606 828 111
1629 790 1770 828 senatu
1795 785 1892 827 fore.

162 955 182 986 2
202 954 374 985 continent.
397 953 466 984 Etsi
491 971 528 975 —
553 953 571 986 7
594 953 638 984 acl
660 963 726 984 eam
749 953 830 984 diem
855 971 893 976 —

164 1110 312 1152 Maqnum
336 1110 416 1141 enim
434 1109 574 1141 mendum
591 1109 763 1147 continent,
777 1108 842 1140 nisi
857 1109 909 1139 illi
926 1114 987 1140 cet.
1033 1116 1149 1148 parum
1172 1116 1225 1139 me
1247 1105 1470 1143 consolantur,
1494 1105 1571 1146 quia
1595 1104 1764 1135 Antonius
1785 1112 1894 1144 super-

121 1164 242 1205 Recepi
266 1163 533 1195 emendationem
555 1173 574 1194 a
597 1162 633 1194 C.
649 1162 687 1193 F.
706 1163 904 1194 Hermanno
916 1173 986 1204 pro·
1033 1165 1097 1192 stes
1120 1166 1178 1192 est.

123 1217 265 1258 positam
287 1216 322 1247 in
344 1216 442 1247 Novo
465 1217 583 1247 Museo
606 1216 770 1248 Rhenano
785 1215 849 1246 IV.
866 1226 896 1256 p.
915 1215 985 1252 317,
1074 1216 1173 1257 Super
1203 1216 1362 1258 leqtzlione
1392 1215 1504 1247 votiva.
1543 1214 1592 1246 Cf.
1615 1215 1648 1245 11.
1678 1215 1700 1245 l.
1733 1214 1780 1251 13,
1818 1215 1836 1243 4-
1864 1219 1895 1245 et

122 1282 226 1313 quum
248 1281 265 1303 e
289 1271 382 1302 libris
395 1271 474 1303 Mss.
491 1271 615 1312 priores
630 1271 798 1302 dedissent
813 1270 883 1301 etsi.
906 1269 986 1302 8011-
1034 1280 1117 1311 quae
1140 1271 1181 1301 de
1202 1270 1265 1300 hoc
1289 1278 1410 1309 genere
1433 1269 1612 1309 legationis
1636 1268 1792 1300 dicuntur
1815 1267 1895 1299 XV.

123 1324 227 1356 tentia
262 1325 352 1355 enim
372 1325 448 1355 talis
471 1324 664 1365 requiritur:
699 1324 773 1354 Nisi
804 1324 926 1354 Brutus
956 1328 988 1354 et
1010 1338 1011 1343 =
1035 1324 1086 1361 11,
1107 1325 1137 1354 4.

125 1378 257 1410 Cassius
279 1378 365 1410 hanc
388 1379 521 1420 eulpam
533 1377 723 1420 repulerint,
748 1378 830 1409 Idus
846 1377 985 1410 Maniae
1010 1392 1011 1401 1

649 1718 1119 1775 LIBER
1226 1720 1365 1777 XV.

725 1957 763 1997 J.
798 1971 834 1997 a.
901 1957 966 2009 (A.
1009 1957 1053 1998 U.
1093 1959 1133 1998 c.
1175 1958 1292 2012 710).

190 2071 230 2111 1.
275 2070 311 2111 O
354 2070 504 2111 factum
550 2071 652 2112 male
696 2071 744 2112 de
795 2071 1009 2113 Alexione!
1055 2071 1298 2114 Incredibile
1333 2078 1393 2114 est
1427 2078 1579 2128 quanta
1612 2087 1674 2113 me
1708 2071 1889 2112 molestia

125 2144 313 2194 affecerit,
358 2158 430 2185 nec
476 2144 701 2185 mehercule
743 2159 790 2185 ex
839 2159 883 2184 ea
931 2150 1043 2200 parte
1087 2146 1272 2195 maxime,
1326 2145 1432 2200 quod
1482 2145 1659 2201 plerique
1707 2159 1887 2185 mecum:

131 2217 214 2269 'sad
262 2232 380 2272 quem
425 2218 549 2272 igitur
597 2222 636 2259 te
682 2218 882 2259 medicum
927 2218 1165 2259 conferes?''
1212 2218 1323 2270 Quid
1356 2219 1454 2260 mihi
1489 2221 1568 2260 iam
1603 2217 1788 2259 medico?
1821 2221 1892 2258 aut

126 2292 158 2333 si
203 2306 302 2346 opus
350 2296 423 2341 est,
469 2295 583 2332 tanta
626 2292 762 2346 inopia
794 2292 883 2332 est?
933 2294 1121 2333 Amorem
1155 2307 1248 2347 erga
1281 2307 1357 2343 me,
1393 2293 1685 2334 humanitatem
1719 2292 1891 2333 suavita-

123 2369 285 2419 temque
329 2363 524 2405 desidero.
577 2365 712 2406 Etiam
756 2365 881 2406 illud:
930 2365 1027 2420 quid
1061 2372 1134 2416 est,
1170 2366 1278 2421 quod
1311 2382 1393 2408 non
1427 2365 1790 2421 pertimescendum
1824 2366 1889 2416 sit,

123 2454 248 2494 quum
291 2437 494 2479 hominem
536 2444 840 2494 temperantem,
887 2455 1086 2482 summum
1134 2441 1333 2482 medicum
1367 2447 1506 2483 tantus
1540 2442 1756 2497 improviso
1788 2455 1891 2481 mor-

124 2511 199 2553 bus
240 2512 508 2567 oppresserit?
557 2512 636 2554 Sed
680 2513 730 2553 ad
775 2514 872 2555 haec
915 2515 1049 2556 omnia
1093 2530 1174 2556 una
1208 2515 1427 2556 consolatio
1461 2520 1535 2566 est,
1578 2515 1685 2569 quod
1718 2529 1764 2556 ea
1797 2528 1891 2555 con-

124 2585 276 2627 ditione
319 2585 405 2626 nati
449 2600 600 2637 sumus,
643 2591 689 2628 ut
737 2586 854 2638 nihil,
891 2588 998 2642 quod
1031 2588 1185 2630 homini
1220 2588 1399 2630 accidere
1434 2589 1574 2644 possit,
1609 2603 1791 2631 recusare
1824 2587 1891 2628 de-

124 2657 303 2699 beamus.
351 2660 391 2699 2.
426 2658 486 2699 De
520 2660 713 2710 Antonio,
746 2660 826 2701 iam
860 2666 977 2703 antea
1009 2661 1084 2703 tibi
1119 2663 1257 2717 scripsi
1290 2677 1372 2703 non
1405 2677 1489 2703 esse
1523 2676 1612 2703 eum
1647 2677 1669 2702 a
1702 2677 1763 2702 me
1797 2676 1890 2702 con-

124 2735 303 2772 ventum.
353 2730 479 2772 Venit
525 2732 632 2774 enim
672 2733 892 2784 Misenum,
939 2749 1062 2790 quum
1109 2749 1181 2790 ego
1231 2749 1354 2775 essem
1404 2735 1442 2775 in
1496 2735 1740 2790 Pompeiano
1751 2753 1762 2786 3
1796 2733 1890 2776 inde

165 2890 183 2929 ξ
208 2891 236 2921 1.
263 2889 288 2920 O
316 2890 446 2930 factum
478 2891 569 2921 male.
606 2891 763 2922 Formula
797 2893 984 2930 maerentis,
1006 2884 1010 2928 l
1031 2898 1088 2933 est,
1119 2898 1238 2937 quanta
1261 2902 1323 2928 cet.
1345 2906 1412 2927 non
1435 2896 1548 2927 docuit
1560 2895 1690 2936 factum
1712 2895 1795 2925 male
1816 2896 1891 2926 sub-

123 2953 221 2983 quam
244 2943 339 2983 attigi
364 2943 406 2974 ad
426 2942 511 2974 XII.
537 2944 582 2974 10Δ
607 2943 791 2985 Opponitur
815 2944 840 2974 O
854 2945 982 2984 factum
1006 2930 1009 2956 ¹
1031 2950 1174 2982 stantive
1196 2951 1262 2981 dici
1283 2951 1438 2991 potuisse.
1454 2969 1495 2972 —
1517 2950 1567 2981 De
1588 2949 1743 2980 Alexione
1764 2950 1892 2981 medico

123 2996 207 3033 hene,
231 3006 297 3036 quo
318 2996 498 3027 utebantur
520 2996 554 3027 in
578 3006 612 3028 re
632 2997 728 3028 laeta.
752 2997 830 3028 Vid.
849 2998 983 3029 Terent.
1032 3008 1111 3034 tunc
1133 3008 1262 3033 mortuo
1285 3003 1352 3033 vid.
1374 3012 1425 3043 ep.
1447 3003 1465 3033 2
1489 3007 1573 3033 extr.

125 3050 231 3080 Andr.
254 3049 280 3080 I.
305 3049 334 3087 1,
357 3049 396 3081 78
419 3059 496 3080 cum
523 3050 633 3080 adnot.
662 3050 925 3081 Drakenborchii
949 3052 983 3082 in
1007 3038 1009 3075 ¹,
1074 3056 1101 3096 §¹
1115 3055 1144 3086 2.
1168 3054 1237 3085 Iam
1259 3056 1356 3085 antea
1380 3054 1437 3085 tibi
1457 3054 1580 3094 scripsi.
1617 3053 1693 3084 Vid.
1717 3053 1816 3085 XIV.
1840 3054 1889 3090 20,

124 3101 275 3133 Grauerti
303 3102 478 3133 Analectis
506 3113 536 3143 p.
572 3104 621 3133 33.
660 3104 793 3134 Alanus
815 3104 916 3135 verba
938 3105 984 3136 sic
1008 3105 1009 3113 ¹
1031 3111 1061 3142 2,
1085 3110 1287 3141 Pmmiserat
1310 3109 1426 3141 Cicero
1449 3119 1493 3147 se,
1514 3109 1540 3140 si
1554 3108 1741 3140 Antonium
1753 3109 1890 3147 videret,

126 3155 347 3194 distinguens:
375 3155 408 3192 0,
424 3155 549 3195 χΙὶιιἸαηι
574 3156 654 3187 male
676 3156 713 3187 de:
740 3157 777 3187 A.
802 3156 985 3188 incredibile
1032 3171 1181 3197 acturum
1204 3165 1244 3196 de
1267 3164 1431 3196 Buthroto
1455 3165 1534 3195 ibid.
1560 3164 1607 3201 19,
1631 3164 1660 3194 4·
