2062 3565
727 141 834 184 LIB.
870 142 985 184 XIV.
1022 141 1104 184 ΕΡ.
1142 145 1181 183 9.
1222 144 1291 183 lv.
1801 144 1886 183 271)

759 339 809 382 X.
875 343 937 395 (A.
979 342 1020 383 [J.
1056 341 1097 384 0.
1136 342 1249 396 710.)

188 459 228 498 1.
263 455 377 497 Itane
422 457 542 498 vero?
599 456 688 498 Hoc
722 471 833 498 meus
866 461 907 498 et
938 462 1033 499 tuus
1066 457 1218 498 Brutus
1252 459 1349 513 egit,
1387 463 1432 499 ut
1467 457 1640 499 Lanuvii
1672 461 1802 499 esset?
1839 462 1883 498 ut

123 527 346 571 Trebonius
377 528 592 572 itineribus
625 529 751 572 deviis
784 530 1101 586 proficisceretur
1134 531 1177 572 in
1212 531 1483 587 provinciam?
1519 536 1563 572 ut
1596 531 1729 572 omnia
1763 530 1881 580 facta,

122 601 283 658 scripta,
329 601 451 654 dicta,
485 602 693 659 promissa,
729 604 903 659 cogitata
936 603 1116 646 Caesaris
1151 604 1240 661 plus
1274 605 1464 656 valerent,
1498 620 1618 661 quam
1652 605 1686 644 si
1719 604 1804 659 ipse
1828 603 1882 644 vi-

120 660 253 718 veret?
306 676 583 719 Meministine
629 692 690 719 me
739 677 909 720 clamare
955 678 1024 720 illo
1058 679 1144 734 ipso
1181 679 1307 734 primo
1340 679 1569 736 Capitolino
1603 678 1667 720 die
1700 683 1883 719 senatum
1906 693 1921 719 ⁵

119 749 163 791 in
195 749 440 806 Capitolium
473 765 496 791 a
528 749 779 806 praetoribus
813 752 973 793 vocari?
1005 751 1074 793 Dii
1107 752 1370 794 immortales!
1407 767 1508 808 quae
1529 757 1618 793 tum
1641 766 1759 807 opera
1781 751 1884 792 effici

119 829 339 880 potuerunt
378 823 624 866 laetantibus
667 823 855 866 omnibus
889 824 1019 876 bonis,
1054 826 1175 867 etiam
1208 831 1269 867 sat
1303 826 1432 877 bonis,
1467 826 1604 868 fractis
1636 824 1881 866 latronibus!

121 897 321 940 Liberalia
352 902 399 941 tu
432 913 611 940 accusas.
644 898 756 951 Quid
789 899 874 940 fieri
907 904 996 941 tum
1027 900 1190 955 potuit?
1223 900 1303 941 iam
1326 900 1481 956 pridem
1505 900 1762 956 perieramus.
1798 897 1884 939 Me-

121 972 325 1014 ministine
357 977 398 1015 te
431 973 600 1015 clamare
635 988 798 1015 causam
831 973 994 1029 perisse,
1029 973 1062 1014 si
1095 973 1234 1014 funere
1268 974 1396 1015 elatus
1430 974 1558 1015 esset?
1594 975 1649 1014 At
1670 973 1738 1014 ille
1762 972 1882 1014 etiam

118 1045 162 1087 in
194 1045 278 1088 foro
311 1046 545 1089 combustus
578 1047 844 1104 laudatusque
878 1047 1171 1098 miserabiliter,
1219 1048 1400 1104 servique
1435 1053 1475 1090 et
1507 1052 1669 1103 egentes
1701 1047 1745 1088 in
1776 1050 1884 1088 tecta
1907 1061 1940 1087 10

119 1123 256 1161 nostra
287 1135 380 1162 cum
412 1119 568 1162 facibus
601 1120 785 1163 immissi.
819 1120 933 1173 Quae
966 1119 1126 1172 deinde,
1154 1125 1197 1162 ut
1219 1120 1394 1163 audeant
1417 1120 1561 1172 dicere,
1592 1125 1723 1172 ,stunc
1746 1124 1885 1162 contra

119 1192 300 1235 Caesaris
330 1194 533 1236 nutum?’'
583 1195 696 1237 Haec
729 1200 768 1236 et
802 1195 880 1237 alia
906 1194 1009 1236 ferre
1042 1210 1124 1237 non
1156 1211 1330 1251 possum.
1365 1196 1508 1251 Itaque
1542 1201 1636 1256 γῆν
1669 1194 1761 1255 πρὸ
1793 1199 1884 1255 γῆς

117 1267 263 1322 cogito.
296 1268 383 1310 Tua
413 1272 549 1310 tamen
582 1264 871 1327 ὑπηνέμιος.
916 1272 956 1310 2.
991 1270 1155 1312 Nausea
1186 1270 1319 1311 iamne
1351 1270 1469 1326 plane
1503 1269 1632 1312 abiit?
1666 1270 1772 1312 Mihi
1796 1270 1884 1326 qui-

117 1338 208 1382 dem
241 1356 290 1383 ex
321 1341 404 1383 tuis
434 1341 562 1384 literis
595 1342 838 1385 coniectanti
869 1343 928 1385 ita
959 1342 1187 1385 videbatur.
1221 1342 1356 1385 Redeo
1383 1343 1434 1386 ad
1466 1343 1674 1396 Tebassos,
1700 1345 1882 1396 Scaevas,

118 1414 361 1470 Frangones.
415 1417 503 1458 Hos
534 1421 582 1458 tu
614 1417 819 1459 existimas
853 1417 1050 1459 confidere
1084 1433 1126 1460 se
1158 1417 1228 1460 illa
1259 1417 1468 1460 habituros
1501 1418 1702 1460 stantibus
1735 1417 1882 1461 nobis?
1902 1431 1935 1458 15

117 1488 159 1530 in
202 1488 350 1545 quibus
395 1489 484 1546 plus
527 1490 689 1532 virtutis
722 1494 934 1547 putarunt,
969 1506 1089 1547 quam
1124 1492 1278 1547 experti
1313 1496 1422 1533 sunt.
1478 1492 1594 1533 Pacis
1627 1492 1696 1533 isti
1729 1491 1884 1534 scilicet

116 1567 325 1615 amatores,
360 1568 401 1605 et
431 1579 514 1605 non
546 1564 748 1606 latrocinii
781 1565 996 1607 auctores?
1030 1566 1086 1606 At
1117 1580 1191 1620 ego
1219 1580 1343 1620 quum
1376 1564 1454 1607 tibi
1479 1565 1526 1607 de
1550 1565 1722 1607 Curtilio
1740 1565 1882 1621 scripsi

117 1620 416 1693 Sextilianoque
461 1636 602 1684 fundo.
647 1637 789 1693 scripsi
832 1637 882 1680 de
929 1638 1164 1690 Censorino,
1209 1639 1258 1680 de
1301 1640 1488 1690 Messala,
1538 1640 1585 1682 de
1631 1639 1795 1691 Planco,
1831 1640 1880 1682 de

116 1710 338 1762 Postumio,
384 1710 433 1752 de
473 1725 617 1766 genere
660 1714 761 1752 toto.
815 1710 966 1753 Melius
1006 1711 1085 1754 fuit
1130 1713 1277 1768 perisse
1323 1712 1393 1754 illo
1435 1713 1646 1755 interfecto
1682 1739 1739 1744 ——
1774 1714 1880 1768 quod

115 1783 271 1825 utinam
304 1783 539 1826 accidisset!
568 1808 625 1813 ——
649 1798 769 1839 quam
791 1783 890 1826 haec
914 1784 1062 1827 videre.
1107 1787 1148 1827 3.
1174 1786 1368 1828 Octavius
1389 1787 1603 1843 Neapolim
1625 1788 1736 1829 venit
1757 1801 1879 1830 x1111.
1904 1808 1937 1834 ρο

116 1856 208 1898 Kal.
259 1855 323 1899 Ibi
357 1872 449 1899 eum
483 1855 636 1898 Balbus
670 1872 787 1899 mane
821 1857 1030 1914 postridie,
1065 1859 1285 1915 eodemque
1319 1859 1384 1901 die
1416 1875 1574 1902 mecum
1605 1861 1648 1903 in
1682 1862 1878 1913 Cumano,

112 1929 225 1972 illum
261 1930 522 1973 hereditatem
558 1931 778 1973 aditurum.
829 1931 921 1983 Sed,
957 1937 1004 1974 ut
1039 1932 1196 1984 scribis,
1231 1935 1257 1976 †
1290 1930 1559 1992 ριξόθεμιν
1582 1950 1769 1992 magnam
1789 1951 1880 1978 cum

155 2144 173 2184 ξ
207 2145 235 2175 l.
266 2143 361 2176 Itane
390 2145 490 2176 vero?
522 2145 672 2177 Utuntur
697 2146 758 2177 hac
781 2147 973 2188 quaestione

113 2198 165 2230 vel
186 2197 276 2229 itane
297 2198 454 2230 tandem?
481 2199 538 2240 qui
568 2206 730 2241 quaerunt
751 2200 792 2232 de
815 2210 850 2232 re
872 2201 973 2232 dubia

112 2256 144 2284 et
166 2252 362 2290 incredibili,
385 2263 484 2294 quam
507 2253 563 2284 alii
587 2254 760 2285 affirmant.
787 2254 864 2286 Vid.
882 2255 972 2286 Han-

111 2306 157 2338 dii
189 2306 285 2338 Turs.
317 2307 382 2338 III.
412 2318 441 2348 p.
471 2308 530 2338 495
554 2317 601 2348 sq.
639 2308 756 2340 Cicero
779 2308 973 2350 indignatur

114 2361 253 2392 Brutum
280 2361 387 2392 occiso
417 2362 556 2394 Caesare
587 2367 680 2394 extra
703 2364 818 2395 urbem
842 2364 971 2397 latitare

112 2414 241 2446 debere.

1019 2150 1118 2180 nimis
1141 2156 1244 2181 vento
1267 2150 1424 2190 exposita,
1450 2160 1516 2181 non
1548 2150 1625 2182 satis
1647 2155 1717 2182 tuta
1739 2151 1880 2189 videtur,

1018 2207 1055 2233 ut
1076 2208 1164 2234 recte
1187 2203 1333 2243 explicat
1355 2202 1526 2234 Ernestus.

1061 2255 1079 2295 ξ
1109 2255 1137 2285 2.
1172 2255 1276 2286 Redeo
1297 2254 1344 2286 ad
1365 2255 1521 2294 Tebassos,
1545 2262 1606 2288 cet.
1632 2271 1645 2282 u
1658 2256 1803 2288 Nomina
1828 2268 1878 2289 ve-

1017 2316 1214 2348 teranorum,
1248 2311 1304 2352 qui
1339 2320 1356 2343 e
1391 2310 1539 2343 Caesaris
1576 2312 1753 2352 largitione
1783 2313 1879 2344 Pom-

1017 2363 1211 2404 peianorum
1233 2364 1317 2395 bona
1340 2364 1587 2405 possiclebant.”
1609 2365 1702 2396 Man.

1057 2416 1136 2447 Plus
1159 2416 1286 2448 virtutis
1301 2419 1471 2457 putarunt.
1495 2416 1611 2450 Cicero
1633 2419 1722 2450 idem
1740 2419 1878 2451 verbum

156 2466 194 2498 In
217 2467 413 2507 provinciam
442 2478 474 2498 of
505 2468 538 2498 in
568 2468 695 2506 Asiam,
732 2470 789 2501 ubi
811 2471 930 2503 deinde
953 2482 971 2503 a
1015 2480 1090 2501 cum
1125 2481 1190 2502 acc.
1221 2471 1333 2503 iunxit
1363 2472 1395 2503 in
1420 2471 1492 2503 Cat.
1515 2472 1592 2503 mai.
1614 2474 1651 2503 4:
1679 2472 1755 2514 Quis
1777 2473 1876 2515 coepit

113 2522 287 2554 Dolabella
309 2522 435 2553 occisus
459 2527 517 2554 est.
542 2522 634 2554 Phil.
654 2523 717 2555 XI.
742 2525 771 2555 5.
1014 2533 1066 2553 eos
1079 2523 1206 2564 falsum
1221 2524 1369 2565 putare?
1382 2524 1433 2557 Cf.
1444 2525 1582 2557 Lachm.
1595 2527 1637 2558 ad
1647 2526 1744 2558 Lucr.
1759 2527 1876 2568 p.353.

152 2574 298 2606 Senatum
321 2593 362 2598 —
383 2575 500 2606 vocari.
523 2574 574 2607 Cf.
605 2585 655 2617 ep.
679 2576 728 2614 14,
751 2578 771 2608 2
793 2577 888 2609 Illam
910 2588 971 2610 ses·
1059 2578 1156 2620 Quum
1179 2579 1238 2610 tibi
1259 2580 1299 2611 de
1325 2580 1460 2612 Curtilio
1481 2582 1604 2622 scripsi.
1627 2583 1660 2614 h.
1686 2583 1707 2614 l.
1731 2592 1780 2624 ep.
1804 2583 1832 2620 6,
1848 2583 1875 2614 1.

111 2628 226 2660 sionem
252 2628 459 2670 Capitolinam
482 2628 558 2660 mihi
580 2639 641 2660 non
653 2630 818 2671 placuisse
832 2634 866 2662 lu
879 2632 971 2664 testis
1058 2631 1106 2663 De
1135 2632 1277 2664 Messala
1323 2633 1547 2666 Nominantur
1569 2635 1758 2667 Caesariani
1781 2636 1876 2667 bonis

111 2692 143 2713 es
172 2688 204 2714 et
236 2682 316 2714 XV.
339 2683 388 2720 11,
411 2684 441 2715 2.
473 2683 644 2715 Praetores
667 2691 761 2716 erant
784 2684 917 2718 Cassius
940 2692 971 2718 et
1017 2685 1295 2727 Pompeianorum
1318 2688 1443 2720 donati.
1466 2689 1638 2721 Manutius
1661 2695 1762 2730 negat
1784 2690 1875 2722 iniis

112 2735 245 2774 Brutus,
268 2736 327 2776 qui
349 2737 460 2768 statim
483 2741 557 2777 post
587 2735 735 2768 Caesaris
757 2744 899 2770 mortem
924 2749 970 2772 se·
1015 2740 1117 2772 fuisse
1138 2742 1328 2780 Messalam,
1358 2743 1561 2785 corrigitque
1589 2744 1629 2775 de
1652 2743 1801 2782 Mustela,
1824 2754 1875 2776 co-

112 2797 228 2823 natum
248 2801 431 2824 convocare
451 2793 642 2830 debuerant,
668 2799 701 2824 et
723 2794 763 2825 de
783 2803 913 2826 summa
934 2805 970 2828 re
1016 2794 1125 2835 gitans
1146 2795 1290 2827 Antonii
1312 2797 1459 2829 sodalem
1481 2798 1661 2830 Mustelam
1679 2798 1875 2835 Tamisium,

111 2845 244 2885 publica
264 2846 396 2878 referre.
1015 2848 1108 2879 cuius
1130 2849 1256 2880 mentio
1267 2849 1304 2880 fit
1316 2850 1350 2881 in
1363 2849 1569 2892 Philippicis.
1593 2850 1659 2883 Sed
1675 2851 1760 2882 nihil
1775 2857 1873 2889 vetat,

155 2896 314 2929 hiber-alia
347 2899 530 2939 agebantur
558 2909 586 2930 a.
609 2900 641 2930 d.
663 2899 752 2931 XVI
776 2901 853 2932 Kal.
875 2902 969 2944 Apr„
1015 2902 1192 2942 quominus
1213 2903 1303 2935 hunc
1325 2903 1503 2936 Messalam
1531 2914 1600 2937 esse
1623 2905 1768 2936 dicamus
1792 2904 1873 2937 Cae-

112 2963 198 2992 nam,
220 2959 258 2986 ut
279 2954 393 2986 scribit
414 2953 552 2986 Ovidius
573 2954 601 2986 F
603 2959 661 2986 ast.
683 2956 749 2987 ΙΙΙ.
772 2955 833 2989 713
862 2955 969 2988 Tertia
1014 2955 1096 2986 saris
1117 2956 1277 2996 legatum,
1299 2957 1393 2987 cuius
1409 2957 1569 2988 memoria
1581 2964 1730 2989 servatur
1742 2957 1776 2988 in
1789 2957 1873 2988 libro

107 3009 179 3047 post
202 3006 281 3040 Idus
302 3008 360 3038 lm
381 3009 429 3038 est
452 3007 652 3038 celeberrima
675 3007 812 3040 Baccho.
835 3009 900 3040 Illo
916 3010 970 3041 die
1015 3010 1056 3041 de
1078 3010 1167 3042 bello
1188 3010 1294 3042 Afric.
1318 3020 1346 3041 c.
1369 3010 1409 3041 28
1432 3017 1464 3042 et
1486 3011 1536 3042 86.

113 3063 146 3094 in
169 3063 248 3095 aede
269 3063 415 3094 Telluris
437 3067 570 3094 senatus
592 3062 724 3094 habitus
739 3070 798 3095 est.
811 3062 863 3096 Cf.
881 3063 969 3095 Phil.
1056 3065 1074 3104 ξ
1097 3066 1127 3096 3.
1141 3064 1236 3095 Illum
1249 3064 1453 3096 hereditatem
1466 3064 1625 3096 aditurum
1648 3075 1681 3096 a:
1699 3064 1872 3096 Octavium

113 3120 139 3150 Ι.
163 3119 179 3150 1
204 3124 236 3150 et
257 3118 291 3150 h.
315 3119 337 3150 l.
359 3128 408 3160 ep.
432 3118 482 3155 14,
506 3117 536 3149 2.
1015 3118 1181 3150 aditurum
1203 3119 1417 3150 hereditatem
1442 3118 1600 3151 Caesaris.

157 3170 222 3202 Tua
248 3173 349 3202 tamen
373 3168 553 3217 ὑπηνέμιος
576 3181 608 3202 o:
628 3171 747 3214 Epirus
759 3177 870 3204 tamen
887 3173 969 3205 mihi
990 3194 994 3207 ›.
1055 3173 1071 3205 J<
1096 3169 1296 3217 Ριξόθεμιν.
1321 3172 1433 3212 Vulgo
1455 3173 1532 3204 dant
1556 3183 1631 3204 cum
1646 3173 1744 3204 Bosio
1758 3168 1872 3218 ῥοιζὸ·
