2062 3565
712 129 818 173 LIB.
853 130 970 173 XIV.
1006 131 1089 173 ΕΡ.
1129 134 1197 174 14.
1238 134 1305 174 15.
1803 137 1888 174 2811

129 269 199 326 qui
231 274 272 312 te
304 268 601 325 obsignatorem
636 267 940 312 adhibuerunt?
973 268 1061 309 Nec
1095 269 1320 311 mehercule
1355 285 1417 311 me
1436 270 1721 312 raudusculum
1743 278 1888 320 movet,

129 343 198 386 sed
232 343 413 387 homines
446 342 674 394 benevolos,
719 342 1017 398 qualescunque
1051 347 1159 394 sunt,
1193 358 1311 398 grave
1345 349 1406 385 est
1438 345 1596 400 insequi
1631 344 1889 386 contumelia.

131 420 173 459 6.
207 417 285 460 Sed
320 417 369 459 de
403 418 590 461 omnibus
623 418 722 460 meis
755 417 948 469 consiliis,
981 420 1029 458 ut
1061 416 1217 467 scribis,
1252 417 1437 459 existimo
1472 418 1715 475 exploratius
1743 433 1816 460 nos
1839 418 1887 459 ad

131 491 333 534 Kalendas
367 492 506 534 Iunias
540 497 714 535 statuere
748 507 876 548 posse,
910 490 960 532 ad
995 505 1093 546 quas
1126 490 1244 531 adero
1277 497 1317 532 et
1349 493 1456 534 omni
1491 508 1563 549 ope
1598 498 1717 549 atque
1772 507 1891 548 opera

130 566 272 617 enitar,
306 565 523 608 adiuvante
557 582 619 608 me
653 566 808 609 scilieet
839 564 1077 608 auctoritate
1110 569 1182 606 tua
1214 570 1254 606 et
1286 566 1415 620 gratia
1449 572 1489 608 et
1512 582 1665 609 summa
1690 567 1890 622 aequitate

130 645 287 691 oausae,
321 643 369 681 ut
401 639 450 682 de
484 640 710 682 Buthrotiis
744 644 907 682 senatus
940 637 1183 688 consultum,
1219 638 1334 693 quale
1370 638 1525 691 scribis,
1560 641 1641 682 fiat.
1677 639 1795 692 Quod
1832 655 1892 681 me

131 713 306 769 cogitare
337 712 467 764 iubes,
502 713 687 770 cogitabo
720 713 921 770 equidem,
955 713 1031 755 etsi
1059 711 1137 754 tibi
1160 711 1345 754 dederam
1371 714 1572 769 superiore
1595 713 1763 770 epistola
1786 713 1893 768 eogi-

130 787 314 829 tandum.
358 787 419 829 Tu
463 793 613 839 autem,
649 788 764 843 quasi
796 787 876 829 iam
910 790 1143 843 recuperata
1176 801 1217 827 re
1250 786 1426 842 publica,
1460 787 1603 829 vicinis
1636 788 1717 829 tuis
1751 786 1894 829 Massi-

131 859 328 903 liensibus
368 876 441 904 sua
482 861 630 904 reddis.
687 861 800 903 Haeo
843 861 977 912 armis,
1023 875 1124 916 quae
1170 874 1291 915 quam
1337 860 1448 901 firma
1488 860 1705 903 habeamus
1738 861 1893 916 ignoro,

132 935 293 977 restitui
326 934 492 978 fortasse
525 939 709 991 possunt,
743 933 982 976 auctoritate
1015 948 1097 975 non
1131 937 1314 988 possunt.
1364 934 1402 974 7.
1425 933 1607 989 Epistola
1629 933 1774 985 brevis,
1793 949 1895 989 quae

133 1014 271 1065 postea
311 1024 334 1051 a
378 1015 418 1052 te
462 1009 611 1065 scripta
645 1014 719 1060 est,
753 1023 848 1050 sane
883 1007 983 1049 mihi
1016 1006 1096 1049 fuit
1126 1005 1319 1057 iucunda,
1355 1006 1403 1048 de
1437 1008 1554 1049 Bruti
1588 1008 1636 1049 ad
1674 1008 1895 1049 Antonium

134 1087 175 1125 et
218 1083 268 1126 de
312 1082 492 1126 eiusdem
538 1083 587 1126 ad
634 1088 672 1125 te
705 1082 847 1124 literis.
904 1082 1025 1123 Posse
1060 1080 1249 1123 videntur
1282 1096 1367 1122 esse
1400 1081 1577 1133 meliora,
1612 1097 1731 1137 quam
1765 1081 1896 1124 adhue

135 1157 311 1198 fuerunt.
366 1157 444 1200 Sed
482 1155 600 1199 nobis
632 1155 704 1198 ubi
737 1155 863 1198 simus
897 1160 937 1197 et
969 1169 1049 1211 quo
1081 1154 1161 1196 iam
1197 1154 1342 1210 [1111110]
1380 1169 1452 1196 1108
1485 1155 1734 1197 conferamus
1769 1156 1897 1212 provi-

136 1229 315 1272 dendum
348 1236 423 1272 est.

179 1401 219 1433 10
240 1400 385 1443 Epistola
407 1399 508 1432 brevis
529 1417 571 1424 —·
587 1395 814 1439 providendum
836 1398 893 1428 est.
916 1395 1010 1428 Haec
1032 1393 1221 1428 referuntur
1243 1395 1284 1426 ad
1306 1395 1400 1436 epist.
1418 1393 1498 1426 XV.
1514 1413 1554 1418 —
1570 1395 1609 1426 13
1620 1396 1683 1427 iam
1697 1404 1846 1427 nuncnos
1859 1413 1902 1418 —

136 1551 186 1583 93.
212 1550 269 1583 Ubi
291 1551 338 1581 est
359 1547 474 1591 septies
495 1547 606 1586 milies,
628 1545 710 1588 quod
725 1545 760 1577 in
773 1544 899 1584 tabulis,
915 1555 995 1587 quae
1041 1543 1173 1576 aedium
1194 1543 1300 1575 Attici
1321 1543 1357 1575 111
1379 1543 1460 1575 urbe
1482 1548 1701 1575 versarentur.

137 1607 211 1636 sunt
233 1603 385 1645 ad 0pis,
402 1602 562 1644 patebat?
1085 1599 1103 1639 ξ
1127 1598 1156 1632 7.
1180 1598 1295 1638 Vulgo
1316 1597 1395 1629 hinc
1425 1598 1550 1630 faciunt
1580 1598 1713 1629 initium
1744 1597 1902 1638 epistolae

181 1659 242 1701 Qui
263 1660 295 1690 te
316 1657 542 1700 obsiqnatorem
565 1655 786 1688 adhibuerunt.
806 1655 857 1687 Cf.
872 1665 922 1697 ep.
935 1656 962 1693 3,
976 1655 995 1686 2
1043 1651 1126 1683 XV.
1149 1651 1217 1684 Sed
1238 1656 1325 1684 recte
1348 1651 1505 1684 iudicavit
1527 1651 1708 1684 Cratander
1729 1651 1810 1682 haec
1829 1661 1903 1682 0011-

138 1713 171 1744 h.
194 1713 216 1745 l.
240 1717 273 1744 et
293 1712 335 1744 de
356 1710 559 1748 raudusculo,
582 1719 666 1751 quae
678 1710 794 1740 monui
809 1710 851 1740 ad
867 1709 930 1740 IV.
943 1710 994 1741 8a.
1044 1707 1213 1747 iungenda
1236 1716 1306 1738 esse
1338 1716 1412 1738 cum
1442 1707 1580 1748 epistola
1614 1706 1831 1748 praecedenti,
1862 1715 1904 1737 ne

141 1766 258 1800 Cicero
280 1771 382 1807 negat
404 1775 438 1797 se
463 1764 603 1806 pecunia
625 1773 642 1795 0
665 1763 868 1795 testamentis
883 1762 998 1794 Caesa·
1044 1770 1115 1791 voc.
1131 1762 1245 1801 postea
1269 1760 1411 1792 otiosum
1434 1767 1527 1799 esset,
1551 1766 1592 1799 et,
1617 1761 1652 1792 ni
1674 1760 1780 1798 fallor,
1803 1769 1846 1791 ne
1869 1760 1903 1791 in

140 1820 312 1852 rianorum
334 1818 494 1860 capienda
515 1817 654 1855 moveri,
676 1822 714 1848 ut
736 1826 791 1848 eos
813 1817 934 1848 laudet.
1044 1823 1111 1845 una
1134 1823 1238 1854 eaque
1261 1814 1352 1846 brevi
1375 1815 1511 1856 epistola
1542 1814 1762 1856 repugnantia
1784 1813 1903 1845 scribe·

182 1873 201 1914 ξ
224 1873 254 1904 6.
280 1872 371 1913 Quod
391 1882 438 1903 me
460 1870 599 1912 coqitare
620 1870 706 1901 iubes
727 1888 768 1893 --
791 1869 999 1911 coyitandum.
1045 1874 1169 1900 rentur.
1191 1868 1280 1900 Nam
1301 1879 1404 1910 quum
1427 1869 1462 1900 in
1493 1869 1553 1900 hae
1589 1870 1605 1909 ξ
1647 1869 1814 1909 legamus:
1846 1867 1908 1898 Sed

139 1926 195 1958 Ex
217 1935 267 1967 ep.
291 1926 342 1962 13,
367 1927 388 1956 4
411 1930 545 1966 apparet
566 1924 622 1965 agi
644 1924 685 1955 de
714 1922 854 1954 consilio
873 1923 1000 1964 profici·
1045 1921 1131 1952 nobis
1160 1920 1213 1951 ubi
1247 1921 1342 1953 simus
1372 1924 1404 1953 et
1437 1933 1496 1963 quo
1525 1921 1587 1952 iam
1621 1930 1677 1952 nos
1710 1920 1906 1962 conferamus

141 1979 254 2012 scendi
277 1979 311 2011 in
333 1978 517 2011 Graeciam
1040 1974 1266 2016 providendum
1288 1979 1346 2015 est,
1367 1977 1428 2009 illa
1449 1982 1649 2018 sequuntur:
1673 1975 1740 2007 Nec
1765 1986 1837 2006 vero
1859 1975 1906 2006 di-

190 2033 311 2066 Vicinis
335 2033 399 2064 tuis
421 2031 676 2064 Massiliensibus
699 2042 757 2062 sua
773 2031 890 2063 reddis.
912 2031 1000 2063 Mas·
1043 2030 1179 2070 wedam,
1204 2030 1270 2061 nisi
1289 2042 1379 2073 qaum
1402 2034 1437 2062 tu
1459 2042 1505 2062 me
1526 2030 1563 2061 id
1577 2031 1705 2061 honeste
1712 2029 1843 2071 putabis
1848 2028 1906 2070 fa-

143 2087 295 2120 silienses
317 2086 352 2118 in
377 2086 464 2117 bello
494 2085 585 2117 civili
617 2084 768 2126 Pompeii
796 2090 903 2126 partes
935 2094 1002 2115 am·
1046 2094 1115 2114 cere
1130 2095 1236 2125 posse.
1273 2084 1441 2116 Nimirum
1464 2085 1658 2116 Dolabellae
1681 2083 1807 2115 facinus
1836 2083 1905 2114 ani-

138 2140 231 2183 plexi
253 2146 343 2172 sunt.
366 2138 416 2171 Cf.
440 2139 482 2170 ad
510 2138 556 2169 X.
590 2139 640 2176 12,
672 2138 700 2169 6.
734 2137 846 2177 Quare
882 2137 1001 2170 Caesar
1044 2151 1138 2172 mum
1160 2141 1267 2172 Tullii
1290 2146 1451 2173 erexerat.
1474 2141 1524 2172 Eo
1546 2141 1656 2172 minus
1679 2145 1788 2171 autem
1810 2139 1905 2170 dubi-

144 2193 191 2226 eis
228 2193 378 2225 infensus
411 2197 490 2230 erat,
526 2191 614 2223 Phil.
643 2191 688 2223 H.
718 2192 768 2230 94,
799 2201 920 2232 eosque
953 2201 1000 2222 ar·
1021 2186 1025 2255 1
1045 2195 1112 2226 tavi
1135 2195 1311 2236 vulgatum
1339 2195 1490 2226 ordinem
1519 2194 1716 2235 relinquere,
1751 2193 1838 2234 quod
1871 2193 1905 2223 in

140 2247 212 2284 mis,
253 2246 402 2283 navibus,
432 2245 638 2287 pecuniaque
667 2245 873 2277 multaverat·
907 2243 999 2276 Caes.
1022 2257 1024 2293 3
1043 2250 1116 2281 cod.
1138 2250 1228 2281 Med.
1251 2249 1408 2291 epistolae
1432 2250 1473 2280 14
1495 2254 1526 2281 et
1551 2250 1587 2280 15
1611 2258 1713 2279 unam
1734 2247 1868 2278 faciunt.

142 2301 182 2332 B.
205 2299 242 2332 C.
265 2300 312 2331 11.
336 2299 388 2330 22.
411 2299 478 2330 Pro
501 2299 777 2331 iisintereessisse
790 2299 920 2331 videtur
934 2299 998 2332 At·
1021 2305 1023 2340 j
1084 2301 1154 2332 Iam
1186 2312 1278 2333 nunc.
1322 2302 1440 2334 Altera
1470 2307 1542 2333 utra
1576 2300 1734 2342 particula
1765 2299 1906 2331 delenda

143 2354 237 2392 tiens,
272 2359 370 2395 atque
405 2362 463 2394 per
497 2358 651 2384 senatum
684 2359 885 2395 receperunt,
915 2363 1000 2396 quae
1022 2341 1023 2351 ἵ
1043 2357 1183 2389 videtur.
1208 2357 1299 2388 Nunc
1321 2359 1410 2399 quod
1433 2358 1467 2389 in
1491 2358 1534 2389 Α.
1553 2357 1589 2389 C.
1602 2357 1642 2388 L.
1665 2356 1824 2387 omissum
1847 2361 1904 2393 est,

143 2408 214 2440 iure
253 2408 332 2440 belli
366 2407 554 2445 amiseram,
588 2407 676 2438 Phil.
706 2407 810 2440 XIII.
841 2409 891 2440 32.
931 2409 1000 2441 Cur
1043 2409 1140 2442 facile
1163 2420 1180 2442 e
1204 2420 1303 2452 prava
1327 2411 1551 2451 geminatione
1584 2409 1796 2450 sequentium
1835 2409 1905 2440 lite·

142 2466 253 2493 autem
276 2460 371 2492 vicini
392 2461 498 2493 Attici
519 2461 680 2499 dicantur,
703 2471 770 2493 non
782 2462 896 2503 liquet.
919 2462 998 2494 Gro-
1021 2475 1023 2503 5
1043 2473 1154 2495 rarum
1176 2464 1239 2496 huc
1263 2464 1405 2505 irrepere
1426 2464 1533 2505 potuit
1556 2470 1587 2494 et
1611 2463 1720 2494 minus
1751 2462 1905 2494 convenit

142 2514 261 2547 novius
283 2515 425 2547 coniecit
453 2516 518 2547 hoc
545 2515 668 2547 factum
699 2521 877 2557 propterea,
911 2518 1000 2558 quod.
1042 2527 1118 2549 cum
1142 2517 1246 2549 futuri
1280 2519 1438 2560 temporis
1469 2517 1720 2559 significatione,
1754 2526 1837 2557 quae
1872 2516 1904 2546 in

142 2569 276 2602 Atticus
296 2570 430 2611 praedia
450 2574 582 2611 propter
603 2579 718 2601 eorum
739 2570 822 2602 fines
855 2571 998 2612 posside·
1042 2572 1262 2605 subiunctivis
1284 2572 1382 2604 simus
1405 2592 1446 2596 —
1467 2571 1663 2613 conferamus
1685 2571 1780 2603 inest.
1806 2570 1905 2611 Prop-

143 2628 203 2661 ret,
225 2622 279 2655 vel
301 2623 389 2664 quod
411 2623 512 2664 legati
535 2622 795 2655 Massiliensium
818 2623 852 2655 in
875 2624 999 2656 vicinia
1043 2630 1131 2658 terea
1153 2626 1215 2658 hoc
1237 2626 1367 2659 seclusi.

741 2739 838 2783 XV.
905 2743 970 2794 (A.
1013 2744 1058 2784 U.
1096 2745 1139 2786 G.
1178 2745 1296 2800 710.)

214 2858 253 2897 1.
298 2856 334 2898 Ο
368 2857 580 2898 mirificum
615 2855 861 2898 Dolabellam
895 2860 1053 2900 meum!
1089 2859 1175 2901 Iam
1209 2860 1316 2901 enim
1340 2859 1430 2902 dico
1455 2874 1612 2910 meum,
1637 2863 1766 2907 antea,
1793 2855 1906 2898 erede

149 2929 263 2980 mihi,
307 2927 635 2971 subdubitabam.
700 2930 892 2986 Magnam
935 2928 1292 2992 ἀναθεώρησιν
1335 2949 1396 2975 108
1439 2932 1584 2975 habet:
1631 2932 1678 2973 de
1723 2946 1830 2981 saxo,
1864 2931 1907 2972 in

191 3107 211 3146 ξ
235 3106 263 3138 1.
289 3106 315 3137 0
336 3107 497 3148 mirificum
518 3106 715 3139 Dolabellam
736 3119 843 3140 meum.
881 3108 930 3140 De
954 3109 1004 3146 iis,
1054 3112 1196 3152 pretium
1220 3118 1269 3142 est
1291 3111 1402 3151 legere
1424 3110 1512 3141 Phil.
1538 3110 1563 3140 1.
1588 3110 1605 3139 5
1630 3115 1662 3139 et
1685 3110 1735 3138 30.
1759 3106 1809 3138 Cf.
1832 3116 1909 3148 quo-

148 3170 232 3202 quae
253 3161 426 3193 Dolabella
458 3160 490 3193 in
527 3171 561 3193 re
596 3162 726 3204 publica
756 3163 865 3204 gessit,
887 3173 1005 3204 operae
1054 3175 1116 3206 que
1141 3164 1278 3206 epistola
1311 3164 1351 3195 ml
1381 3163 1542 3198 Cassium,
1580 3161 1671 3192 Fam.
1704 3160 1783 3191 ΧΠ.
1822 3160 1847 3191 l.
1882 3160 1908 3190 1.

210 3217 270 3260 11.
1671 3218 1723 3256 19

1916 943 1952 970 10
