2062 3565
703 183 805 225 LIB.
844 182 941 224 XII.
978 181 1060 224 ΕΡ.
1099 183 1293 223 12-14,
1786 185 1864 224 177

109 321 233 362 literis
276 334 355 361 non
407 319 610 361 difficilius
654 324 758 368 utor,
805 333 923 372 quam
958 318 991 359 si
1025 317 1133 359 domi
1167 334 1317 369 essem;
1354 318 1470 360 ardor
1503 322 1636 360 tamen
1665 318 1730 360 ille
1764 318 1870 360 idem

111 398 226 449 urget
258 398 298 434 et
330 398 478 443 manet,
513 408 593 434 non
627 391 852 434 mehercule
885 391 1122 446 indulgente
1156 407 1217 433 me
1251 391 1319 433 sed
1343 397 1477 434 tamen
1502 408 1580 434 non
1605 398 1872 448 repugnante.

112 470 152 508 2.
192 465 311 518 Quod
355 465 496 507 scribis
540 465 588 507 de
636 465 852 522 Appuleio,
887 464 989 506 nihil
1022 470 1121 520 puto
1154 480 1254 520 opus
1288 481 1372 506 esse
1405 471 1476 506 tua
1509 465 1765 507 contentione
1798 479 1873 506 nec

111 537 236 580 Balbo
280 543 320 579 et
363 538 510 594 Oppio,
557 537 704 592 quibus
749 537 911 592 quidem
956 536 1021 578 ille
1067 542 1280 593 receperat,
1326 537 1504 594 mihique
1548 538 1668 579 etiam
1701 538 1872 580 iusserat

111 611 286 675 nuntiari
331 626 371 652 se
416 611 627 652 molestum
674 610 837 652 omnino
870 625 951 651 non
985 609 1180 652 futurum.
1231 611 1309 652 Sed
1343 626 1439 652 cura
1470 616 1517 652 ut
1549 624 1712 652 excuser
1745 607 1874 651 morbi
1910 623 1924 648 5

109 698 228 725 causa
269 684 312 725 in
356 682 441 724 dies
474 682 668 737 singulos.
718 682 870 724 Laenas
904 682 978 723 hoc
1013 687 1227 738 receperat.
1264 683 1419 725 Prende
1453 683 1500 725 C.
1535 682 1789 739 Septimium,
1825 681 1874 722 L.

110 756 327 798 Statilium.
373 756 556 811 Denique
604 771 719 798 nemo
763 755 927 810 negabit
977 772 1017 797 se
1051 756 1290 808 iuraturum,
1326 772 1443 812 quem
1475 757 1641 812 rogaris.
1688 755 1807 809 Quod
1842 756 1875 796 si

109 829 184 870 erit
217 829 369 881 durius,
406 830 562 871 veniam
597 835 637 871 et
668 830 753 885 ipse
789 835 1028 885 perpetuum
1064 828 1247 871 morbum
1282 830 1439 871 iurabo.
1474 830 1610 882 Quum
1645 830 1752 871 enim
1777 828 1875 870 mihi

110 901 326 944 carendum
360 903 413 944 sit
445 903 654 953 conviviis,
690 902 793 944 malo
826 902 868 943 id
902 902 987 957 lege
1022 902 1146 943 videri
1182 902 1309 944 facere
1333 918 1453 958 quam
1476 902 1626 944 dolore.
1661 902 1875 944 Cocceium

111 976 228 1017 velim
271 975 460 1032 appelles.
510 975 629 1028 Quod
672 975 778 1017 enim
824 975 993 1026 dixerat,
1029 991 1110 1017 non
1145 974 1255 1016 facit.
1308 977 1394 1031 Ego
1428 981 1559 1017 autem
1595 976 1682 1017 volo
1716 975 1878 1030 aliquod
1899 992 1934 1018 ιο

108 1065 235 1091 emere
268 1048 484 1091 latibulum
517 1055 557 1091 et
592 1049 821 1106 perfugium
856 1048 1003 1091 doloris
1039 1049 1132 1090 mei.

156 1227 175 1267 ξ
197 1227 227 1258 2.
251 1225 299 1258 De
321 1227 483 1268 Appuleio.
517 1226 557 1259 cf.
580 1227 622 1258 de
652 1226 713 1257 hac
736 1235 770 1258 re
794 1235 842 1268 ep.
868 1226 918 1264 14,
943 1226 970 1256 1.
1066 1226 1156 1268 Quod
1175 1226 1204 1256 sz'
1227 1227 1287 1257 erit
1308 1226 1421 1258 durius
1443 1237 1478 1258 o:
1501 1227 1528 1259 si
1552 1228 1613 1259 erit
1643 1227 1810 1258 difficilius
1834 1226 1880 1257 in-

120 1281 168 1318 15,
191 1281 220 1311 1.
242 1281 290 1318 Ι8,
314 1281 333 1311 3
356 1287 389 1312 et
411 1280 449 1314 17
472 1281 528 1318 in.‚
558 1281 645 1312 unde
679 1284 811 1321 apparet
837 1280 891 1311 hic
922 1279 976 1320 agi
1022 1281 1145 1319 venire,
1168 1281 1224 1322 qui
1247 1280 1355 1312 iurare
1379 1281 1495 1313 velint.

117 1333 158 1364 de
180 1333 307 1365 aditiali
330 1343 433 1365 coena
457 1334 536 1365 novi
559 1333 702 1374 auguris,
719 1342 803 1374 quae
818 1333 853 1364 in
866 1333 976 1374 plures
1065 1332 1145 1373 Leye
1166 1342 1199 1364 o:
1225 1334 1409 1364 secundum
1432 1333 1621 1365 institutum
1647 1333 1818 1374 augurale.

117 1386 187 1417 dies
210 1386 296 1418 trahi
317 1386 455 1424 solebat,
472 1391 504 1418 et
517 1387 571 1418 cui
583 1395 724 1427 augures
744 1386 864 1427 reliqui
881 1386 977 1417 inter·
1066 1387 1225 1428 Appelles.
1248 1387 1314 1419 vid.
1336 1388 1377 1419 ad
1401 1388 1428 1419 I.
1451 1390 1480 1426 8,
1505 1390 1534 1420 3.
1561 1388 1611 1420 De
1632 1398 1668 1420 re
1689 1388 1722 1419 h.
1747 1388 1757 1419 l
1793 1388 1842 1424 18,
1866 1387 1884 1418 3

117 1448 187 1470 esse
208 1439 385 1478 debebant,
418 1440 483 1471 nisi
517 1445 581 1472 tres
610 1449 628 1471 e
657 1440 800 1481 collegio
833 1440 979 1471 iurarent
1026 1444 1059 1472 et
1082 1441 1131 1479 19,
1158 1442 1186 1472 2.

118 1495 234 1527 morbo
257 1495 412 1537 impediri
433 1496 608 1538 collegam,
630 1496 808 1537 quominus
830 1497 968 1528 adesset.

725 1616 844 1658 XIV.
909 1616 970 1669 (Α.
1011 1614 1053 1655 U.
1088 1612 1129 1656 0.
1167 1614 1282 1669 709.)

184 1743 223 1783 1.
269 1741 329 1783 De
380 1757 442 1783 me
486 1741 713 1784 excusando
752 1741 859 1798 apud
903 1740 1149 1798 Appuleium
1194 1740 1381 1784 dederam
1416 1742 1466 1784 ad
1499 1747 1539 1784 te
1572 1742 1700 1799 pridie
1733 1743 1884 1785 literas.

117 1815 236 1857 Nihil
284 1831 368 1858 esse
417 1816 567 1871 negotii
612 1815 798 1858 arbitror.
845 1815 1137 1871 Quemcunque
1181 1816 1407 1872 appellaris,
1442 1831 1559 1858 nemo
1591 1814 1770 1871 negabit.
1805 1815 1883 1858 Sed

118 1888 357 1944 Septimium
402 1888 493 1930 vide
541 1893 581 1930 et
627 1889 844 1931 Laenatem
896 1893 936 1930 et
981 1888 1199 1930 Statilium.
1244 1889 1391 1931 Tribus
1424 1890 1532 1931 enim
1565 1904 1666 1945 opus
1698 1894 1772 1931 est.
1807 1889 1886 1931 Sed

119 1961 218 2003 mihi
261 1962 417 2004 Laenas
456 1967 587 2004 totum
630 1967 846 2019 receperat.
898 1965 939 2004 2.
988 1961 1107 2015 Quod
1153 1962 1295 2005 scribis
1341 1979 1363 2005 a
1395 1963 1517 2005 Iunio
1551 1968 1591 2005 te
1625 1963 1885 2019 appellatum,
1926 1973 1940 1998 5

120 2035 283 2077 omnino
334 2035 574 2078 Cornificius
617 2036 801 2093 locuples⁴
837 2042 911 2088 est,
956 2036 1026 2078 sed
1069 2042 1204 2079 tamen
1254 2038 1354 2079 scire
1400 2038 1519 2079 velim
1566 2037 1727 2093 quando
1778 2036 1888 2078 dicar

119 2108 379 2165 spopondisse
428 2115 468 2152 et
516 2125 588 2167 pro
631 2115 743 2166 patre
786 2126 888 2153 anne
937 2126 1009 2167 pro
1053 2111 1148 2163 filio,
1193 2126 1324 2167 neque
1371 2127 1417 2154 eo
1450 2112 1599 2163 minus,
1650 2116 1697 2152 ut
1730 2110 1886 2162 scribis,

121 2187 394 2237 procuratores
437 2183 644 2225 Cornificii
689 2189 730 2225 et
771 2184 1016 2240 Appuleium
1060 2185 1349 2241 praediatorem
1392 2185 1560 2228 videbis.
1597 2188 1638 2227 3.
1672 2185 1791 2239 Quod
1825 2200 1887 2228 me

168 2358 186 2397 ξ
210 2356 239 2388 1.
263 2355 314 2389 Cf.
336 2366 386 2399 ep.
409 2360 558 2399 praeced.
581 2360 601 2400 ξ
622 2361 653 2392 2.

163 2409 256 2441 Nihil
277 2420 345 2442 esse
378 2413 496 2453 neyotii
530 2423 564 2445 o:
599 2414 795 2447 facillimum
829 2423 910 2446 esse.
942 2414 984 2446 ef.

123 2464 157 2495 h.
180 2464 202 2495 l.
224 2465 277 2498 21.
300 2464 330 2496 2.
352 2464 446 2497 Fam.
470 2465 552 2498 ΧΠ.
577 2468 606 2506 2,
630 2469 646 2499 1
670 2468 753 2500 nihil
773 2470 856 2500 esset
866 2467 984 2508 neqott'z'

1028 2364 1132 2402 stolis,
1157 2373 1238 2405 quas
1261 2363 1378 2396 Cicero
1401 2364 1443 2395 ad
1464 2373 1542 2395 eum
1564 2363 1626 2394 hoc
1649 2372 1738 2394 anno
1759 2367 1791 2394 et
1809 2363 1887 2394 duo·

1029 2417 1090 2448 bus
1111 2426 1201 2458 seqq.
1223 2417 1322 2455 dedit,
1345 2416 1439 2448 Fam.
1457 2415 1538 2448 XII.
1562 2415 1697 2449 17-30.
1719 2414 1888 2454 Quoniam

1029 2469 1225 2502 Cornificius
1253 2470 1374 2507 aberat,
1407 2469 1542 2500 Atticus
1575 2473 1718 2510 rogatur
1749 2474 1784 2500 ut
1817 2468 1887 2499 eius

122 2517 309 2555 libertatem,
323 2521 353 2550 et
376 2529 440 2550 rem
455 2530 490 2561 p.
512 2520 701 2561 reciperare.
719 2540 760 2545 —
778 2522 863 2554 Mox
885 2524 984 2552 totum

123 2574 288 2613 receperat
311 2578 360 2605 est
381 2583 448 2605 non
471 2575 581 2606 solum
610 2576 651 2607 de
673 2585 718 2614 se,
741 2576 800 2607 sed
821 2576 922 2607 etiam
943 2575 984 2607 de

125 2625 264 2664 (luobus,
285 2627 343 2667 qui
365 2636 419 2658 me
441 2634 637 2660 excusarent
658 2629 837 2666 absentem,
867 2628 985 2670 promi-

125 2683 219 2710 serat.

167 2733 186 2773 ξ
208 2733 238 2764 2.
260 2732 302 2764 cf.
323 2742 373 2775 ep.
398 2734 436 2767 17
460 2740 492 2766 et
514 2735 564 2772 19,
587 2735 618 2767 2.
643 2735 835 2777 Negotium,
857 2735 898 2766 de
921 2744 987 2776 quo

124 2787 244 2828 agitur,
268 2788 442 2820 Manutius
457 2790 610 2831 exposuit
630 2790 680 2822 his
693 2790 818 2822 verbis:
844 2804 858 2815 u
870 2789 988 2821 Iunius

126 2841 277 2873 Atticum
298 2842 523 2884 appellaverat
545 2844 641 2885 quasi
677 2843 845 2876 Ciceronis
875 2852 988 2884 procu-

127 2900 282 2934 ratorem,
305 2895 500 2928 Ciceronem
523 2898 587 2929 sibi
610 2897 730 2930 debere
752 2898 874 2934 dicens,
899 2896 988 2937 quod

127 2958 186 2990 pro
208 2948 388 2981 Cornificio
422 2951 658 2992 spopondisset.
696 2951 813 2984 Cicero
842 2950 988 2992 sponsio-

128 3011 205 3033 nem
228 3012 295 3034 non
317 3003 507 3034 recordatur
529 3008 561 3035 et
587 3003 633 3034 ait
655 3002 872 3035 Cornificium
893 3011 989 3044 posse

130 3054 236 3096 ipsum
258 3056 419 3088 solvere''.
444 3055 629 3095 Cornificius
651 3063 743 3098 pater
763 3056 827 3088 hoc
842 3062 989 3098 tempore

130 3107 197 3140 iam
217 3109 287 3140 vita
306 3108 439 3141 functus
461 3110 611 3147 videtur;
633 3110 722 3142 filius
745 3115 815 3142 tum
838 3109 988 3142 Africam

130 3170 189 3201 pro
211 3165 358 3202 praetore
375 3162 510 3194 tenebat
536 3167 635 3204 atque
657 3161 788 3204 Syriam
810 3173 830 3194 a
852 3161 991 3195 Caesare

131 3213 193 3244 sibi
215 3213 371 3246 tributam
394 3215 586 3255 repudiavit,
610 3220 644 3246 ut
675 3215 845 3253 colligitur
867 3225 909 3247 ex
927 3214 990 3255 cpi-

189 3270 249 3313 Π.

1028 2528 1254 2564 procuratores
1276 2522 1462 2554 conveniat.

1070 2575 1253 2616 Appuleium
1273 2574 1517 2616 praediatorem.
1553 2574 1781 2606 Praediatores
1802 2573 1886 2604 ‹lice-

1030 2629 1158 2664 bantur,
1181 2629 1239 2670 qui
1268 2629 1499 2660 mercabantur
1522 2628 1660 2669 praedia
1694 2629 1714 2659 i.
1739 2637 1766 2660 e.
1801 2628 1888 2658 bona

1029 2683 1162 2724 publico
1184 2683 1341 2723 obligata,
1365 2687 1523 2724 erantque
1544 2692 1656 2714 earum
1672 2691 1790 2719 rerum,
1802 2690 1887 2723 quae

1031 2737 1073 2768 ad
1094 2737 1145 2768 ius
1166 2737 1421 2778 praediatorium
1451 2736 1667 2778 pertinebant,
1696 2736 1803 2777 periti.
1837 2734 1887 2766 Ci-

1031 2799 1106 2821 cero
1128 2789 1232 2830 igitur
1253 2789 1352 2821 huius
1373 2789 1544 2831 Appuleii,
1568 2789 1609 2820 ab
1633 2797 1757 2829 augure
1775 2788 1887 2828 Appu-

1033 2842 1098 2874 leio
1120 2842 1154 2873 in
1180 2843 1196 2882 5
1224 2842 1239 2872 1
1263 2852 1342 2874 sane
1364 2842 1494 2880 diversi,
1531 2841 1730 2874 sententiam
1759 2841 1799 2872 de
1831 2840 1887 2870 illa

1032 2896 1209 2938 sponsione
1230 2906 1429 2937 cognoscere
1462 2901 1517 2927 aut
1539 2896 1580 2927 ab
1603 2905 1642 2927 eo
1664 2895 1811 2926 adiuvari
1834 2903 1887 2925 eu-

1032 2949 1152 2991 piebat.
1175 2949 1281 2981 Miror
1301 2949 1458 2981 Reinium
1481 2950 1514 2980 in
1537 2958 1635 2990 opere
1657 2949 1698 2980 de
1718 2948 1786 2979 iure
1798 2946 1888 2977 civili

1033 3003 1128 3034 Rom.
1152 3013 1183 3044 p.
1207 3002 1268 3036 170
1290 3012 1357 3034 non
1380 3003 1479 3034 modo
1509 3011 1526 3034 e
1557 3002 1684 3032 duobus
1716 2998 1889 3041 Appuleiis

1034 3067 1139 3089 unum
1162 3056 1287 3094 secisse,
1310 3065 1426 3088 venun
1447 3056 1547 3087 etiam
1566 3056 1651 3086 hane
1669 3063 1800 3085 causam
1813 3062 1888 3084 cum

1034 3110 1093 3142 illa
1115 3111 1160 3142 ita
1181 3109 1378 3147 confudisse,
1400 3115 1437 3140 ut
1459 3115 1552 3150 putet
1569 3108 1770 3144 Ciceronem,
1787 3116 1889 3147 quum

1035 3163 1140 3195 nollet
1161 3172 1316 3205 sponsum
1340 3162 1478 3199 solvere,
1500 3161 1614 3192 morbo
1632 3169 1666 3192 se
1683 3159 1890 3190 excusavisse

1036 3223 1068 3249 et
1091 3224 1155 3248 tres
1187 3215 1267 3245 alios
1299 3224 1469 3254 sponsores
1503 3213 1639 3244 dedisse.
1680 3212 1783 3251 Quasi
1814 3221 1889 3242 vero

1652 3267 1704 3306 12
