2062 3565
676 151 776 192 MR.
813 150 911 193 Ml.
954 150 1031 191 ΕΡ.
1070 153 1263 190 »ιι-11..
1765 150 1845 188 207

88 286 255 330 vandus.
292 289 333 328 2.
368 287 428 328 De
462 287 623 329 Othone
657 286 809 338 diffido,
846 286 1009 328 fortasse
1044 286 1138 342 quia
1162 286 1295 342 cupio.
1331 285 1408 328 Sed
1432 291 1566 327 tamen
1591 283 1852 326 maiorctiani

86 375 147 402 res
191 365 252 402 est
290 375 410 415 quam
451 360 662 402 facultates
703 365 875 410 nostrae,
921 359 1153 416 praesertim
1193 358 1419 401 adversario
1462 363 1503 400 et
1545 358 1692 415 cupido
1725 363 1765 399 61
1800 358 1853 398 lo-

86 433 242 491 cuplete
284 437 325 475 et
368 433 526 476 herede.
572 434 804 476 Proximum
848 439 922 485 cst,
968 438 1015 474 ut
1048 433 1166 475 velim
1199 432 1379 475 Clodiae.
1430 432 1508 475 Sed
1542 433 1576 475 si
1609 432 1687 474 ista
1719 432 1851 474 minus

85 507 226 550 confici
259 512 442 564 possunt,
476 508 586 549 effice
620 508 794 564 quidvis.
842 509 928 563 Ego
962 523 1024 549 me
1057 508 1206 549 maiore
1240 507 1449 562 religione,
1484 522 1604 562 quam
1638 507 1849 562 quisquam

84 581 162 624 fuit
194 581 318 624 ullius
350 582 448 633 voti,
482 581 721 624 obstrictum
755 587 868 638 puto.
913 581 1083 624 Videbis
1116 582 1235 623 etiam
1271 581 1558 634 Trebonianos,
1593 581 1669 623 etsi
1704 579 1853 622 absunt
1895 590 1907 611 ⁷»

84 655 252 697 domini.
297 655 390 708 Sed,
434 660 481 697 ut
513 655 563 697 ad
596 661 636 697 te
669 656 756 697 heri
792 656 947 712 scripsi,
982 654 1255 698 considerabis
1289 656 1408 697 etiam
1444 654 1492 696 de
1526 655 1768 704 Tusculano,
1803 670 1852 696 11(-

85 735 213 772 aestas
245 730 395 780 effluat,
430 728 538 784 quod
573 734 678 770 certe
713 744 792 770 non
827 734 887 770 est
921 728 1272 770 committendum.

127 894 289 926 Ferendus
307 892 365 925 tibi
387 892 420 923 in
444 894 502 925 leoc
524 904 608 926 meus
631 904 731 931 error,
755 893 943 934 serendus?
967 894 971 944 1
1002 895 1048 926 110
1057 894 1227 925 hortorum
1240 893 1400 935 Scapulae
1412 901 1543 935 superat
1555 904 1644 926 meas
1659 904 1745 936 opes
1766 904 1856 936 prae-

83 949 173 980 z'mmo
194 957 267 979 vero
289 947 384 978 etiam
406 947 618 979 adiuvandus.
641 948 766 979 Eadem
789 948 947 979 orationis
970 948 973 999 1
998 949 1111 980 sertim
1134 948 1160 978 si
1184 947 1353 980 Othonem
1375 948 1505 979 habebo
1535 949 1766 985 adversarium,
1800 949 1856 989 qui

84 1002 190 1033 forma
212 1006 261 1033 est
283 1001 316 1032 in
340 1001 411 1033 Cat.
435 1002 462 1033 Ι.
485 1002 516 1032 2.
540 1002 614 1033 Mil.
638 1002 688 1032 64.
972 1012 973 1021 ¹
997 1012 1109 1043 parem
1132 1002 1227 1033 affert
1248 1002 1462 1043 cupiditatem
1486 1008 1517 1034 et
1538 1003 1630 1034 dives
1653 1008 1701 1034 est
1723 1010 1755 1033 et
1774 1012 1858 1033 unus

125 1057 144 1096 ξ
167 1057 198 1089 2.
221 1055 284 1087 Sed
309 1058 411 1087 tamen
428 1056 602 1088 maim-cet.
619 1066 655 1087 a:
680 1061 847 1098 praeterea
863 1065 950 1096 emp·
974 1087 975 1094 ,
998 1067 1041 1088 ex
1064 1057 1242 1089 heredibus
1265 1056 1436 1099 Scapulae.

665 1177 826 1218 XLIV.
894 1177 959 1229 (A.
1003 1177 1048 1217 [J.
1087 1177 1129 1216 C.
1169 1177 1288 1230 709.)

149 1307 188 1347 1.
233 1305 287 1346 Et
332 1304 515 1346 Hirtium
550 1304 705 1360 aliquid
739 1304 789 1346 ad
822 1310 862 1345 te
897 1303 1189 1361 συμπαθῶς
1223 1303 1272 1344 de
1306 1319 1368 1344 me
1402 1303 1606 1359 scripsisse
1642 1303 1756 1346 facile
1790 1320 1856 1360 pa-

83 1380 161 1421 tior
196 1403 252 1409 —-
297 1378 392 1420 fecit
426 1378 533 1420 enim
578 1378 752 1420 humane
788 1404 845 1408 —
880 1382 920 1420 et
952 1382 991 1419 te
1026 1378 1112 1420 eius
1147 1377 1357 1433 epistolam
1392 1377 1442 1419 ad
1475 1392 1537 1418 me
1571 1393 1652 1419 non
1688 1377 1856 1428 misisse,

85 1453 211 1496 multo
255 1451 415 1495 facilius
429 1470 440 1503 3
485 1457 530 1493 tu
574 1452 682 1493 enim
726 1452 846 1493 etiam
891 1451 1124 1493 humanius.
1177 1451 1294 1493 Elius
1339 1450 1502 1502 librum,
1549 1466 1666 1505 quem
1712 1451 1762 1493 ad
1795 1468 1857 1494 me

85 1527 196 1568 misit
242 1525 291 1567 de
331 1525 499 1576 Catone,
545 1529 754 1580 propterea
797 1524 886 1566 volo
934 1524 1134 1579 divulgari
1180 1540 1203 1566 a
1244 1524 1341 1575 tuis,
1391 1530 1438 1565 ut
1471 1540 1519 1565 ex
1550 1523 1721 1567 istorum
1754 1526 1859 1568 vitu-

86 1599 290 1657 peratione
339 1599 393 1640 sit
433 1597 542 1639 illius
587 1597 714 1639 maior
755 1597 950 1639 laudatio.
999 1601 1039 1639 2.
1085 1597 1208 1644 Quod
1242 1613 1312 1654 per
1347 1597 1567 1639 Mustelam
1601 1599 1700 1654 agis,
1735 1598 1859 1641 habes

87 1673 289 1715 hominem
331 1671 446 1713 valde
491 1670 683 1712 idoneum
727 1671 886 1726 meique
932 1686 1026 1713 sane
1072 1671 1301 1713 studiosum
1348 1671 1428 1712 iam
1461 1671 1556 1713 inde
1590 1687 1612 1713 a
1644 1672 1859 1714 Pontiano.

86 1747 235 1789 Perfice
285 1746 410 1801 igitur
458 1744 626 1800 aliquid.
676 1744 789 1791 Quid
834 1750 967 1786 autem
1012 1745 1140 1797 aliud,
1182 1746 1263 1787 nisi
1307 1750 1355 1787 ut
1398 1745 1533 1787 aditus
1577 1747 1630 1788 sit
1663 1747 1860 1803 emptori?

87 1819 196 1875 quod
238 1834 308 1876 per
351 1818 531 1873 quemvis
579 1818 766 1859 heredem
799 1822 932 1875 potest
965 1819 1082 1861 effici.
1134 1819 1212 1861 Sed
1247 1819 1466 1861 Mustelam
1499 1819 1542 1860 id
1575 1819 1860 1876 perfecturum,

88 1893 121 1933 si
165 1892 329 1947 rogaris,
379 1897 492 1947 puto.
542 1892 649 1933 Mihi
694 1907 786 1934 vero
830 1897 869 1934 et
914 1892 1063 1944 locum,
1106 1908 1226 1948 quem
1270 1898 1378 1949 opto,
1425 1892 1475 1934 ad
1519 1893 1576 1945 id,
1611 1893 1718 1949 quod
1752 1893 1862 1935 volu-

89 1965 207 2018 musj
226 1965 382 2008 dederis
416 1971 456 2007 et
489 1970 692 2022 praeterea
726 1964 1004 2027 ἐγγήραμα.
1054 1968 1096 2009 N
1099 1982 1162 2008 am
1195 1967 1264 2009 illa
1297 1967 1387 2009 Sih'i
1420 1972 1461 2009 et
1494 1968 1617 2010 Drusi
1650 1984 1731 2010 non
1766 1968 1864 2010 satis

88 2032 472 2083 οἰκοδεσποτικα
511 2040 611 2082 mihi
652 2040 855 2082 videntur.
907 2041 1017 2093 Quid
1059 2042 1166 2083 enim
1209 2041 1344 2083 sedere
1391 2046 1498 2083 totos
1544 2041 1630 2083 dies
1663 2043 1707 2084 in
1740 2041 1863 2083 villa?

90 2113 176 2155 Ista
217 2113 343 2168 igitur
391 2113 542 2165 malim,
593 2114 766 2170 primum
815 2114 1004 2166 Othonis,
1056 2115 1202 2157 deinde
1236 2115 1415 2158 Clodiae.
1467 2117 1510 2158 Si
1542 2116 1645 2158 nihil
1678 2116 1759 2167 fiet,
1794 2119 1865 2156 aut

92 2186 224 2229 Druso
268 2186 390 2228 ludus
433 2191 494 2229 est
544 2187 821 2242 suggerendus
866 2192 937 2230 aut
984 2188 1182 2230 utendum
1228 2188 1472 2231 Tusculano.
1515 2191 1558 2231 3.
1601 2188 1722 2241 Quod
1756 2187 1864 2229 domi

92 2265 131 2302 te
175 2259 391 2312 inclusisti,
440 2261 593 2303 ratione
644 2260 790 2304 fecisti.
840 2261 919 2304 Sed
970 2277 1118 2317 quaeso
1166 2262 1315 2304 confice
1361 2267 1401 2304 et
1444 2267 1483 2304 te
1528 2278 1698 2304 vacuum
1743 2261 1865 2304 redde
1908 2279 1919 2302 ·‚

94 2333 225 2376 nobis.
280 2334 368 2389 Ego
415 2334 525 2385 hinc,
575 2339 622 2375 ut
666 2335 808 2391 scripsi
857 2340 990 2386 antea,
1036 2335 1229 2391 postridie
1263 2336 1363 2378 Idus
1395 2336 1585 2388 Lanuvii,
1619 2336 1764 2378 deinde
1798 2351 1866 2391 po-

98 2405 237 2448 stridie
281 2407 324 2448 in
369 2407 612 2450 Tusculano.
667 2407 847 2449 Contudi
886 2408 993 2450 enim
1040 2409 1219 2450 animum
1264 2414 1304 2450 et
1347 2409 1512 2451 fortasse
1553 2411 1646 2459 vici,
1681 2410 1712 2451 si
1748 2408 1865 2450 modo

141 2581 160 2620 ἓ
183 2581 212 2613 1.
239 2580 284 2612 Tu
319 2582 399 2613 enim
428 2582 524 2614 etiam
554 2582 731 2614 humanius.
772 2582 959 2615 Gronovius

100 2635 256 2677 ambigue
293 2637 418 2669 dictum
451 2638 596 2679 putabat,
634 2639 687 2670 vel
718 2641 806 2680 quod.
833 2640 960 2671 luctum

101 2693 198 2725 amici
220 2694 321 2726 missa
341 2695 445 2727 Hirtii
469 2696 608 2737 epistola
629 2706 751 2738 augere
770 2698 884 2735 nollet,
905 2698 959 2729 vel

101 2747 189 2788 quod
210 2746 359 2780 Hirtium
382 2748 480 2780 tacite
509 2749 729 2791 reprehendit,
759 2751 817 2791 qui
839 2751 880 2782 de
901 2751 959 2782 illa

101 2810 136 2832 re
158 2801 200 2833 ad
219 2801 374 2833 Atticum
395 2803 513 2844 potius,
537 2813 638 2844 quam
661 2804 702 2836 ad
724 2813 758 2836 se
778 2805 960 2847 scripserat.

143 2853 213 2894 §2
236 2854 306 2886 Iam
327 2855 401 2887 inde
433 2867 453 2887 a
486 2856 654 2888 Pontiano.
695 2857 790 2889 Nihil
823 2859 864 2890 de
897 2859 960 2890 hoc

103 2913 240 2947 constat,
263 2910 321 2942 sed
342 2911 523 2951 probabilis
553 2916 601 2943 est
630 2912 773 2953 suspicio
805 2913 959 2950 Manutii,

103 2960 203 2993 fuisse
225 2963 391 2995 Mustelae
413 2964 558 2996 amicum
580 2965 633 2996 vel
655 2965 789 2997 affinem
818 2976 837 2996 a
871 2965 960 2997 Cice-

103 3023 183 3046 rone
204 3014 387 3049 defensum.
412 3015 580 3048 Mustelam
602 3022 710 3049 autem
734 3017 834 3050 fuisse
855 3029 960 3050 unum

103 3077 149 3100 ex
175 3068 351 3102 heredibus
381 3069 542 3112 Scapulae
574 3071 628 3102 hie
662 3071 754 3116 locus
791 3073 868 3104 satis
902 3073 962 3104 do-

104 3126 156 3152 cet

144 3165 363 3218 Ἐ’γγήραμα.
391 3175 440 3207 Cf.
464 3177 503 3207 ad
527 3186 576 3216 ep.
600 3176 648 3213 25,
671 3176 700 3207 2.

1049 2580 1340 2625 Οἰκοὸεσποτικά,
1364 2586 1450 2627 patri
1471 2584 1613 2616 familias
1636 2589 1719 2625 apta.
1742 2584 1866 2615 Hortos

1007 2640 1084 2673 Silii
1106 2646 1138 2673 et
1158 2641 1261 2672 Drusi
1282 2641 1450 2673 iudicabat
1471 2650 1589 2682 parum
1612 2640 1803 2671 fructuosos.

1049 2695 1154 2727 Druso
1175 2695 1271 2727 ludus
1293 2697 1340 2726 est
1371 2695 1594 2738 suyqerendus.
1629 2694 1762 2725 Ludum
1792 2703 1866 2734 sug-

1008 2759 1122 2790 gerere
1144 2749 1246 2780 alicui
1267 2750 1392 2781 dictum
1417 2749 1545 2780 videtur
1575 2758 1635 2790 pro
1670 2748 1782 2779 ludere
1812 2747 1863 2779 vel

1009 2803 1173 2834 ludificari
1195 2804 1351 2844 aliquem.
1384 2803 1458 2834 Hoc
1481 2802 1585 2843 igitur
1607 2801 1702 2833 dicit:
1735 2801 1866 2841 excogi-

1008 2860 1147 2892 tandum
1170 2865 1220 2892 est
1242 2860 1378 2901 aliquid,
1411 2869 1478 2901 quo
1500 2859 1627 2890 Drusus
1660 2857 1806 2898 capiatur
1835 2862 1866 2887 et

1008 2913 1162 2954 aequiore
1184 2913 1290 2954 pretio
1311 2913 1425 2944 hortos
1447 2922 1524 2943 suos
1546 2911 1628 2942 mihi
1653 2910 1781 2941 vendat.

1051 2966 1070 3007 ἓ
1093 2966 1122 2998 3.
1148 2965 1239 3007 Quod
1258 2966 1342 2998 domi
1363 2968 1394 2996 te
1416 2964 1577 2996 inclusisti
1606 2970 1666 2995 661.
1690 2963 1730 2993 cf.
1753 2973 1801 3002 ep.
1825 2962 1865 2991 42

1009 3024 1092 3051 extr.

1057 3072 1179 3114 Confice
1200 3083 1245 3104 sc.
1267 3072 1451 3113 negotium.
1475 3071 1515 3102 cf.
1541 3071 1569 3102 I.
1592 3073 1620 3107 5,
1643 3072 1673 3101 4.

1054 3127 1188 3159 Contudi
1211 3127 1345 3160 animum
1368 3129 1397 3158 et
1411 3125 1555 3167 fortasse
1576 3124 1636 3156 vici
1658 3134 1692 3155 o:
1717 3133 1755 3154 eo
1777 3124 1865 3165 quod

986 3195 987 3199 ¹
1012 3181 1044 3211 in
1069 3182 1294 3212 Tusculanum
1322 3181 1366 3211 ire
1401 3179 1540 3215 ‹leci-evi,
1571 3179 1625 3208 ubi
1659 3178 1768 3208 onmia
1802 3187 1865 3208 ser-

1883 1914 1919 1940 10
