2062 3565
205 974 234 998 10

263 167 316 206 20
664 165 747 207 ΕΡ.
782 164 858 206 AD
889 164 936 204 Τ.
974 162 1323 205 POMPONIUM
1357 161 1622 204 ATTICUM.

258 300 307 342 ad
352 300 570 342 Lentulum
615 299 832 350 consulem,
877 299 992 339 iussu
1024 297 1221 347 Caesaris,
1257 312 1350 338 cum
1382 296 1525 347 literis,
1560 310 1653 338 cum
1685 295 1901 348 mandatis,
1936 311 2026 339 cum

257 373 516 428 promissione
557 371 798 427 provinciae,
841 371 1009 412 Romam
1053 375 1100 410 ut
1143 368 1293 420 redeat,
1339 370 1405 410 cui
1438 368 1671 424 persuaderi
1702 384 1819 425 posse
1851 384 1935 411 non
1968 385 2028 411 ar-

257 444 396 496 bitror,
440 445 517 486 nisi
561 445 636 485 erit
680 448 914 484 conventus.
965 442 1079 484 Idem
1113 441 1247 484 aiebat
1279 442 1382 484 nihil
1416 442 1533 483 malle
1568 442 1793 494 Caesarem,
1828 458 1947 498 quam
1981 447 2029 484 ut

255 518 492 572 Pompeium
526 521 802 572 assequeretur
838 541 893 546 -κ
927 515 971 556 id
1005 515 1123 556 credo
1159 541 1215 545 --
1251 521 1291 557 et
1323 515 1473 557 rediret
1506 516 1550 557 in
1584 515 1756 570 gratiam
1792 540 1850 546 —
1883 515 1927 557 id
1944 530 2026 557 non

255 591 372 632 credo
412 596 452 632 et
484 595 618 631 metuo
661 604 710 629 ne
753 590 882 630 omnis
914 589 1013 630 haec
1047 589 1259 631 clementia
1293 589 1343 631 ad
1377 590 1403 633 †
1450 605 1571 631 unam
1604 589 1713 631 illam
1749 588 2027 631 crudelitatem

256 664 479 719 colligatur.
514 662 664 703 Balbus
699 661 859 716 quidem
895 663 1020 704 maior
1053 662 1102 704 ad
1137 678 1199 703 me
1234 662 1375 704 scribit
1407 662 1510 704 nihi]
1535 663 1652 705 malle
1673 662 1884 704 Caesarem
1908 677 2026 718 quam

255 738 434 792 principe
468 736 658 791 Pompeio
692 736 777 777 sine
811 741 922 777 metu
956 737 1101 777 vivere.
1135 736 1197 777 Tu
1230 741 1328 792 puto
1361 735 1459 777 haec
1494 736 1637 778 credis.
1673 736 1765 787 Sed,
1785 751 1912 791 quum
1931 735 2028 776 haec

255 810 477 852 scribebam
511 824 551 850 v.
585 809 775 860 Kalend„
811 809 1027 865 Pompeius
1061 810 1141 851 iam
1174 810 1439 852 Brundisium
1472 811 1626 852 venisse
1650 815 1819 866 poterat.
1854 808 2028 865 Expedi-

254 889 320 924 tus
353 883 459 924 enim
494 888 759 924 antecesserat
792 882 969 938 legiones
1004 896 1052 924 XI
1087 883 1212 938 (Kal.)
1248 883 1431 925 Luceria.
1466 883 1544 924 Sed
1567 883 1644 925 hoc
1667 883 1818 943 τέρας
1845 880 2028 924 horribili

255 956 477 1011 vigilantia,
513 955 729 1006 celeritate,
765 955 977 1010 diligentia
1011 962 1084 996 est.
1119 955 1244 997 Plane
1279 955 1375 1010 quid
1410 956 1591 997 futurum
1627 957 1679 997 sit
1711 956 1858 999 nescio.

299 1122 313 1151 ’1
338 1121 433 1152 missa
459 1120 604 1152 Caesaris
627 1139 668 1143 —
691 1121 708 1152 9
731 1120 870 1162 leyz'ones
895 1121 1026 1153 Luceria
1057 1142 1095 1146 ἡ

255 1279 432 1300 occurrens.
458 1270 497 1301 In
529 1270 610 1303 Cod.
634 1271 728 1312 Hisp.
752 1282 821 1305 esse
849 1273 987 1305 traditur
1017 1271 1117 1304 occal-

256 1322 337 1353 lavit
359 1333 501 1354 currens.

302 1376 393 1408 Iussa
418 1376 575 1409 Caesaris.
598 1378 693 1410 Libri
714 1380 928 1412 consentiunt
952 1382 985 1412 in
1020 1380 1113 1412 missa

262 1429 305 1467 C„
329 1441 394 1471 qua
415 1431 559 1462 dictione
583 1432 652 1473 ipse
675 1432 795 1464 Caesar
818 1434 920 1465 utitur
946 1435 984 1465 B.
1007 1433 1048 1466 G.
1075 1434 1115 1465 V.

256 1484 306 1517 27.
330 1485 392 1516 VI.
416 1484 444 1517 7.
480 1484 546 1517 Sed
575 1496 677 1526 quum
699 1487 777 1517 alibi
801 1489 888 1528 apud
913 1487 1114 1519 Ciceronem

258 1547 324 1568 non
348 1538 478 1578 legatur
500 1543 532 1569 et
553 1548 648 1580 saepe
671 1540 751 1571 haec
774 1541 911 1572 nomina
933 1551 952 1572 a
974 1541 1118 1572 librariis

257 1595 441 1630 permutata
462 1591 538 1629 sint,
562 1601 579 1623 e
601 1598 680 1624 vett.
704 1593 794 1625 editt.
820 1594 975 1625 revocavi
998 1594 1097 1624 iussu.

304 1644 362 1676 Cui
376 1644 567 1685 persuaderi
581 1655 674 1685 posse
698 1656 757 1677 22072
786 1647 933 1685 arbitror,
964 1647 1028 1678 nisi
1058 1647 1119 1678 erit

259 1700 436 1729 conventas.
467 1698 685 1740 Nipperdeius
707 1700 739 1730 in
769 1700 891 1732 Philol.
917 1701 979 1732 ΙΙΙ.
1005 1711 1035 1742 p.
1061 1702 1120 1732 148

260 1753 350 1784 iubet
379 1753 521 1784 restitui:
552 1753 603 1785 cai
624 1755 816 1795 persuaderi
844 1766 940 1796 posse
970 1757 1119 1794 arbitror,

257 1805 285 1835 si
308 1805 368 1836 erit
391 1808 570 1838 conventus.
594 1806 681 1840 Cave
694 1809 817 1840 audias.
844 1809 1008 1841 Corradus
1023 1816 1118 1841 acute

257 1860 341 1891 vidit
362 1869 432 1892 esse
455 1860 563 1892 iocum
589 1861 768 1900 Ciceronis,
792 1864 934 1895 similem
960 1863 1117 1895 Plautino

256 1913 289 1943 in
314 1913 430 1944 Aulul.
453 1913 517 1954 (11.
541 1916 571 1952 4,
595 1915 665 1957 57):
701 1919 731 1946 le
754 1916 819 1948 Scio
833 1917 940 1957 facile
962 1917 1120 1948 abstinere

250 1977 351 2008 posse,
374 1967 401 1995 sa·
422 1967 505 1998 nila'l
526 1968 642 2000 obviam
665 1972 722 2000 est.
760 1970 872 2002 Verba
895 1971 940 2002 sic
965 1977 1042 2002 sunt
1065 1980 1118 2002 ex·

256 2021 422 2061 plicanda:
456 2023 638 2053 Lentulum
662 2034 728 2055 non
752 2025 849 2055 credo
879 2035 1005 2056 morem
1039 2024 1119 2056 Cae·

257 2074 320 2104 sari
343 2083 413 2105 esse
435 2080 613 2113 gesturum,
647 2076 711 2106 nisi
734 2077 860 2107 Balbus
884 2087 962 2108 cum
984 2087 1023 2108 eo
1055 2078 1119 2107 col-

258 2126 387 2157 locutus
411 2126 526 2164 fuerit3
551 2137 589 2158 ea-
611 2133 659 2159 est
680 2129 824 2160 hominis
848 2130 973 2167 levitas,
992 2135 1029 2161 ut
1043 2140 1117 2161 cuni

258 2180 396 2213 Caesare
417 2181 451 2212 in
484 2182 625 2221 gratiam
655 2184 818 2214 rediturus
849 2184 900 2221 sit,
935 2185 962 2215 si
992 2185 1117 2215 Balbus

258 2243 334 2265 eum
356 2234 559 2265 convenerit.
594 2234 735 2266 Putabat
758 2241 867 2267 autem
891 2236 1006 2268 Cicero
1029 2237 1115 2267 Len-

259 2287 369 2318 tulum
397 2293 473 2318 ante
506 2288 746 2326 tramissumm,
774 2298 873 2330 quam
902 2295 1011 2330 posset
1044 2300 1118 2320 con-

257 2340 374 2378 veniri,
397 2340 491 2381 epist.
514 2341 563 2378 11,
593 2341 622 2371 5.
663 2342 706 2373 Et
736 2342 781 2373 sic
812 2342 934 2374 factum
966 2348 1024 2374 est.
1054 2342 1118 2373 IX.

259 2394 288 2431 6,
322 2394 350 2425 1.

304 2448 342 2479 Ut
365 2448 539 2490 Pompeiam
558 2452 786 2491 assequeretur.
810 2451 935 2482 Balbus
951 2451 1118 2482 indicabat

261 2501 435 2534 Caesarem
456 2512 531 2533 cum
553 2502 774 2543 Pompeio'de
797 2513 875 2544 pace
898 2513 995 2543 agere
1009 2504 1096 2536 velle
1108 2519 1115 2541 3

263 2554 378 2587 Cicero
399 2555 478 2587 huic
507 2556 607 2588 verbo
637 2557 736 2587 aliam
765 2557 833 2588 vim
863 2556 987 2595 tribuit,
1022 2558 1116 2598 quasi

886 2675 938 2715 X.

1165 1268 1285 1301 Caesar
1313 1268 1509 1310 Pompeium
1539 1278 1655 1310 capere
1694 1268 1804 1300 vellet.
1850 1268 2029 1310 Propterea

1165 1322 1297 1354 scribit:
1322 1321 1358 1352 id
1379 1321 1480 1353 credo.

1208 1375 1259 1406 Acl
1280 1376 1296 1413 †
1318 1385 1412 1406 anam
1434 1375 1524 1406 illam
1547 1375 1776 1407 crudelitatem.
1802 1390 1814 1402 υ
1829 1376 1963 1407 Malim:
1986 1375 2032 1406 ad

1164 1428 1328 1458 Sullanam
1352 1428 1442 1459 illanc
1466 1428 1553 1460 crad.
1578 1428 1630 1461 Cf.
1652 1439 1732 1461 mox
1755 1439 1804 1471 ep.
1828 1430 1876 1467 11,
1893 1430 1950 1461 2.”
1973 1428 2028 1462 Or.

1167 1480 1281 1512 Potius
1303 1481 1450 1522 putarim
1473 1480 1648 1513 Caesarem
1671 1492 1748 1513 cum
1776 1481 1887 1513 Cinna
1901 1491 2029 1522 compa—

1167 1534 1240 1571 rari,
1265 1534 1516 1576 scripserimque
1545 1533 1590 1565 ad
1612 1534 1785 1566 Cinnanam
1807 1534 1899 1566 illam
1921 1534 2029 1566 crade-

1166 1587 1299 1619 litalem.
1344 1588 1394 1620 Cf.
1430 1588 1592 1629 imprimis
1615 1589 1698 1620 VII.
1721 1588 1749 1627 7,
1773 1588 1801 1622 7.
1846 1588 1938 1620 Illud
1969 1598 2028 1620 ouc-

1166 1644 1257 1675 nibus
1291 1644 1487 1684 exploratam
1515 1647 1571 1682 est,
1602 1644 1631 1675 si
1661 1644 1733 1675 boni
1762 1644 1836 1675 victi
1869 1644 1944 1682 sint,
1974 1653 2030 1675 nec

1166 1697 1199 1727 in
1235 1697 1330 1728 caede
1364 1697 1539 1737 principum
1573 1697 1805 1729 clementiorem
1834 1697 1917 1728 lianc
1950 1697 2029 1738 sore

1165 1761 1253 1791 qaam
1280 1749 1502 1790 Cinnasaerz‘t,
1516 1760 1572 1781 nee
1586 1749 1822 1781 moderatiorem
1835 1761 1926 1792 quam
1937 1749 2030 1782 Sulla

1165 1802 1198 1833 in.
1215 1803 1361 1843 pecuniis
1382 1803 1590 1843 locupletium.
1614 1803 1657 1834 Et
1679 1803 1819 1835 infinitis
1843 1803 1923 1835 locis
1948 1802 2028 1835 Cin-

1166 1867 1227 1889 nae
1251 1857 1427 1889 crudelitas
1449 1868 1468 1889 a
1493 1858 1654 1890 Cicerone
1673 1859 1932 1900 reprehenditur,
1954 1857 2026 1890 Sul-

1166 1912 1217 1944 lae
1239 1913 1345 1953 magis
1367 1912 1561 1944 vehementia
1584 1913 1639 1945 vel
1661 1922 1800 1954 requam.

1211 1969 1254 2000 Ta
1272 1972 1351 2010 puto
1374 1970 1452 2001 haee
1475 1970 1587 2002 credis,
1620 1970 1701 2002 Palo
1723 1971 1907 2003 sententiae
1930 1971 2027 2004 inter-

1166 2024 1276 2055 iicitur
1307 2026 1347 2055 ad
1377 2025 1517 2056 ironiam
1551 2025 1793 2063 declarandam,
1833 2031 1869 2057 ut
1908 2024 2027 2065 opinor,

1166 2075 1297 2114 scilieet,
1321 2077 1395 2108 alia.
1419 2078 1593 2118 Exemplis
1616 2083 1788 2118 poetarum
1810 2078 1900 2108 hunc
1929 2087 2026 2109 usum

1166 2128 1371 2160 illustrarunt
1396 2130 1468 2160 intt.
1492 2131 1532 2160 ad
1556 2130 1638 2161 VII.
1663 2130 1692 2168 7,
1717 2131 1745 2160 1.
1769 2129 1836 2162 Sed
1848 2131 1935 2172 apud
1948 2131 2027 2162 Tul-

1166 2182 1247 2213 lium
1270 2183 1349 2213 alibi
1373 2193 1440 2214 non
1465 2183 1579 2215 inveni
1602 2188 1633 2215 et.
1656 2184 1767 2215 nescio
1786 2185 1952 2225 quomodo
1964 2185 2027 2216 hoc

1166 2236 1239 2267 loco
1263 2236 1371 2276 friget.
1395 2237 1489 2268 Idem
1512 2238 1644 2269 videtur
1658 2238 1819 2270 iudicasse
1831 2239 2027 2277 Lambinus,

1166 2298 1267 2329 quum
1291 2290 1496 2321 emendaret.-
1523 2289 1568 2320 Ta
1591 2291 1669 2322 haec
1693 2291 1823 2322 credis?

1208 2343 1430 2374 Antecesserat
1453 2344 1592 2384 leyiones
1614 2343 1667 2374 XI
1687 2345 1789 2385 (Kal.)
1812 2345 1956 2377 Daceria.
1986 2347 2026 2378 In

1166 2395 1321 2426 omnibus
1343 2397 1438 2427 codd.
1463 2397 1550 2428 notis
1577 2403 1650 2439 post
1683 2398 1822 2439 leyiones
1853 2399 2027 2430 inventum

1165 2455 1215 2479 est
1237 2448 1306 2486 XI,
1331 2459 1414 2490 quae
1438 2455 1516 2481 nota
1538 2452 1718 2483 numeralis
1741 2452 1783 2483 ad
1797 2451 1936 2494 leqiones
1955 2462 2026 2494 per-

1165 2501 1270 2533 tinere
1293 2513 1396 2543 quum
1418 2514 1485 2534 non
1509 2504 1620 2545 possit,
1645 2504 1790 2537 Orellius
1815 2506 1947 2547 egregie
1974 2516 2026 2538 su-

1165 2556 1306 2596 spicatus
1330 2564 1378 2588 est
1394 2558 1580 2590 addendum
1596 2569 1665 2591 esse
1683 2562 1839 2601 temporis
1855 2561 2026 2594 indicium.

1004 2674 1069 2727 (A.
1112 2675 1156 2717 [J.
1197 2678 1238 2717 e.
1283 2677 1402 2732 705.)

323 2799 540 2856 Dionysius
574 2814 698 2855 quum
732 2799 781 2841 ad
814 2815 876 2842 me
910 2806 1064 2856 praeter
1097 2801 1327 2857 opinionem
1361 2817 1490 2844 meam
1523 2804 1710 2855 venisset,
1743 2804 1902 2846 locutus
1935 2819 2023 2846 sum

261 2889 352 2916 cum
397 2889 443 2915 eo
485 2872 776 2922 liberalissime,
819 2878 998 2930 tempora
1042 2876 1221 2930 exposui,
1268 2876 1403 2930 rogavi
1452 2882 1498 2917 ut
1547 2877 1697 2919 diceret
1730 2877 1827 2932 quid
1860 2876 2025 2919 haberet

303 3073 485 3115 Dionysias.
508 3072 559 3105 Cf.
580 3073 614 3104 h.
637 3072 659 3103 l.
683 3080 731 3113 ep.
755 3072 775 3102 4
798 3077 830 3103 et
854 3072 882 3109 5,
905 3071 933 3102 1.

1166 3075 1257 3108 vavit
1277 3076 1436 3109 Ernestus
1457 3078 1572 3110 habere
1593 3078 1627 3110 in
1649 3079 1750 3110 nanas
1771 3079 1836 3110 dici
1858 3079 1900 3111 de
1929 3088 2024 3120 pecu-

308 3126 397 3166 Quoa'
417 3126 452 3157 in
487 3125 588 3157 numis
619 3124 757 3156 haberet.
786 3122 952 3155 Lambino
981 3123 1121 3165 aliisque
1166 3128 1223 3159 nia
1243 3139 1310 3160 non
1333 3130 1441 3161 solum
1462 3141 1548 3172 quae
1570 3132 1604 3163 in
1627 3141 1702 3163 arca
1723 3132 1775 3169 sit,
1798 3141 1913 3164 verum
1925 3131 2023 3163 etiam

238 3180 241 3182 ’
264 3179 370 3219 placet
391 3180 476 3222 quod
495 3179 527 3212 ire
551 3178 723 3213 nominibus
752 3177 889 3211 liaberet.
923 3177 989 3212 Sed
1015 3178 1121 3211 obser-

1167 3190 1250 3223 quae
1280 3181 1384 3214 fenori
1415 3183 1488 3215 data
1519 3184 1560 3214 sit
1600 3188 1630 3216 et
1662 3189 1845 3225 opponatur
1872 3183 2022 3225 praediis,
