2062 3565
219 166 268 204 76
643 165 724 205 ΕΡ.
763 163 835 203 AD
867 162 913 202 T.
948 158 1297 201 POMPONIUM
1330 157 1594 199 ATTICUM.

1081 330 1130 369 Α.

758 407 958 445 BALBUS
989 407 1237 447 CICERONI
1269 410 1377 449 ΙΜΡ.
1407 411 1443 448 S.

287 491 325 530 1.
370 489 514 529 Caesar
550 485 666 527 nobis
711 484 846 526 literas
879 483 1090 539 perbreves
1123 487 1246 537 misit,
1282 502 1451 542 quarum
1487 488 1713 542 exemplum
1749 486 1983 541 subscripsi.

222 563 424 604 Brevitate
462 559 653 616 epistolae
697 559 797 599 scire
844 559 992 614 poteris
1026 574 1116 600 eum
1150 559 1264 601 valde
1299 575 1383 602 esse
1417 561 1653 611 distentum,
1689 561 1758 616 qui
1790 563 1904 601 tanta
1937 558 1986 600 de

223 651 263 677 re
305 640 387 676 tam
431 633 603 676 breviter
652 632 869 688 scripserit.
920 633 962 674 Si
1012 634 1110 688 quid
1157 638 1359 690 praeterea
1405 635 1497 676 novi
1550 634 1684 685 fuerit,
1730 633 1866 674 statim
1911 630 1985 673 tibi

190 715 202 739 5
223 708 408 750 scribam.

2060 677 2062 698 l

2060 728 2062 767 l

703 821 718 840 η
735 801 931 838 CAESAR
959 800 1124 847 OPPIO,
1155 804 1415 843 CORNELIO
1447 806 1510 852 S.’'

294 884 378 933 HA.
430 882 470 922 d.
515 894 594 921 vn.
642 879 704 921 Id.
755 879 879 920 Mart.
925 880 1186 923 Brundisium
1234 883 1348 933 veni3
1397 882 1445 923 ad
1491 897 1648 923 murum
1696 887 1825 923 castra
1859 881 1988 937 posui.

228 955 442 1011 Pompeius
489 958 549 995 est
592 952 813 994 Brundisii.
860 952 978 994 Misit
1017 953 1066 994 ad
1113 970 1174 996 me
1224 955 1279 996 N.
1315 955 1498 1011 Magium
1531 954 1579 996 de
1615 969 1723 1010 pace.
1758 953 1872 1006 Quae
1906 953 1990 995 visa

225 1033 334 1079 sunt,
384 1027 585 1083 respondi.
641 1027 731 1067 Hoc
781 1041 851 1067 vos
892 1027 1027 1068 statim
1073 1029 1172 1069 scire
1217 1029 1339 1070 volui.
1374 1029 1510 1081 Quum
1543 1029 1585 1070 in
1620 1043 1729 1084 spem
1764 1035 1922 1068 venero‘
1941 1026 1990 1068 de

174 1118 206 1144 ιο
226 1101 513 1157 compositione
550 1098 718 1155 [aliquid
755 1114 816 1140 me
850 1099 1078 1156 conficere],
1114 1102 1251 1143 statim
1277 1117 1347 1143 vos
1381 1102 1568 1143 certiores
1601 1099 1792 1142 faciam.’'

290 1178 331 1216 2.
365 1172 577 1226 Quomodo
618 1187 679 1213 me
723 1187 832 1213 nunc
866 1177 995 1228 putas,
1032 1175 1083 1215 mi
1119 1174 1272 1226 Cicero,
1306 1177 1498 1231 torqueri,
1534 1181 1746 1232 postquam
1778 1189 1916 1216 rursus
1949 1175 1991 1216 in

226 1263 335 1305 spem
384 1247 490 1303 pacis
530 1247 635 1295 veni,
676 1260 726 1287 ne
779 1261 857 1300 qua
897 1261 959 1287 res
998 1262 1133 1289 eorum
1168 1250 1496 1304 compositionem
1530 1249 1755 1305 impediat?
1790 1249 1991 1303 Namque,

227 1320 333 1376 quod
366 1319 508 1362 absens
542 1320 669 1362 facere
704 1335 879 1375 possum,
913 1326 1021 1376 opto,
1055 1321 1208 1373 Quodsi
1245 1337 1324 1364 uua
1361 1338 1501 1374 essem,
1536 1322 1686 1378 aliquid
1721 1321 1886 1363 fortasse
1905 1336 1992 1377 pro—

227 1394 341 1434 ficere
375 1408 529 1449 possem
565 1392 704 1433 videri.
740 1393 861 1434 Nunc
895 1395 1191 1448 exspectatione
1225 1396 1394 1437 crucior.

271 1556 310 1588 10
332 1556 456 1598 aliquid
477 1567 522 1588 me
544 1557 695 1597 conficere
716 1557 789 1588 sine
811 1557 952 1588 uncinis.

269 1714 288 1753 ξ
312 1713 340 1744 1.
363 1713 529 1744 Brevitate
551 1713 703 1754 epistolae
725 1713 805 1744 scire
818 1714 947 1755 poteri&
974 1714 1088 1747 Cicero
1112 1723 1113 1728 ¹
1136 1731 1181 1750 me
1204 1719 1384 1759 conjicere}
1407 1719 1550 1759 Egregie
1577 1718 1716 1749 Ursinus
1735 1717 1903 1748 intellexit
1919 1715 1997 1748 Cae-

228 1768 409 1809 seripsisset
432 1778 471 1799 etr
493 1768 646 1799 brevilate
661 1773 733 1805 cet„
747 1770 898 1810 quamvis
915 1771 999 1811 apud
1012 1780 1089 1802 eum
1136 1783 1242 1805 sarem
1267 1773 1299 1804 in
1324 1778 1415 1804 tanta
1441 1773 1600 1804 brevitate
1623 1771 1782 1813 epistolae
1803 1780 1870 1801 non
1901 1779 1997 1801 usum

227 1832 357 1864 quoque
379 1822 504 1854 similes
526 1823 624 1854 ablat.
647 1824 861 1864 reperiantur,
884 1825 969 1856 utin
993 1826 1090 1858 Brut.
1137 1837 1206 1859 esse
1239 1825 1349 1858 verbis
1378 1825 1517 1857 minime
1548 1824 1749 1857 necessariis.
1782 1823 1997 1854 Manifestum

227 1876 276 1906 26.
308 1875 425 1906 Fannii
447 1875 480 1906 ιἰι
502 1875 634 1907 diceudo
648 1876 799 1916 facultas
828 1877 964 1909 historia
992 1878 1091 1919 ipsius
1138 1880 1301 1920 glossema
1323 1879 1453 1910 uncinis
1477 1879 1630 1916 indicavi,
1654 1878 1715 1909 etsi
1745 1876 1888 1908 sciebam
1911 1875 1995 1906 IIos-

228 1939 289 1959 noa
309 1928 506 1969 ineleyanter
526 1928 645 1968 scripta
666 1929 803 1969 perspici
823 1932 935 1969 polest.
971 1930 1011 1962 cf.
1036 1931 1089 1963 El·
1137 1920 1294 1964 mannum
1329 1932 1425 1963 aliter
1455 1933 1496 1963 (le
1527 1931 1580 1962 his
1617 1930 1725 1962 verbis
1761 1928 1894 1961 sentire.
1931 1927 1999 1959 vid.

227 1982 373 2013 lendtius
396 1982 437 2012 ad
459 1980 547 2013 Orat.
573 1982 601 2012 I.
625 1983 673 2013 12.
1137 1986 1231 2027 epist,
1254 1985 1312 2017 sel.
1336 1985 1363 2016 I.
1388 1995 1418 2025 p.
1444 1984 1514 2015 184.

270 2035 360 2067 Misit
382 2035 427 2067 ad
447 2046 493 2066 me
508 2036 549 2067 N.
565 2036 705 2077 Mayium
719 2037 758 2069 de
762 2048 853 2079 pace.
877 2040 1088 2072 Contrarium
1179 2040 1197 2080 ξ
1220 2039 1250 2069 2.
1276 2038 1396 2069 Possem
1429 2037 1548 2068 vider-is
1580 2036 1694 2067 Nimia
1724 2040 1810 2067 esset
1839 2034 1999 2066 modestia

228 2095 338 2122 narrat
360 2089 480 2122 Caesar
501 2090 535 2121 in
558 2100 676 2122 conun.
700 2093 740 2123 de
763 2093 803 2124 Β.
820 2092 856 2124 C.
873 2094 900 2125 I.
914 2094 962 2131 26,
987 2104 1089 2135 quum
1135 2093 1243 2130 Balbi,
1266 2092 1293 2123 si
1317 2092 1440 2123 diceret
1476 2100 1510 2122 se
1540 2094 1745 2131 praesentem
1772 2087 1874 2120 videri
1903 2096 1998 2129 posse

229 2144 331 2175 vellet
353 2143 458 2175 videri
479 2144 569 2184 pacis
591 2143 692 2176 fuisse
721 2146 994 2178 studiosissimus.
1037 2148 1088 2189 Ip-
1134 2146 1258 2187 aliquid
1279 2156 1311 2176 o:
1338 2155 1404 2176 non
1422 2145 1565 2176 multum
1581 2144 1748 2185 proficere.
1771 2141 1911 2183 Scripsit
1925 2141 1998 2172 vel:

230 2197 297 2228 sius
318 2197 382 2227 hoc
404 2197 632 2228 testimonium
656 2197 690 2228 in
713 2198 850 2238 privatis
879 2199 984 2231 literis
1013 2210 1088 2232 con·
1134 2198 1257 2239 aliquid
1268 2198 1414 2239 fortasse
1433 2197 1585 2237 preficere
1601 2206 1732 2236 possem,
1755 2194 1809 2226 vel
1826 2194 1913 2236 quod
1931 2203 1997 2224 ma-

229 2250 397 2289 signatum
421 2248 595 2281 Caesa-rem
618 2250 780 2281 mendacii
803 2251 913 2291 arguit
935 2252 969 2283 in
1003 2262 1088 2283 com·
1135 2252 1185 2291 gis
1215 2256 1306 2292 puto3
1344 2250 1469 2292 aliquid
1489 2249 1524 2290 JI
1552 2260 1586 2290 p.
1612 2257 1703 2289 posse
1731 2247 1771 2278 mi
1801 2246 1919 2278 videor.
1955 2246 1996 2277 cf.

231 2301 400 2333 mantariis
423 2301 600 2332 commissi.
935 2323 940 2327 -
1135 2304 1245 2335 Madv.
1269 2304 1309 2334 ad
1332 2303 1406 2334 Fin.
1434 2313 1464 2343 p.
1488 2303 1537 2333 25.

276 2355 373 2395 Quum
391 2355 424 2386 in
439 2365 520 2396 spem
533 2366 645 2387 venero
660 2356 699 2387 tle
713 2357 931 2397 composz'lione
947 2358 1088 2400 [aliquid

834 2477 952 2517 XIV.
1018 2478 1078 2530 (A.
1120 2478 1161 2519 U.
1198 2477 1238 2520 c.
1278 2478 1390 2531 705.)

296 2592 335 2630 1.
380 2589 570 2630 Miseram
612 2589 661 2629 ad
708 2595 746 2631 te
790 2604 909 2632 v1111.
952 2592 1044 2633 Kal.
1088 2594 1314 2649 exemplum
1355 2592 1545 2647 epistolae
1589 2589 1704 2631 Balbi
1751 2589 1801 2630 ad
1846 2603 1908 2628 me
1951 2593 1992 2629 et

231 2663 411 2704 Caesaris
445 2660 494 2702 ad
528 2676 618 2702 eum
642 2663 667 2703 †
700 2668 740 2704 et
772 2678 794 2703 a
826 2668 865 2705 te
886 2663 941 2704 ibi
967 2665 1106 2706 eodem
1130 2666 1195 2707 die
1218 2666 1356 2721 Capua
1379 2665 1512 2705 literas
1538 2664 1672 2718 accepi
1697 2661 1747 2703 ab
1775 2661 1827 2713 Q.
1854 2659 1995 2710 Pedio,

232 2736 438 2777 Caesarem
484 2733 532 2775 ad
582 2749 621 2774 se
669 2735 802 2790 pridie
840 2735 902 2777 Id.
948 2737 1070 2778 Mart.
1110 2739 1263 2779 misisse
1307 2737 1383 2778 hoc
1428 2736 1628 2792 exemplo:
1671 2762 1690 2786 ss
1706 2733 1922 2789 Pompeius
1955 2747 1996 2773 se

196 2831 210 2854 5
232 2807 378 2864 oppido
411 2811 535 2848 tenet.
578 2806 665 2847 Nos
698 2807 747 2848 ad
783 2812 915 2864 portas
950 2814 1078 2851 castra
1112 2810 1320 2852 habemus.
1362 2810 1563 2850 Conamur
1596 2823 1696 2862 opus
1729 2820 1921 2860 magnum
1954 2809 1995 2846 et

232 2882 447 2923 multorum
493 2878 646 2919 dierum
691 2886 850 2936 propter
890 2883 1142 2924 altitudinem
1185 2884 1318 2925 maris.
1362 2882 1439 2924 Sed
1472 2887 1608 2922 tamen
1642 2880 1746 2921 nihil
1778 2883 1852 2929 est,
1887 2878 1994 2932 quod

275 3057 293 3097 ξ
317 3057 333 3087 I
365 3057 382 3087 4
404 3054 444 3085 Et
466 3066 485 3086 a
508 3057 539 3085 te
560 3054 602 3085 ibi
624 3061 683 3086 cet.
711 3055 822 3093 Quum
842 3057 886 3087 ita
901 3057 982 3088 olim
993 3058 1090 3098 scrip-
1137 3058 1209 3089 bito.
1232 3058 1271 3089 cf.
1296 3058 1392 3089 VIII.
1419 3059 1447 3094 8,
1471 3058 1501 3088 2.
1536 3056 1654 3088 Orellii
1683 3055 1768 3086 coni.
1801 3053 1846 3084 ad
1876 3063 1941 3084 eum
1966 3055 1995 3082 el

235 3115 304 3140 tuni
329 3113 413 3140 esset
435 3108 468 3138 in
492 3107 562 3138 cod.
586 3107 686 3144 Med„
712 3108 830 3149 aliquis
852 3109 997 3140 correxit
1021 3119 1091 3140 ecee
1138 3112 1183 3144 ad
1205 3112 1347 3153 Oppiam·
1371 3112 1475 3143 eodem
1499 3111 1549 3142 die
1566 3116 1625 3142 cet,
1641 3107 1994 3149 minimeprobabilem

191 3177 193 3179 ·
236 3165 300 3196 fibi,
324 3166 400 3196 Non
423 3164 519 3195 male.
542 3164 659 3195 Malim
683 3170 809 3195 tamen:
840 3176 928 3205 quum
952 3176 1021 3195 ecce
1044 3177 1091 3194 su-
1114 3177 1117 3194 l
1140 3178 1156 3196 a
1180 3167 1315 3198 Klotzio
1338 3173 1500 3206 receptam
1525 3175 1593 3196 esse
1617 3166 1727 3196 miror.
