2062 3565
126 982 159 1008 10

126 1349 155 1374 15

182 174 236 212 35
588 172 670 213 ΕΡ.
705 172 781 212 AD
815 171 861 212 T.
896 170 1246 212 POMPONIUM
1283 169 1551 211 A'H‘ICUM.

181 306 316 348 triduo
350 308 523 348 sciturus
556 307 610 348 sis
621 306 668 348 ?'’
702 305 818 347 Nihil
851 304 1050 360 equidem,
1085 303 1169 354 sed,
1203 309 1251 344 111
1283 318 1403 359 supra
1437 303 1535 354 dixi,
1579 310 1713 346 tecum
1757 304 1954 360 perliben-

181 384 242 421 161·
288 380 428 435 loquor
466 384 506 420 613
551 378 669 420 51111111
713 379 812 419 scito
852 377 987 419 labare
1033 391 1167 417 meum
1200 376 1415 417 consilium
1449 376 1566 428 illud,
1601 377 1709 432 quod
1742 378 1842 419 satis
1874 378 1954 419 iam

182 454 305 494 fixum
354 451 578 494 videbatur.
627 451 722 492 Non
769 450 869 492 mihi
917 451 1013 491 satis
1046 448 1180 490 idonei
1217 453 1312 490 511111
1345 454 1527 491 auctores
1560 450 1602 501 ii,
1637 451 1705 505 qui
1738 465 1761 492 a
1792 455 1833 492 16
1867 465 1955 506 pro-

182 524 343 567 bantur.
393 525 512 578 Quod
560 525 663 566 enim
710 539 888 578 unquam
938 538 1076 564 eorum
1107 524 1150 564 111
1183 538 1224 564 16
1258 523 1420 579 publica
1454 523 1555 565 forte
1588 524 1741 567 factum
1774 526 1954 568 exstitit?

166 603 254 641 taut
298 600 387 654 quis
431 598 480 640 ab
523 599 572 640 iis
604 598 725 639 ullam
762 612 844 638 rem
877 596 995 638 laude
1029 597 1193 652 dignam
1226 597 1455 639 desiderat?
1489 599 1577 640 Nec
1610 599 1836 641 mehercule
1868 599 1954 642 lau-

183 671 334 713 dandos
382 672 580 721 existimo,
631 671 699 725 qui
744 675 855 711 trans
898 685 1006 711 mare
1054 670 1147 712 belli
1200 671 1365 726 parandi
1410 686 1530 714 causa
1564 672 1731 728 profecti
1765 678 1861 715 511111
1894 698 1952 704 ——

182 759 421 800 quamquam
454 744 551 786 haec
584 744 747 785 ferenda
778 759 859 785 non
893 749 1006 786 erant
1041 769 1097 773 —
1109 763 1119 795 3
1154 743 1270 785 video
1303 746 1423 796 enim,
1458 750 1656 800 quantum
1680 745 1829 788 bellum
1852 746 1954 789 illud

181 824 221 859 61
259 833 376 873 quam
426 817 655 873 pestiferum
699 817 883 859 futurum
926 819 999 868 sit3
1034 817 1103 859 sed
1137 832 1199 859 me
1234 822 1367 859 movet
1399 833 1506 859 unus
1540 819 1613 869 vir,
1649 820 1765 861 cuius
1798 820 1954 875 fugien-

1849 919 1868 944 rt
1880 892 1955 933 ΤΟ·

179 966 305 1006 1165116
353 965 478 1019 igitur
521 965 760 1005 sententiam
802 968 935 1005 mutas
947 963 995 1005 ?”
1041 965 1128 1019 Ego
1172 969 1307 1005 tecum
1355 969 1547 1019 tanquam
1590 980 1747 1007 mecum
1796 965 1952 1020 loquor.

180 892 231 932 t-is
279 905 423 940 comes,
472 905 554 932 reni
606 890 807 946 publicam
851 892 1124 947 recuperantis
1167 891 1298 932 socius
1332 891 1468 932 videor
1502 906 1585 932 esse
1622 890 1786 934 debere.

180 1037 282 1089 Quis
326 1043 458 1078 autem
498 1033 578 1088 est,
624 1043 737 1080 tanta
785 1037 947 1093 quidem
994 1038 1042 1079 de
1088 1054 1141 1089 re,
1187 1039 1285 1093 quin
1319 1039 1426 1079 varie
1461 1053 1595 1079 secum
1628 1040 1713 1094 ipse
1746 1038 1954 1094 disputet?

180 1111 307 1152 Simul
355 1118 394 1152 613
442 1111 582 1153 elicere
631 1113 749 1167 cupio
795 1112 1036 1153 sententiam
1085 1116 1211 1162 tuam,
1258 1112 1289 1152 51
1337 1117 1484 1162 manet,
1535 1116 1583 1152 111
1615 1111 1764 1152 firmior
1797 1111 1887 1161 sim,
1921 1112 1954 1153 51

179 1189 334 1226 mutata
377 1190 451 1236 est,
495 1190 542 1226 111
573 1184 649 1227 tibi
685 1185 892 1226 assentiar.
929 1187 970 1226 3.
1006 1185 1184 1227 Omnino
1218 1184 1267 1226 ad
1300 1184 1357 1234 id,
1393 1184 1442 1226 de
1475 1199 1555 1240 quo
1588 1183 1746 1235 dubito,
1782 1184 1956 1239 pertinet

179 1272 241 1299 me
282 1259 380 1299 scire
424 1258 522 1314 quid
567 1259 771 1300 Domitius
816 1263 979 1300 acturus
1012 1259 1077 1309 sit,
1112 1258 1210 1314 quid
1246 1263 1380 1299 noster
1414 1257 1626 1299 Lentulus.
1679 1257 1739 1298 De
1773 1257 1954 1299 Domitio

179 1331 287 1372 varia
329 1331 527 1382 audimus,
576 1331 695 1372 inodo
739 1346 822 1372 esse
866 1332 908 1372 in
951 1330 1110 1372 Tiburti
1144 1331 1244 1372 haut
1289 1330 1435 1386 lepide,
1465 1331 1489 1372 †
1524 1329 1631 1385 quod
1666 1345 1758 1371 cum
1790 1329 1957 1386 Lepidis

179 1404 390 1445 accessisse
434 1404 484 1446 ad
530 1404 691 1455 urbem;
737 1404 843 1459 quod
888 1406 984 1446 item
1029 1405 1172 1446 falsum
1222 1404 1337 1446 video
1381 1419 1479 1446 csse.
1532 1405 1601 1445 Ait
1634 1405 1741 1445 enim
1775 1403 1957 1460 Lepidus

182 1492 272 1519 eum
322 1478 457 1519 nescio
510 1494 590 1534 quo
638 1483 865 1534 penetrasse
894 1479 1074 1530 itineris3
1109 1477 1336 1520 occultandi
1371 1478 1433 1518 sui
1467 1492 1599 1528 causa,
1635 1492 1684 1518 an
1720 1477 1840 1518 maris
1873 1477 1956 1532 api-

180 1551 331 1602 scendi,
375 1567 424 1594 ne
457 1553 491 1593 is
524 1552 687 1607 quidem
721 1553 811 1593 5611.
862 1552 1029 1608 Ignorat
1061 1553 1181 1593 etiam
1216 1553 1265 1593 (16
1299 1551 1394 1592 filio.
1430 1550 1560 1592 Addit
1592 1550 1708 1602 illud,
1743 1563 1837 1592 sane
1872 1566 1954 1592 mo-

221 1691 239 1725 7
261 1694 410 1734 qnantum
431 1691 468 1723 id
487 1692 599 1724 bellum
621 1695 638 1732 †
660 1693 743 1725 illud
763 1713 805 1717 ——
829 1695 868 1726 13
891 1697 1013 1726 mutata
1036 1697 1093 1733 est,
1117 1694 1173 1726 tibi
1196 1695 1357 1726 assentiar
1381 1693 1523 1733 (Addidi
1545 1695 1578 1723 ut
1601 1702 1677 1724 611111
1699 1703 1782 1725 corr.
1794 1694 1900 1736 Med.)
1915 1712 1955 1717 —

181 1746 218 1776 15
243 1755 308 1776 cum
332 1744 466 1786 Lepidus
489 1744 534 1777 ad
552 1745 656 1777 urbem
677 1746 848 1778 accessisse
870 1765 911 1770 --
934 1747 972 1780 17
997 1746 1164 1778 itineribus
1186 1766 1228 1770 —
1249 1746 1440 1788 apiscendi?
1463 1756 1501 1777 ne
1524 1745 1559 1776 id
1579 1744 1701 1786 quidem
1726 1764 1766 1769 —

182 1882 268 1922 sing.
291 1883 331 1913 ad
369 1881 436 1913 Cic.
471 1881 534 1915 Off.
569 1883 637 1914 ΙΙΙ.
675 1883 723 1919 11,
759 1868 969 1914 10.1nut‘ilis
1000 1889 1048 1914 est

183 1936 371 1967 coniectura
395 1935 430 1968 C.
454 1936 591 1967 Mulleri
611 1947 701 1977 quam
724 1936 899 1977 Pompeius,

225 1990 244 2030 ξ
267 1991 287 2020 2
324 1990 476 2021 Auctores
498 1990 531 2027 ii,
551 1990 604 2031 qui
625 2001 644 2020 a.
669 1991 891 2031 {eyn-obambit
917 1991 965 2022 M.
986 1992 1047 2023 Le-

184 2044 279 2085 pidus
310 2049 342 2075 et
371 2044 410 2074 L.
442 2044 627 2075 Volcatius.
653 2044 730 2075 Vid.
754 2045 853 2076 verba
876 2054 919 2076 ex
943 2045 1048 2077 literis

184 2097 291 2128 Attici
314 2107 342 2127 a.
364 2098 395 2128 d.
420 2096 494 2127 IIX
516 2097 593 2127 Kal.
625 2097 724 2128 Mart.
747 2098 832 2128 datis
854 2098 918 2129 IX.
942 2098 992 2136 10,
1016 2098 1046 2131 7.
1072 2108 1075 2156 Ι

187 2156 218 2182 et
241 2150 282 2181 cf.
306 2150 386 2180 vn.
410 2151 439 2187 3,
460 2151 490 2181 3.
514 2150 615 2181 VIII.
640 2151 667 2187 1,
691 2152 720 2181 3.
1073 2158 1075 2162 >

231 2204 391 2241 Quantum
421 2203 532 2234 bellum
561 2203 656 2234 illud.
690 2204 804 2243 Vulgo
833 2206 980 2244 quantum
1016 2204 1051 2235 id

185 2257 308 2294 bellum,
330 2256 457 2287 abiecto
480 2255 571 2293 illud,
594 2257 683 2297 quod
704 2262 814 2287 tamen
838 2266 856 2287 e
877 2256 967 2287 Med.
992 2262 1048 2293 est,

187 2310 227 2340 de
259 2319 324 2350 quo
351 2309 423 2340 solo
451 2313 589 2339 constat.
629 2308 743 2346 Quum
776 2308 916 2339 alterum
938 2314 1049 2339 utrum

188 2371 369 2403 pronomen
392 2361 495 2392 deleri
518 2361 646 2398 debeat,
671 2359 707 2390 id
727 2360 845 2397 delevi,
869 2371 970 2401 quum
987 2362 1050 2393 bel-

189 2418 259 2448 lum
288 2416 545 2448 transmarinum
578 2415 699 2446 rectius
734 2415 846 2446 bellam
881 2415 964 2446 illud
985 2417 1050 2447 dici
1074 2415 1076 2434 ³

189 2471 348 2501 videatur.
379 2468 498 2501 Orellii
531 2468 672 2508 suspicio
704 2479 733 2508 q.
766 2467 801 2497 id
833 2467 946 2498 bellum
970 2468 1049 2499 illim

189 2522 272 2554 mihi
294 2532 361 2552 non
384 2522 501 2562 placet.
529 2520 595 2552 Sed
618 2525 745 2561 poterat
767 2520 882 2551 scribi:
901 2523 1047 2561 quantum

189 2576 232 2606 ³272
254 2575 280 2606 b.
302 2574 387 2605 illud
406 2576 436 2605 et
457 2586 484 2615 q.
501 2585 534 2614 p.
550 2575 712 2612 futurum.

233 2630 251 2669 ξ
274 2630 304 2660 3.
335 2628 429 2660 JIodo
460 2637 525 2658 esse
553 2627 585 2658 in
620 2626 741 2657 Tibur&
763 2627 840 2657 liant
863 2626 965 2667 lepide
987 2633 1047 2659 cet.
1073 2642 1075 2659 2

190 2683 344 2715 Diversas
386 2682 546 2713 librorum
581 2682 757 2722 scripturas
793 2687 825 2712 et
860 2681 1049 2712 criticorum
1074 2702 1075 2708 .

190 2737 392 2778 suspiciones
424 2737 465 2767 de
494 2736 544 2766 his
577 2735 684 2766 verbis
706 2734 850 2767 Orellius
872 2736 1048 2767 recensuit.
1073 2763 1075 2782 s

190 2789 294 2821 Nulla
315 2788 398 2819 mihi
419 2788 517 2829 plane
539 2786 705 2818 satisfacit.
729 2787 794 2817 Illa
816 2786 904 2818 modo
927 2798 994 2818 esse
1015 2788 1050 2819 in
1073 2790 1074 2793 ’

192 2844 311 2876 Tiburti
340 2844 526 2875 desiderant
556 2843 742 2883 oppositum
772 2841 861 2872 modo
883 2842 928 2873 ad
946 2843 1050 2874 urbem
1073 2860 1075 2911 1

191 2897 377 2933 accessisse5
401 2897 458 2928 sed
481 2906 549 2927 nou
572 2896 702 2933 definio,
726 2901 840 2926 utrum
860 2897 960 2927 verba
983 2907 1048 2927 cum
1073 2915 1075 2944 1

194 2951 319 2991 Lepidis
352 2951 394 2981 ad
422 2950 513 2990 prius
543 2959 583 2980 an
618 2949 659 2979 ad
681 2949 842 2989 posterius
865 2950 1050 2980 membrum
1074 2946 1075 2986 3

193 3003 306 3036 referri
326 3004 478 3035 debeant.
501 3002 537 3033 Si
551 3002 636 3032 illud
649 3011 773 3038 verum,
790 3002 947 3032 scribam:
963 3002 1050 3033 modo
1074 2992 1075 2999 ¹

192 3068 260 3089 esse
281 3059 314 3088 in
341 3057 462 3087 Tiburti
491 3057 569 3086 ιἰιιιιί
592 3055 704 3096 lepide,
731 3055 814 3096 quod
835 3064 899 3085 cum
925 3055 1050 3096 Lepidis
1074 3046 1075 3050 Ἰ

195 3114 259 3150 (sit,
284 3112 397 3153 inodo)
419 3111 588 3142 accessisse
611 3109 655 3140 ad
683 3110 800 3146 urbem;
825 3110 875 3139 siu
900 3110 961 3140 hoc
985 3120 1049 3141 ma-

196 3165 244 3205 gis
267 3165 381 3207 placet,
405 3169 552 3196 extrema
574 3163 618 3194 sic
632 3162 853 3201 corrigantur:
878 3162 965 3193 modo
985 3172 1049 3194 cam

1097 1881 1222 1922 Lepidis
1245 1881 1415 1911 accessisse
1437 1880 1481 1911 acl
1505 1879 1615 1910 urbem.
1634 1880 1674 1910 In
1690 1888 1779 1920 seqq.
1792 1879 1866 1910 item
1881 1880 1956 1920 plus

1097 1947 1198 1978 quam
1220 1937 1408 1977 suspectum
1431 1940 1489 1967 est.
1523 1935 1737 1966 Desideratur
1757 1934 1881 1977 quidem
1903 1935 1957 1966 vel

1097 1992 1211 2020 lamen.
1245 1988 1361 2029 Lepide
1393 1998 1461 2019 esse
1493 1988 1625 2025 alicubi,
1657 1987 1777 2019 dicitur
1804 1992 1841 2018 ut
1873 1987 1958 2025 bene,

1097 2042 1259 2080 commode,
1275 2043 1388 2082 pulcre
1410 2050 1490 2078 esse,
1515 2041 1607 2072 velut
1634 2040 1669 2071 in
1698 2040 1813 2071 Plauti
1835 2039 1957 2072 Bacch.

1097 2097 1122 2127 1.
1148 2097 1176 2134 1,
1200 2098 1249 2127 50.

1139 2148 1326 2179 Eumnescio
1340 2158 1398 2189 quo
1405 2149 1590 2188 penetrasse
1607 2146 1744 2177 itineris.
1769 2146 1826 2177 Ad
1837 2145 1958 2177 itineri-

1073 2182 1076 2200 *
1097 2203 1152 2233 bus
1174 2203 1207 2233 in
1221 2203 1305 2233 codd
1328 2202 1512 2233 Lambinus
1534 2201 1734 2233 adiectivum
1751 2200 1956 2241 requirebat,

1074 2274 1076 2296 t
1097 2257 1154 2288 sed
1177 2265 1194 2287 e
1217 2256 1344 2286 duobus
1367 2255 1408 2286 ab
1432 2255 1491 2286 illo
1524 2255 1608 2285 datis
1630 2254 1762 2285 occultis
1783 2254 1837 2285 vel
1859 2253 1959 2285 deviis

1098 2314 1254 2341 neutrum
1277 2309 1393 2349 placet,
1417 2309 1576 2349 quoniam
1609 2308 1758 2348 sequitur
1779 2307 1961 2339 occultandi

1098 2363 1147 2393 sui
1171 2372 1284 2397 causa;
1309 2362 1419 2402 aptius
1443 2366 1527 2393 esset
1550 2361 1680 2401 maqnis,
1702 2371 1769 2402 quo
1791 2360 1892 2401 fugae
1913 2370 1963 2392 ce-

1099 2417 1210 2448 leritas
1231 2417 1460 2448 declararetur.
1486 2416 1534 2448 Cf.
1560 2416 1703 2447 Plancus
1726 2417 1760 2448 in
1783 2417 1844 2458 Ep.
1863 2416 1956 2448 Fam.

1098 2470 1142 2501 X.
1167 2471 1195 2508 9,
1220 2472 1238 2501 3
1261 2477 1293 2501 et
1324 2471 1372 2508 15,
1397 2472 1425 2501 3.
1458 2471 1534 2501 Non
1565 2470 1694 2501 videtur
1717 2470 1868 2501 Muretus
1891 2480 1959 2501 cor—

1074 2544 1075 2550 .
1098 2523 1235 2563 rigendo
1267 2523 1394 2554 itineris
1427 2523 1609 2554 occultandi
1637 2522 1687 2553 sui
1721 2532 1818 2553 causa
1846 2532 1959 2554 veram

1098 2577 1203 2608 Tullii
1226 2587 1363 2608 inanum
1386 2577 1567 2609 reduxisse.
1592 2577 1715 2609 Melius
1739 2577 1958 2618 suppeditavit

1098 2629 1347 2670 Peerlkampius
1371 2630 1475 2660 nescio
1497 2640 1554 2671 quo
1570 2640 1604 2670 p.
1616 2629 1752 2668 itineris,
1765 2639 1958 2671 comparans

1097 2684 1305 2714 Ennianum:
1329 2694 1387 2725 quo
1409 2694 1442 2714 se
1452 2685 1578 2725 flexere
1600 2684 1675 2715 viai.
1696 2685 1737 2716 Id
1758 2684 1876 2724 recepi.

1138 2739 1189 2769 An
1212 2738 1308 2768 maris
1330 2738 1502 2778 apiscendi.
1524 2739 1657 2776 Dubito,
1681 2748 1723 2769 an
1746 2739 1884 2779 scriptor
1895 2738 1959 2770 hoc

1097 2802 1163 2822 uno
1197 2791 1269 2822 loco
1299 2791 1460 2832 apiscendi
1488 2793 1589 2824 verbo
1619 2792 1669 2823 uti
1691 2791 1846 2829 noluerit,
1869 2791 1959 2831 quod

1096 2852 1223 2876 veteres
1246 2850 1359 2886 poetae
1381 2846 1510 2886 saepius
1533 2850 1720 2886 posuerunt.
1745 2844 1798 2877 Cf.
1817 2845 1956 2876 Lachm.

1097 2898 1138 2928 ad
1181 2898 1281 2928 Lucr.
1321 2908 1350 2938 p.
1385 2898 1456 2930 312.
1486 2899 1574 2929 Nam
1611 2898 1693 2938 Leg.
1723 2898 1750 2935 I,
1783 2897 1823 2928 52
1858 2897 1957 2928 inter-

1098 2952 1238 2992 polatori
1260 2952 1407 2983 debetur.
1432 2953 1532 2984 Vidd.
1555 2953 1705 2983 Mosei-us
1729 2957 1761 2983 et
1776 2951 1903 2983 Bakius
1917 2952 1958 2982 ad

1097 3014 1125 3036 e.
1155 3005 1177 3036 l.
1213 3005 1381 3036 Incertum
1414 3011 1523 3037 tamen
1554 3010 1611 3043 est,
1646 3011 1758 3037 utrum
1780 3004 1956 3045 scripserit,

1096 3057 1295 3096 adipiscendi
1317 3067 1358 3088 au
1382 3059 1576 3100 assequendi.

1140 3109 1186 3139 Ne
1208 3110 1236 3139 is
1257 3109 1375 3150 quidem
1399 3111 1470 3142 scil.
1493 3111 1626 3152 [φωναί
1648 3111 1742 3141 etiam
1766 3109 1804 3140 de
1813 3109 1899 3150 filio.
1923 3109 1957 3139 Is

1098 3167 1127 3192 et
1151 3161 1245 3192 eliam
1275 3162 1412 3194 debetur
1442 3164 1623 3204 Madvigio,
1654 3163 1795 3195 Emend.
1828 3162 1862 3194 iu
1887 3161 1954 3194 Cic.

2030 0 2062 533 <zm—‹aopm-w-mn-

2036 616 2046 647 ,ιι

2033 738 2062 755 ’ᾖ
2039 718 2057 726 2
2032 665 2051 704 ihs>-

2036 1064 2039 1072 ·
2032 852 2050 967 *av-u...
