2062 3565
431 138 611 180 INDEX
649 137 1075 183 VOCABULORUM
1096 140 1178 204 *ET
1211 141 1640 185 GRAMMATICUS.-

1825 147 1909 184 409

152 272 309 315 Sumptus
339 281 470 303 annuus
494 271 553 302 VI.
575 271 604 310 3,
629 271 664 311 23
696 271 802 304 facere
836 271 870 303 in
899 271 1012 314 aliquo
1060 271 1166 305 Totus
1190 274 1288 306 venio
1311 276 1351 306 ad
1375 280 1407 307 te
1429 275 1507 306 XII.
1530 275 1582 307 48.

339 334 401 355 non
430 326 515 355 recte
544 323 661 355 dicitur
684 324 800 365 vl.·2,
822 325 852 357 4.

152 380 240 412 Sunt
262 379 320 421 qui
342 383 463 420 putent
485 378 501 409 1
539 379 568 414 1,
592 378 620 410 1.

152 432 187 464 S.
213 432 252 464 V.
275 432 317 464 B.
340 431 369 463 E
391 443 411 462 a
434 430 580 462 librariis
602 433 779 472 corruptum
802 431 846 463 11.
871 432 902 471 9,
926 431 954 462 1.

151 485 221 517 Suo
243 484 342 526 capiti
363 483 463 515 VIII.
489 485 517 522 5,
545 484 574 515 1.

151 536 349 579 Superfieies
372 536 432 567 IV.
458 536 485 573 1,
509 537 538 570 7.

150 592 367 634 Suppeditare
389 590 594 622 intransitive
619 592 645 623 1.
672 592 722 629 14,
746 595 782 629 43
807 591 1011 634 absolutepo-

149 650 159 671 ⁰
388 645 476 676 nitur
499 645 542 676 X.
566 645 614 682 12,
637 646 668 680 7.

149 699 338 741 suppetiari
362 701 393 730 et
416 699 583 741 suppetias
607 700 654 731 ire
677 699 768 730 XIV.
795 700 843 736 18,
868 698 898 730 2.

149 752 294 794 Surgere
314 751 355 783 de
376 762 421 790 ea,
444 755 496 794 qni
517 752 661 784 dicturus
683 755 730 784 est
757 753 784 784 Ι.
809 753 858 792 16,
882 753 932 785 10.

149 805 323 848 Suscipere
345 812 452 848 partes
478 816 552 838 suas
578 806 657 838 VII.
682 809 713 846 4,
735 807 764 838 2.

149 862 331 903 Suspirims
353 871 413 893 voa.-
435 861 531 892 dubia
555 861 584 892 Ι.
612 862 661 901 18,
687 862 715 894 3.

149 914 278 956 Susque
301 915 407 956 deque
432 914 565 954 (habeo)
592 914 684 945 XIV.
710 914 738 951 6,
764 915 793 946 1.

148 969 318 1002 Sustinere
340 969 481 1001 absolute
505 970 584 1001 V11.
610 970 641 1006 7,
664 971 702 1007 5;
736 971 882 1002 officium
904 969 963 1002 IX.
989 969 1008 1003 7
1032 968 1034 980 ¹

347 1023 391 1061 B,
415 1022 443 1053 1.

151 1077 258 1110 Suum
279 1077 404 1110 habere
430 1078 555 1120 aliquid
579 1078 680 1109 XIII.
704 1079 756 1115 49,
780 1078 810 1108 2.

150 1130 350 1174 Syllabatim
372 1131 496 1164 dictare
521 1131 618 1163 XIII.
642 1132 692 1170 25,
717 1131 746 1162 3.

558 1214 600 1248 Τ.

146 1295 330 1327 Tabescere
354 1294 421 1326 111.
446 1294 497 1325 25.

145 1348 276 1380 'rabula
297 1348 461 1380 auctionis
488 1347 568 1379 XII.
591 1349 642 1382 40,
670 1351 699 1379 4.
1032 1355 1035 1382 ι

144 1401 261 1433 Tacita
283 1403 314 1431 et
337 1405 429 1432 tanta
447 1403 668 1442 permutantur
691 1401 732 1432 X.
758 1403 788 1438 8,
812 1402 842 1433 3.
1032 1384 1035 1441 Ε

145 1455 264 1496 Tagax
287 1454 349 1485 VI.
375 1454 405 1490 3,
430 1454 458 1485 1.
1032 1452 1035 1493 ξ

146 1509 280 1540 Talaria
301 1508 414 1540 videre
438 1508 528 1539 XIV.
552 1508 604 1546 21,
630 1511 659 1540 4.

145 1563 230 1594 Tam
252 1564 420 1604 separatur
440 1562 673 1603 praepositione
696 1563 735 1594 ab
759 1563 917 1594 adiectivo
940 1563 1007 1594 111.
1032 1558 1035 1562 ’

252 1615 302 1653 10,
326 1615 362 1652 2;
388 1625 449 1646 non
473 1618 620 1657 sequente
645 1626 745 1658 quam
767 1616 783 1647 I
820 1616 869 1648 19.
896 1616 924 1648 1.

145 1669 290 1701 Tamdiu
311 1669 391 1700 dum
414 1668 478 1700 IX.
504 1669 532 1706 6,
559 1671 588 1700 5.

145 1722 274 1754 Tamen
297 1721 436 1762 elliptice
452 1722 594 1762 positum
627 1722 654 1752 Ι.
681 1722 731 1755 16.
754 1722 790 1759 2;
823 1722 859 1753 V.
891 1720 940 1759 14,
973 1722 1006 1759 1;

294 1775 359 1807 ΙΧ.
394 1775 412 1808 7
443 1776 487 1812 Α,
527 1776 558 1813 l,
595 1776 638 1808 Χ.
664 1777 714 1814 16,
739 1777 774 1814 5;
799 1776 895 1808 XIV.
918 1777 948 1814 5,
970 1776 1008 1814 23

290 1827 384 1859 initio
421 1829 574 1870 epistolae
603 1828 684 1860 XII.
718 1829 748 1868 2,
773 1830 806 1867 1;
830 1829 1007 1870 peculiaris

293 1894 368 1915 usus
390 1884 458 1916 III.
481 1884 532 1923 20,
557 1884 585 1915 1.

146 1940 274 1972 Tamen
297 1940 357 1971 etsi
379 1939 422 1971 V.
447 1939 496 1975 17,
522 1939 550 1969 2.
574 1938 614 1970 cf.
640 1938 721 1970 XII.
747 1939 776 1975 1,
800 1939 815 1970 1

147 1993 419 2025 Tametsi-tamen
443 1992 469 2024 I.
494 1992 544 2031 11,
570 1992 598 2023 1.

145 2047 320 2088 Tanquam
340 2047 374 2077 in
398 2046 631 2087 comparatione
654 2045 715 2077 VI.
742 2046 769 2082 l,
795 2042 826 2077 5.

146 2100 248 2131 Tanti
269 2109 339 2131 esse
363 2099 399 2130 V.
425 2100 476 2135 20,
501 2099 529 2129 6.

145 2154 292 2185 Tantum
314 2154 407 2185 abest
444 2160 480 2184 ut
506 2171 548 2176 —
569 2152 626 2183 vix
643 2152 744 2183 XIII.
761 2153 811 2192 21,
830 2156 864 2190 53
880 2159 1008 2186 tantum

315 2207 403 2248 quod
425 2206 496 2236 XV.
525 2205 572 2244 13,
596 2206 625 2238 7.

146 2261 292 2292 Tardare
314 2261 378 2291 VI.
398 2260 430 2298 7,
451 2260 482 2291 2.

147 2314 337 2346 Tectorium
362 2314 388 2344 1.
415 2314 465 2350 10,
490 2315 517 2343 3.

147 2369 269 2400 'rectus
291 2367 387 2399 XIV.
410 2367 460 2403 21,
484 2367 514 2397 2.

148 2425 345 2465 Temperate
368 2423 470 2454 XIII.
497 2423 525 2461 1,
550 2423 578 2453 1.

150 2478 297 2518 Tempus
321 2476 383 2509 fert
405 2476 503 2507 VIII.
528 2477 558 2515 9,
582 2476 613 2506 2.

148 2533 299 2564 Tendere
322 2531 435 2572 fugam
457 2531 568 2572 aliquo
594 2531 691 2562 V111.
719 2532 768 2568 15,
795 2532 826 2562 1.

148 2587 262 2618 Teneo
289 2585 360 2617 sine
391 2585 508 2616 obiecto
538 2585 584 2616 ΙΙ.
621 2585 670 2624 18,
702 2585 737 2621 1;
772 2591 804 2618 te
833 2597 874 2617 an
905 2587 1006 2628 simpl.

281 2644 378 2671 teneo
402 2649 464 2680 pro
493 2649 603 2670 moror
636 2645 668 2670 te
690 2638 734 2670 X.
758 2639 806 2677 14,
832 2639 858 2670 1.

148 2695 277 2726 Tenere
298 2693 513 2725 hereditatem
536 2693 637 2724 XIII.
660 2693 712 2732 48,
736 2693 766 2725 1.

148 2747 270 2778 Terrae
291 2747 379 2778 filius
401 2746 429 2777 Ι.
454 2746 504 2786 13,
527 2749 558 2776 4.

148 2800 346 2832 Tetrarchae
369 2800 417 2831 ΙΙ.
442 2800 470 2837 9,
496 2800 524 2831 1.

149 2853 288 2885 Tibicen
312 2863 348 2878 =
372 2852 512 2884 fulcrum
539 2852 595 2883 VI.
622 2853 650 2891 1,
673 2852 723 2883 23.

149 2906 301 2938 Tocullio
324 2905 374 2937 11.
399 2906 428 2941 1,
455 2906 503 2936 12.

148 2959 242 3000 Toga
264 2969 344 3000 pura
365 2958 490 3000 quando
505 2959 615 3000 pueris
639 2959 776 2990 dabatur
802 2959 842 2989 V.
866 2959 918 2997 20,
943 2960 973 2990 9.

149 3013 281 3044 Tollere
303 3013 401 3054 pedes
425 3012 459 3043 11
489 3013 517 3050 1,
535 3014 570 3046 52,
589 3013 760 3044 tribunum
777 3013 823 3054 pl.
843 3013 920 3044 VII.
935 3013 963 3051 9,
977 3014 1008 3046 2.

148 3066 270 3098 Totum
287 3068 361 3107 post
384 3066 498 3107 quanti
521 3066 662 3097 vitiosum
681 3066 780 3098 XIII.
797 3067 826 3103 1,
844 3067 862 3098 3
880 3082 888 3105 3
903 3073 1007 3101 mtum

298 3128 347 3154 est
370 3122 403 3153 in
427 3132 466 3153 eo
489 3122 535 3153 11.
561 3122 611 3159 22,
635 3123 651 3152 5

1061 326 1235 357 Tractatur
1258 337 1308 359 res
1333 328 1376 359 11.
1400 328 1451 363 20,
1474 329 1503 360 2.

1060 381 1171 413 Trado
1193 393 1226 409 =
1251 385 1445 415 commendo
1470 384 1506 415 V.
1536 385 1583 423 13,
1606 386 1634 416 2.

1055 435 1327 476 Tranquillitates
1350 436 1394 468 X.
1419 437 1468 476 18,
1492 437 1518 468 1.

1055 488 1256 529 Transigere
1281 489 1305 519 Ι.
1332 491 1362 526 4,
1385 491 1415 520 2.

1055 541 1244 573 'I'rensitare
1269 542 1307 572 V.
1331 543 1379 578 21,
1402 545 1429 573 5.

1056 594 1280 626 Transmissio
1304 596 1362 625 IV.
1390 596 1437 632 19,
1466 597 1490 626 1.

1054 648 1257 680 Transverso
1282 649 1344 688 (de.
1369 651 1425 686 ex)
1452 650 1518 680 XV.
1543 652 1573 687 4,
1599 653 1626 681 5.

1055 702 1296 733 Transversum
1321 712 1465 743 unguem
1490 703 1585 734 x111.
1610 704 1660 738 20.
1683 707 1714 735 4.

1054 754 1278 786 'rransversus
1302 755 1482 786 versiculus
1505 756 1659 797 epistolae
1685 757 1722 787 V.
1753 757 1776 794 1,
1801 757 1829 788 3.

1055 808 1202 840 Tresviri
1226 808 1345 839 ironice
1367 808 1458 839 XVI.
1486 809 1534 848 11,
1555 809 1582 840 l.

1054 861 1183 894 Triceri
1205 861 1296 892 XIV.
1324 862 1374 894 19.
1397 863 1427 892 4.

1055 915 1218 947 Tribunal
1244 915 1277 946 in
1301 915 1414 946 castris
1437 915 1474 945 V.
1498 915 1549 953 20,
1570 917 1600 946 5.

1055 971 1179 1002 Trinae
1201 970 1316 1002 literae
1341 970 1400 1002 1V.
1422 972 1451 1007 6,
1478 972 1508 1002 2.

1054 1024 1219 1066 Triplices
1243 1024 1341 1056 XIII.
1365 1025 1383 1055 8

1054 1079 1130 1111 Tris
1151 1088 1254 1110 accus,
1267 1078 1377 1120 forma
1402 1079 1462 1110 IX.
1486 1080 1514 1116 9,
1543 1080 1570 1111 l.

1054 1133 1273 1175 Triumphare
1296 1134 1417 1174 gaudio
1441 1133 1467 1164 Ι.
1495 1134 1543 1170 16,
1572 1137 1606 1171 4;
1632 1135 1688 1166 ΙΧ.
1717 1135 1765 1175 16,
1789 1136 1819 1167 2.

1053 1186 1127 1217 Tua
1149 1185 1287 1227 epistola
1310 1202 1343 1217 =
1369 1186 1502 1226 epistola
1526 1188 1570 1218 ad
1591 1190 1622 1219 te
1635 1188 1713 1219 data
1738 1188 1784 1220 II.
1810 1188 1860 1227 13,
1884 1188 1912 1219 1.

1054 1239 1155 1271 Tueri
1175 1239 1306 1280 aliquid
1327 1238 1426 1271 XIII.
1451 1240 1502 1278 49,
1526 1240 1554 1271 2.

1054 1292 1142 1323 Tum
1162 1293 1306 1333 denique
1329 1295 1359 1323 et
1383 1299 1454 1324 tum
1476 1293 1610 1325 demum
1635 1294 1660 1324 1.
1685 1294 1715 1334 6,
1737 1294 1768 1325 2.

1054 1345 1196 1377 Tumere
1218 1345 1258 1376 de
1279 1345 1412 1387 neyotiis
1435 1346 1528 1377 XIV.
1551 1349 1583 1385 4,
1607 1347 1633 1378 1.

1055 1399 1196 1431 Turbari
1219 1399 1325 1431 aeliae
1346 1400 1393 1431 ΙΙ.
1419 1400 1468 1437 17,
1495 1400 1522 1431 1.

1055 1454 1140 1485 Tute
1166 1465 1197 1480 ε
1225 1459 1260 1485 tu
1283 1454 1351 1495 ipse
1375 1453 1434 1484 IX.
1459 1453 1509 1491 10,
1536 1454 1585 1484 10.

1032 1524 1035 1545 ς
1055 1509 1235 1540 Tutissime
1261 1509 1360 1540 VIII.
1387 1509 1423 1539 11
1447 1510 1495 1540 A.

1059 1566 1242 1597 Tutissimo
1267 1566 1366 1597 VIII.
1393 1566 1420 1602 1,
1446 1566 1476 1598 2.

1057 1620 1172 1662 Typus
1195 1620 1223 1651 1.
1250 1620 1299 1658 10,
1324 1620 1353 1651 3.

1056 1674 1294 1716 Tyrotsriehus
1322 1674 1382 1705 IV.
1407 1675 1426 1705 8
1449 1685 1479 1710 a,
1503 1676 1527 1706 l.

1466 1781 1506 1813 υ.

1059 1887 1131 1919 Ubi
1153 1897 1214 1919 non
1233 1898 1307 1928 pon.
1324 1898 1386 1928 pro
1408 1897 1475 1929 quo
1497 1888 1562 1918 111.
1589 1888 1619 1927 8,
1646 1888 1675 1919 3.

1057 1942 1154 1973 Unus
1180 1941 1319 1973 intendit
1342 1941 1564 1982 superlativum
1588 1942 1627 1972 X.
1662 1942 1691 1979 8,
1722 1942 1758 1979 75
1782 1952 1811 1968 z
1837 1951 1913 1983 prae

1183 1996 1337 2028 omnibus
1359 1996 1387 2027 I.
1412 1996 1464 2036 19,
1487 1996 1526 2034 83
1542 1996 1715 2038 sinyularis
1732 2006 1806 2027 usus
1826 2005 1916 2027 voca·

1184 2050 1248 2081 buli
1271 2050 1330 2081 IX.
1355 2050 1405 2088 10,
1429 2050 1460 2081 2.

1063 2104 1191 2136 Urbani
1213 2105 1445 2145 competitores
1467 2104 1495 2136 Ι.
1523 2105 1551 2141 1,
1574 2104 1610 2141 2;
1640 2117 1680 2132 :z
1703 2104 1852 2135 homines
1881 2104 1915 2135 in

1210 2157 1292 2189 urbe
1316 2157 1393 2190 xn.
1416 2158 1468 2196 49,
1493 2158 1525 2194 13
1551 2173 1585 2189 z
1608 2156 1703 2198 politi
1724 2156 1786 2188 IV.
1812 2157 1860 2193 18,
1885 2157 1915 2187 3.

1057 2211 1147 2242 Urbs
1167 2221 1225 2252 pro
1246 2210 1360 2242 incolis
1381 2210 1468 2242 urbis
1490 2210 1552 2243 IV.
1574 2210 1605 2249 3,
1628 2210 1658 2240 2.

1058 2265 1172 2306 Usque
1194 2265 1272 2296 dum
1294 2264 1369 2297 XV.
1391 2264 1446 2301 23;
1471 2274 1572 2306 usque
1595 2264 1692 2295 istinc
1716 2263 1743 2294 1.
1770 2263 1820 2301 14,
1842 2266 1871 2294 4.

1063 2320 1228 2361 Usurpare
1251 2319 1330 2351 VII.
1352 2320 1380 2358 2,
1406 2320 1425 2351 8
1448 2319 1502 2360 (cf.
1527 2319 1616 2351 Phil.
1642 2318 1667 2355 Ι,
1694 2321 1720 2350 l.
1748 2319 1794 2354 11,
1819 2319 1883 2357 35).

1058 2375 1106 2406 Ut
1128 2381 1160 2397 -‘-·
1185 2374 1292 2415 qualis
1314 2374 1374 2405 IV.
1400 2375 1429 2412 5,
1454 2374 1486 2411 1;
1514 2379 1550 2404 ut
1573 2374 1605 2404 in
1618 2373 1714 2404 malis
1738 2373 1785 2404 XI
1818 2372 1914 2408 2252.

1120 2433 1247 2459 utnon
1277 2427 1336 2459 IV.
1370 2428 1400 2465 6,
1433 2428 1471 2465 2,
1500 2432 1534 2458 ut
1564 2426 1676 2458 scribis
1699 2435 1734 2452 =
1767 2431 1801 2456 ut
1830 2426 1915 2458 soles

1120 2480 1261 2512 scribere
1283 2480 1363 2514 XII.
1387 2480 1438 2521 32,
1461 2481 1490 2511 1.

1058 2535 1104 2566 Πι
1126 2540 1164 2566 ut
1185 2535 1227 2566 sit
1249 2544 1300 2566 res
1322 2545 1383 2566 non
1411 2534 1588 2565 Tullianum
1613 2532 1686 2563 XV.
1712 2532 1760 2563 25.

1057 2589 1195 2620 Utinam
1219 2597 1260 2620 ne
1283 2591 1313 2619 et
1336 2589 1462 2620 utinam
1487 2597 1551 2618 non
1576 2586 1634 2616 XI.
1657 2586 1687 2621 9,
1711 2585 1739 2616 3.

1056 2645 1181 2686 Utique
1205 2644 1244 2676 V.
1267 2645 1297 2681 9,
1321 2645 1350 2675 2.

1057 2699 1144 2731 Utor
1165 2699 1220 2730 via
1241 2701 1415 2739 suspectum
1440 2698 1484 2728 ΙΙ.
1512 2696 1560 2733 19,
1583 2695 1618 2730 2;
1641 2703 1701 2734 est,
1721 2695 1909 2735 quintas:

1163 2752 1251 2783 unde
1282 2752 1390 2782 vivam
1423 2750 1480 2781 XI.
1512 2749 1560 2785 11,
1589 2748 1627 2784 25-
1659 2747 1758 2778 uteris
1788 2747 1910 2788 optimo

1163 2805 1274 2836 animo
1303 2805 1348 2835 ΙΙ.
1382 2804 1409 2840 1,
1434 2804 1467 2839 83
1491 2803 1538 2833 uti
1562 2801 1674 2842 aliquo
1696 2799 1763 2830 XII
1798 2799 1848 2836 23,
1875 2799 1910 2830 3;

1164 2859 1214 2889 uti
1237 2859 1351 2889 eodem
1377 2857 1486 2888 fenore
1511 2855 1590 2885 VII.
1615 2854 1664 2890 18,
1686 2855 1724 2890 43
1748 2854 1796 2883 uti
1820 2859 1911 2893 porta

1165 2911 1244 2943 VII.
1268 2912 1298 2948 7,
1323 2913 1358 2947 4;
1383 2910 1430 2941 uti
1452 2908 1601 2949 populari
1623 2907 1690 2938 vita
1712 2905 1772 2937 IX.
1793 2906 1822 2939 6.
1850 2905 1878 2938 7.

1057 2965 1181 3007 Utpote
1203 2966 1259 3006 qui
1282 2964 1361 2994 male
1383 2974 1447 2994 cum
1470 2960 1600 2993 indicat.
1624 2960 1672 2990 ΙΙ.
1693 2960 1742 2990 24.
1768 2963 1796 2989 4.

1057 3020 1176 3051 Utrobi
1199 3019 1270 3050 XV.
1295 3018 1345 3048 22.

1057 3075 1180 3108 Utrum
1202 3085 1260 3105 non
1284 3074 1429 3115 sequente
1452 3081 1492 3101 an
1517 3069 1557 3101 X.
1585 3070 1633 3107 15,
1659 3069 1688 3099 2.
