2062 3565
178 147 265 186 294

573 145 657 186 ΕΡ.
700 146 769 185 Ἰ11)
801 145 847 185 Τ.
883 144 1236 186 POMPONIUM
1270 144 1535 186 ATTIOUM.

174 285 328 335 partem
362 280 611 321 exhauserim
646 294 695 320 ex
727 279 823 320 tuis.
858 279 965 319 Nam
999 294 1124 334 quum
1157 284 1197 320 te
1215 293 1370 334 semper
1385 284 1546 320 tantum
1563 277 1785 332 dilexerim,
1809 295 1934 336 quan-

173 360 258 395 tum
294 360 340 395 tu
373 352 595 407 intelligere
630 351 812 407 potuisti,
846 357 934 392 tum
967 351 1031 392 his
1065 353 1148 393 tuis
1180 351 1297 393 factis
1331 353 1388 394 sic
1419 352 1614 395 incensus
1642 369 1745 404 sum,
1770 358 1817 395 ut
1831 353 1936 396 nihil

172 443 349 482 uuquam
393 428 435 467 in
480 441 611 467 amore
657 426 779 467 fuerit
812 425 1033 466 ardentius.

1086 425 1203 467 Nihil
1235 431 1296 467 est
1328 427 1450 477 enim,
1484 426 1585 468 mihi
1618 427 1748 478 crede,
1784 427 1933 469 virtute

166 502 390 551 formosius,
425 499 527 541 nihil
560 499 781 555 pulchrius,
815 499 918 540 nihil
952 499 1177 541 amabilius.
1215 503 1255 540 5.
1291 501 1454 556 Semper
1488 501 1631 551 amavi,
1666 506 1714 542 ut
1747 501 1841 552 scis,
1867 501 1928 543 M.

135 589 148 613 5
166 576 339 616 Brutum
384 578 545 630 propter
590 572 677 613 eius
725 587 927 613 summum
959 572 1184 627 ingenium,
1219 573 1476 614 suavissimos
1509 587 1655 625 mores,
1689 573 1933 629 singularem

166 648 409 704 probitatem
453 652 572 702 atque
618 646 899 697 constantiam,
955 652 1091 688 tamen
1134 646 1278 688 Idibus
1321 647 1445 688 Mart.
1489 652 1650 689 tantum
1684 648 1852 689 accessit
1884 647 1934 690 ad

167 736 354 771 amorem,
399 725 445 761 ut
491 719 654 760 mirarer
697 719 830 760 locum
876 719 998 760 fuisse

166 794 417 835 cumulatum
465 793 585 835 etiam
632 792 859 835 videbatur.
909 792 1014 839 Quis

1043 719 1215 774 augendi
1250 720 1294 760 in
1327 734 1387 770 eo,
1422 719 1530 775 quod
1563 720 1664 761 mihi
1696 721 1954 778 iampridem,

1060 798 1157 843 erat,
1203 793 1273 848 qui
1319 797 1480 848 putaret
1523 793 1573 834 ad
1619 806 1710 836 eum
1745 810 1933 848 amorem,

167 883 286 923 quem
321 883 415 922 erga
447 872 488 908 te
522 865 735 917 habebam,
768 881 882 922 posse
917 865 1070 921 aliquid
1104 865 1321 907 accedere?
1354 866 1528 907 Tantum
1564 868 1744 920 accessit,
1769 873 1816 910 ut
1833 869 1936 911 mihi

112 957 273 983 101111110
307 941 481 997 denique
515 956 646 982 amare
682 940 831 990 videar,
867 945 985 982 autea
1018 939 1218 981 dilexisse.
1256 942 1298 980 6.
1333 940 1467 992 Quare
1502 940 1600 995 quid
1633 946 1707 993 est,
1733 942 1842 998 quod
1859 958 1934 998 ego

163 1022 203 1056 te
249 1014 399 1065 horter,
443 1020 491 1056 ut
534 1014 726 1070 dignitati
773 1020 812 1055 et
860 1015 1008 1070 gloriae

162 1088 269 1144 quod
316 1088 444 1130 facere
490 1089 632 1140 solent,
679 1088 747 1144 qui
780 1089 1018 1130 hortantur?

1212 1014 1229 1036 ὓ

1052 1015 1219 1055 servias.
1273 1014 1499 1069 Proponam
1542 1013 1621 1056 tibi
1654 1015 1780 1057 claros
1812 1016 1933 1067 viros,

1067 1088 1283 1129 Neminem
1316 1086 1445 1129 habeo
1479 1087 1687 1130 clariorem
1721 1104 1844 1144 quam
1876 1095 1933 1132 te.

159 1162 215 1202 Te
258 1162 390 1218 ipsum
430 1162 581 1203 imitari
627 1166 796 1217 oportet,
839 1166 974 1203 tecum
1016 1162 1102 1216 ipse
1143 1165 1283 1202 certes.
1337 1162 1376 1202 7.
1420 1161 1485 1202 Ν6
1529 1161 1626 1202 110615
1658 1161 1823 1218 quidem
1855 1162 1934 1205 tibi

160 1234 241 1275 iam
284 1235 410 1276 tantis
454 1235 574 1277 rebus
619 1237 742 1291 gestis
775 1251 857 1277 non
886 1236 948 1277 tui
982 1235 1151 1276 similem
1189 1250 1288 1276 esse.
1337 1234 1458 1286 Quod
1492 1250 1617 1290 quum
1648 1236 1707 1278 ita
1739 1237 1806 1288 sit,
1840 1236 1933 1279 hor-

110 1322 142 1348 15
159 1309 260 1349 tatio
293 1325 376 1350 non
409 1314 470 1350 est
503 1310 750 1361 necessaria,
785 1310 1054 1365 gratulatione
1087 1309 1215 1364 magis
1250 1309 1446 1350 utendum
1480 1313 1555 1350 est.
1606 1309 1791 1365 Contigit
1823 1310 1932 1352 enim

160 1381 250 1432 tibi,
301 1383 410 1438 quod
454 1382 563 1425 haud
611 1384 692 1424 scio
742 1399 793 1424 an
837 1383 1003 1433 nemini,

1048 1387 1095 1424 ut
1139 1397 1294 1423 summa
1339 1383 1528 1424 severitas
1573 1383 1931 1427 animadversionis

160 1472 241 1498 non
285 1456 403 1498 modo
446 1472 527 1498 non
568 1457 769 1498 invidiosa
813 1457 882 1498 sed
923 1457 1043 1498 etiam
1077 1456 1280 1513 popularis
1314 1462 1419 1498 esset
1451 1462 1491 1498 et
1527 1472 1619 1498 cum
1651 1457 1769 1499 bonis
1802 1458 1930 1500 omni-

160 1528 249 1580 bus,
294 1536 380 1572 tum
428 1530 566 1571 infimo
609 1531 755 1585 cuique
803 1530 1044 1585 gratissima.
1097 1530 1186 1571 Hoc
1220 1530 1253 1570 si
1286 1529 1363 1570 tibi
1396 1529 1557 1572 fortuna
1592 1530 1768 1585 quadam
1801 1530 1930 1572 conti-

158 1603 296 1657 gisset,
342 1604 563 1658 gratularer
609 1605 792 1646 felicitati
826 1610 933 1654 tuae,
969 1603 1038 1645 sed
1073 1603 1244 1658 contigit
1277 1603 1558 1658 magnitudine
1591 1603 1766 1659 quadam
1799 1619 1922 1660 quum

107 1690 140 1716 20
159 1677 297 1728 animi,
345 1683 432 1719 tum
480 1679 598 1720 etiam
644 1679 799 1733 ingenii
843 1683 962 1732 atque
1012 1677 1184 1718 consilii.
1235 1676 1336 1732 Legi
1379 1677 1487 1718 enim
1536 1677 1766 1719 contionem
1798 1682 1927 1719 tuam.

158 1750 275 1792 Nihil
308 1750 375 1792 illa
410 1753 647 1808 sapientius.
683 1754 747 1794 Ita
779 1752 1067 1808 pedetemptim
1101 1766 1226 1806 quum
1259 1766 1441 1793 accessus
1466 1755 1543 1792 ate
1561 1750 1611 1792 ad
1631 1765 1791 1792 causam
1814 1750 1926 1802 facti,

157 1830 245 1866 tum
291 1840 483 1877 recessus,
528 1832 576 1868 ut
608 1842 669 1868 res
703 1827 790 1882 ipsa
823 1826 1096 1868 maturitatem
1131 1825 1208 1867 tibi
1242 1825 1589 1867 animadvertendi
1621 1824 1799 1866 omnium
1835 1839 1927 1866 con-

159 1914 271 1940 cessu
322 1899 448 1940 daret.
502 1903 543 1941 8.
588 1899 789 1941 Libera-sti
832 1900 957 1955 igitur
1003 1904 1043 1940 et
1083 1898 1224 1940 urbem
1269 1899 1446 1955 periculo
1491 1904 1532 1940 et
1565 1899 1769 1940 civitatem
1801 1903 1927 1950 metu,

158 1987 288 2026 neque
322 1973 451 2014 solum
486 1973 534 2014 ad
567 1979 729 2029 tempus
763 1973 977 2014 maximam
1011 1972 1227 2014 utilitatem
1264 1971 1451 2023 attulisti,
1488 1971 1557 2012 sed
1581 1971 1701 2013 etiam
1721 1971 1771 2013 ad
1795 1987 1927 2014 exem·

105 2062 137 2088 25
159 2045 283 2101 plum.
320 2046 410 2095 Ouo
444 2046 549 2087 facto
582 2047 805 2101 intelligere
840 2046 961 2087 debes
994 2047 1037 2087 in
1077 2051 1117 2087 te
1151 2046 1323 2101 positam
1359 2061 1442 2087 esse
1476 2040 1559 2086 rem
1592 2045 1798 2101 publicam
1832 2046 1928 2088 tibi-

161 2134 236 2174 que
272 2134 353 2160 non
386 2119 504 2160 modo
538 2120 724 2170 tuendos,
760 2119 829 2161 sed
864 2120 985 2160 etiam
1019 2118 1219 2160 ornandos
1252 2119 1341 2159 illos
1375 2118 1494 2169 viros,
1530 2134 1551 2159 a
1585 2117 1732 2173 quibus
1765 2119 1929 2162 initium

159 2192 356 2234 libertatis
399 2193 624 2248 profectum
668 2199 742 2235 6515.
793 2192 869 2234 Sed
919 2192 981 2233 his
1027 2192 1075 2233 de
1117 2191 1237 2239 rebus
1280 2206 1410 2232 coram
1457 2191 1571 2246 plura
1605 2192 1850 2247 propediem,
1887 2200 1931 2234 ut

203 2371 243 2401 12
265 2381 355 2412 quam
380 2372 411 2400 te
433 2369 543 2410 ipsum.
570 2369 611 2399 Te
633 2368 757 2399 imitere
779 2369 900 2408 oportet
924 2386 962 2390 —
986 2367 1023 2398 21

202 2517 220 2556 ξ
244 2518 272 2547 5.
300 2516 415 2547 Amare
436 2533 477 2538 —
500 2515 662 2547 dilexisse.
707 2516 796 2546 Illud
834 2516 907 2556 plus
941 2523 1022 2553 esse,

160 2580 260 2611 quam
282 2570 345 2601 1100
369 2574 502 2610 apparet
525 2578 654 2610 quoque
677 2578 720 2600 ex
741 2569 793 2599 his
831 2569 955 2600 verbis:
972 2570 1022 2599 -zcl

158 2624 256 2655 scires
278 2634 343 2654 eum
367 2634 388 2653 a
410 2633 456 2653 me
478 2633 540 2653 non
563 2622 656 2662 dz‘h'yi
678 2623 785 2660 solum,
806 2622 1018 2653 verumetiam

159 2679 271 2710 amari.
293 2679 387 2710 Fam.
410 2678 511 2709 XIII.
534 2678 585 2709 47.
611 2678 651 2708 cf.
675 2678 805 2709 Nonius
828 2689 859 2718 p.
875 2677 947 2714 421,
965 2677 1021 2718 qui
1044 2672 1045 2679 ¹

159 2733 239 2764 haec
262 2733 361 2764 verba
384 2733 508 2763 laudat.
547 2732 614 2769 Qui
636 2732 729 2772 plura
761 2732 801 2763 de
831 2732 882 2763 his
913 2732 1021 2763 verbis

159 2786 242 2817 scire
278 2786 376 2827 cupit,
413 2785 509 2816 adeat
543 2784 697 2825 Seyfferti
734 2786 844 2816 adnot.
879 2786 920 2815 ad
951 2784 1045 2818 Cic„

159 2839 251 2870 Lael.
274 2849 304 2880 p.
329 2838 388 2871 173
411 2848 459 2879 sq.

200 2892 218 2932 ξ
243 2892 271 2925 7.
294 2892 342 2923 Ne
364 2892 440 2923 lieet
461 2890 581 2933 qzcidem
604 2891 660 2922 tibi
678 2910 718 2915 -
733 2902 794 2921 non
821 2891 868 2922 lvi
890 2892 1021 2922 similem
1044 2876 1045 2891 ¹

160 2957 238 2978 esse.
260 2948 396 2979 Nollem
417 2947 569 2978 Mosems
592 2946 706 2987 Symb.
731 2945 810 2978 Crit.
824 2947 923 2982 VIH.
938 2957 968 2987 p.
982 2946 1021 2976 16

159 3000 240 3032 haec
264 3005 454 3041 temptasset
476 3010 536 3041 pro
558 3010 619 3030 non
634 3001 870 3031 commendans
884 3000 972 3030 [nodo
985 3009 1015 3030 o.

160 3056 390 3087 tantummodo

160 3109 278 3139 melior
300 3113 359 3140 est.

201 3163 360 3194 Neminem
377 3181 416 3186 -—
431 3166 471 3193 fe.
499 3162 539 3193 Te
560 3162 657 3202 ipsvm
681 3163 803 3193 iw‘tari
825 3165 946 3203 oporte!
959 3167 1020 3194 cet.

447 3055 597 3096 Vulgata
630 3055 788 3096 scriptura
821 3065 888 3085 non
922 3047 1045 3095 paulo}

1046 2366 1237 2407 pedetentim
1262 2385 1301 2390 ——

1042 2532 1043 2540 .
1069 2516 1121 2546 Ita
1144 2516 1290 2547 scribens
1313 2516 1371 2557 qui
1394 2517 1522 2548 curavit
1543 2517 1593 2548 ed.
1616 2517 1712 2549 Rom.
1747 2517 1929 2559 principem

1069 2582 1178 2612 presse
1200 2577 1330 2603 secut-us
1354 2579 1403 2603 est
1424 2573 1495 2603 cod.
1517 2573 1616 2610 Med.,
1640 2573 1674 2603 in
1694 2583 1759 2614 quo
1781 2575 1813 2604 te
1823 2574 1927 2605 semel

1070 2626 1226 2666 scriptum
1249 2631 1306 2662 est,
1331 2634 1434 2665 quum
1458 2625 1620 2665 geminari
1641 2626 1784 2657 deberet.

1111 2680 1129 2718 ξ
1153 2679 1181 2710 8.
1204 2678 1257 2709 Ad
1276 2680 1395 2718 tempus
1417 2697 1457 2702 —
1479 2679 1523 2709 ad
1544 2679 1725 2719 exemplum.
1755 2680 1859 2711 Nulla
1880 2680 1928 2711 in·

1069 2733 1185 2773 digent
1206 2732 1293 2763 haec>
1311 2732 1413 2763 verba
1435 2732 1630 2763 accessione.
1657 2732 1768 2770 Quare
1778 2732 1927 2764 reiieien-

1069 2786 1158 2822 dum,
1181 2785 1269 2825 quod
1291 2785 1374 2815 olim
1396 2785 1430 2815 in
1453 2785 1556 2816 altero
1578 2785 1638 2815 illo
1660 2785 1734 2816 loco
1767 2785 1927 2817 scribeba-

1044 2866 1045 2872 ,
1069 2843 1122 2869 tur
1144 2837 1189 2868 ud
1209 2837 1380 2878 exemplum
1394 2837 1495 2878 sacti.
1530 2837 1703 2869 Librarius
1732 2839 1804 2869 eod.
1836 2838 1928 2870 Med.

1070 2896 1146 2922 ante
1167 2889 1265 2930 facto
1298 2890 1454 2921 omiserat
1484 2900 1551 2931 quo·
1588 2890 1727 2922 Temere
1756 2890 1927 2922 Weiskius

1044 2939 1045 2942 ’
1069 2945 1203 2986 putabat
1226 2951 1298 2984 post
1321 2944 1488 2985 exemplum
1513 2944 1638 2985 aliquid
1660 2944 1875 2976 intercidisse.

1111 2997 1151 3028 In
1175 3000 1206 3028 te
1223 2998 1360 3037 positam
1383 3007 1450 3028 esse
1471 3008 1534 3028 rem
1549 3007 1585 3038 p.
1607 3007 1643 3029 οι
1676 3007 1747 3028 rem
1767 3008 1800 3038 p.
1823 3003 1925 3029 totam

1067 3050 1278 3087 commissam
1300 3059 1369 3082 esse
1391 3050 1462 3087 tibi,
1484 3050 1547 3081 niti
1568 3050 1604 3080 in
1627 3054 1668 3087 te,
1703 3050 1764 3081 tibi
1786 3050 1858 3082 eius
1879 3059 1928 3081 sa-

1042 3121 1045 3140 1
1067 3103 1172 3135 lutem
1193 3113 1264 3135 esse
1287 3104 1493 3135 servandam.
1516 3102 1565 3134 Cf.
1587 3102 1681 3134 Fam.
1703 3102 1768 3134 IX.
1791 3103 1829 3134 25
1840 3108 1926 3134 extr.

1065 3156 1158 3187 Lael.
1181 3159 1211 3186 4.

2042 279 2055 310 ,ιΑῃ
2031 147 2053 244 ου.ῌὺ
2025 0 2055 139 §hm
