2062 3565
669 143 776 185 LIB.
811 143 934 186 XIII.
970 144 1058 186 ER·
1093 145 1286 185 14—19.

1768 145 1790 183 lu

1799 144 1821 183 10

1832 143 1849 182 Q

681 339 825 382 XVII.
893 342 958 394 (A.
999 341 1044 381 U.
1084 343 1124 381 C.
1164 341 1281 395 709.)

153 469 187 494 v.
229 453 315 494 Kal.
355 454 631 510 exspectabam
671 457 794 498 Roma
829 455 996 510 aliquid,
1032 456 1056 497 †
1092 471 1169 497 non
1205 457 1473 512 imperassem.
1536 456 1667 510 Igitur
1701 454 1852 510 aliquid

89 528 183 570 tuis.
230 528 351 570 Nunc
384 529 521 570 eadem
567 529 649 580 illa,
684 530 780 585 quid
817 531 968 571 Brutus
1001 531 1164 585 cogitet,
1199 536 1270 572 aut
1301 531 1334 571 si
1367 530 1519 585 aliquid
1554 530 1650 584 egit,
1684 534 1724 569 et
1757 527 1853 583 quid

89 617 111 642 a
150 603 336 669 ‘Caesare
387 601 464 644 Sed
513 602 609 658 quid
656 603 746 654 ista,
797 618 898 658 quae
944 603 1076 644 minus
1121 605 1242 644 curo?
1295 604 1430 644 Attica
1464 609 1599 644 nostra
1634 601 1729 657 quid
1764 607 1856 655 agat

0 702 10 716 .
41 690 44 693 ·
89 675 188 716 scire
233 676 365 731 cupio.
421 677 510 718 Etsi
553 682 646 718 tuae
690 677 827 719 literae
875 703 927 706 —
976 677 1044 718 sed
1078 678 1155 719 iam
1192 678 1311 719 nimis
1348 683 1497 719 veteres
1532 687 1623 718 sunt
1662 701 1706 704 —-
1753 683 1856 716 res-te
1897 681 1910 705 ὁ

89 764 245 804 sperare
278 747 434 800 iubent,
468 754 601 792 tamen
637 756 823 806 exspecto
857 766 992 792 recens
1027 750 1193 805 aliquid.

133 916 150 945 :3
173 915 285 957 ecquid
306 916 442 957 (sequor
464 916 570 957 Med.)
594 934 632 938 —
658 917 674 945 5
699 916 806 954 cupita
832 916 892 946 etsi
915 933 954 938 -
978 915 996 945 6
1020 915 1135 946 iubent.
1162 915 1274 946 Tamen
1298 933 1337 938 —

142 1062 175 1094 V.
198 1063 272 1094 Kal.
296 1063 513 1104 exspectabam
536 1062 633 1094 Roma
656 1062 815 1105 aliquid,†
829 1073 893 1094 non
903 1063 958 1093 im-
979 1074 981 1103 q
1004 1067 1175 1104 spectasse.
1220 1062 1293 1094 Hoc
1326 1072 1457 1104 quoque
1488 1063 1676 1101 molestum,
1706 1063 1792 1104 qnod
1828 1062 1860 1092 in

86 1127 256 1158 peras-sem.
282 1116 387 1158 Iyilur
409 1117 534 1160 aliquid
554 1117 628 1148 tuis.
652 1117 743 1148 Nunc
766 1117 872 1148 eadem
885 1117 956 1148 illa.
978 1109 981 1145 l
1003 1119 1115 1160 paucis
1153 1118 1301 1149 versibus
1330 1124 1445 1159 quater
1475 1119 1558 1150 redit
1586 1118 1717 1160 aliquid.
1763 1118 1864 1148 Varia

95 1171 200 1202 Locus
223 1172 422 1212 desperatus,
452 1180 550 1212 quem
582 1180 648 1202 non
672 1170 802 1202 sanavit
823 1170 957 1201 Lambi-
979 1157 982 1213 Ξ
1004 1172 1174 1214 temptavi,
1196 1173 1253 1204 sed
1276 1172 1358 1203 nihil
1385 1173 1507 1209 inveni,
1543 1173 1630 1213 quod
1660 1172 1741 1203 mihi
1766 1172 1862 1212 plane

94 1236 163 1263 nus,
197 1230 232 1257 ut
254 1225 362 1256 visum
384 1225 637 1266 Wesenbergio,
669 1225 727 1265 qui
760 1224 901 1255 Emend.
925 1235 956 1265 p.
979 1216 981 1227 ⁴
1003 1224 1215 1256 satisfaceret.

94 1279 134 1310 42
156 1279 246 1310 illius
268 1278 507 1310 correctionem
531 1277 672 1318 accepit:
692 1296 730 1300 —
748 1287 809 1307 non
831 1286 890 1318 quo
904 1276 958 1306 im·
1047 1280 1119 1316 Aut,
1142 1279 1170 1308 εἰ
1193 1278 1316 1320 aliquid
1336 1279 1408 1319 eqit,
1432 1281 1463 1309 et
1479 1278 1585 1320 quida
1605 1278 1749 1309 Caesare.
1774 1278 1865 1309 Haec

89 1342 252 1373 pen-assem
277 1332 341 1363 tuis
364 1332 417 1371 (ut
439 1333 481 1363 ad
503 1341 581 1363 eum
603 1332 693 1363 diem
724 1331 852 1372 aliquid
882 1330 955 1362 lite·
979 1319 981 1387 J
1005 1342 1139 1373 quoque
1162 1332 1291 1364 vitiosa.
1320 1332 1473 1363 Fortasse
1498 1333 1724 1363 scribendum:
1749 1334 1815 1369 aut,
1838 1332 1866 1360 si

93 1397 202 1418 rarum
226 1397 246 1418 a
267 1391 298 1418 te
321 1386 404 1417 mihi
426 1385 612 1425 referrent).
651 1384 756 1427 [qitur
785 1384 958 1426 (quoniam
979 1392 981 1397 ⁴
1003 1385 1127 1427 aliquid
1149 1385 1222 1425 eyil,
1245 1384 1321 1427 quid
1354 1385 1463 1427 efferii,
1493 1387 1534 1422 el,
1563 1385 1638 1426 quid
1669 1397 1687 1414 a
1731 1384 1866 1416 Caesare

96 1443 178 1474 nihil
204 1443 312 1483 venit)
334 1452 418 1473 nunc
440 1442 547 1473 eadem
570 1442 655 1484 illa„
682 1440 811 1474 Saltem
846 1441 959 1482 aliquo
1006 1450 1050 1471 sc.
1073 1439 1238 1471 audiatur.
1268 1440 1308 1470 In
1332 1445 1481 1471 extrema
1514 1439 1650 1480 epistola
1684 1439 1865 1470 ‹listins-tio-

95 1497 192 1526 modo
215 1496 363 1537 scriptori
387 1494 600 1527 indicandum
627 1502 697 1526 erat
709 1504 744 1527 se
753 1494 886 1535 frustra
903 1504 959 1526 ex·
1007 1503 1083 1524 nem
1106 1493 1244 1524 mutavi.

666 1602 842 1644 XVIII.
909 1602 974 1654 (A.
1017 1601 1062 1641 U.
1101 1601 1142 1640 C.
1182 1599 1300 1653 709.)

160 1717 282 1760 Vides
325 1718 605 1774 propinquitas
653 1717 751 1772 quid
784 1716 944 1758 habeat.
992 1716 1083 1756 'Nos
1118 1730 1208 1757 vero
1242 1714 1500 1756 conficiamus
1534 1714 1683 1755 hortos.
1736 1715 1865 1756 Collo-

95 1794 164 1849 qui
198 1792 445 1843 videbamur,
480 1793 523 1833 in
557 1791 787 1833 Tusculano
822 1806 947 1846 quum
982 1805 1130 1841 essem;
1164 1793 1279 1830 tanta
1311 1793 1395 1829 erat
1428 1787 1619 1829 crebritas
1647 1788 1865 1830 literarum.

96 1866 174 1909 Sed
214 1866 256 1908 id
289 1865 452 1920 quidem
484 1866 565 1906 iam
598 1865 688 1906 erit.
740 1865 826 1919 Ego
860 1864 1013 1906 interea
1047 1863 1257 1905 admonitu
1290 1867 1360 1903 tuo
1393 1862 1540 1917 perfeci
1575 1877 1668 1902 sane
1703 1867 1865 1917 argutu-

96 1940 154 1981 los
197 1939 320 1981 libros
362 1939 412 1981 ad
454 1939 674 1980 Varronem
689 1957 700 1991 3
748 1938 816 1980 sed
859 1943 994 1979 tamen
1037 1942 1223 1993 exspecto
1269 1935 1367 1991 quid
1417 1936 1466 1977 ad
1500 1951 1559 1985 ea,
1595 1949 1694 1990 quae
1728 1935 1867 1990 scripsi
1906 1951 1919 1974 ε,

97 2012 146 2054 ad
190 2018 244 2064 te,
286 2013 459 2068 primum
499 2012 569 2067 qui
614 2012 860 2053 intellexeris
907 2026 998 2052 eum
1041 2010 1265 2052 desiderare
1307 2025 1330 2051 a
1362 2024 1439 2059 me,
1474 2024 1596 2064 quum
1631 2009 1717 2063 ipse
1752 2008 1868 2050 homo

96 2082 553 2146 πολυγραφώτατος
597 2100 804 2140 nunquam
850 2099 912 2126 me
956 2083 1195 2134 lacessisset,
1230 2082 1376 2124 deinde
1410 2096 1529 2137 quem
1563 2079 1867 2137 ζηλοτυπεῖν,

95 2160 172 2201 nisi
217 2159 317 2201 forte
360 2159 549 2210 Brutum,
601 2174 720 2214 quem
760 2159 794 2200 si
843 2174 925 2200 non
967 2154 1238 2212 ζηλοτυπεῖ,
1274 2157 1402 2198 multo
1436 2156 1700 2198 Hortensium
1735 2156 1869 2197 minus

97 2239 168 2275 aut
210 2248 291 2283 eos,
333 2233 404 2288 qui
449 2233 497 2274 de
542 2248 583 2274 re
633 2231 797 2288 publica
830 2233 1066 2288 loquuntur.
1118 2232 1241 2273 Plane
1276 2231 1350 2272 hoc
1384 2229 1485 2271 mihi
1518 2229 1691 2285 explices
1728 2230 1867 2271 velim:

99 2306 294 2362 imprimis
330 2321 539 2348 maneasne
572 2307 615 2348 in
649 2306 850 2348 sententia
882 2310 928 2347 ut
961 2306 1119 2347 mittam
1155 2304 1204 2346 ad
1239 2319 1345 2354 eum,
1380 2318 1481 2359 quae
1515 2303 1669 2358 scripsi,
1691 2318 1740 2344 an
1768 2303 1868 2344 nihil
1890 2321 1922 2346 ιο

97 2394 256 2421 necesse
290 2384 421 2434 putes.
457 2379 534 2422 Sed
569 2380 667 2422 haec
701 2395 850 2422 coram.

145 2544 350 2585 (hnficiamus
372 2544 489 2581 hortos,
513 2549 549 2574 ut
570 2553 670 2585 prope
694 2550 725 2576 te
738 2553 809 2576 esse
825 2544 958 2586 possim.
982 2577 984 2584 ,
1050 2543 1206 2585 Exspecto
1219 2544 1296 2586 quid
1308 2543 1352 2575 acl
1370 2554 1420 2575 ea.
1451 2543 1618 2584 Scriptum
1652 2543 1784 2574 malim:
1816 2553 1869 2573 ea·-

101 2598 142 2628 cs.
169 2597 251 2628 XII.
276 2596 325 2634 37,
348 2597 377 2628 2.
400 2597 524 2628 Melius
546 2602 657 2628 autem
673 2597 755 2628 haec
768 2598 959 2638 procedunt,
982 2593 984 2631 ζ
1006 2601 1112 2638 specto
1131 2599 1255 2641 aliquid
1276 2605 1337 2630 cet.
1362 2599 1470 2631 Paulo
1492 2604 1568 2630 ante
1586 2598 1752 2639 arqululos
1775 2597 1871 2633 liers

102 2652 130 2683 si
161 2658 374 2692 transponasz
414 2651 479 2682 Nos
511 2661 583 2682 vero
612 2651 812 2692 conficiamus
844 2651 963 2682 hortos.
1008 2651 1152 2692 appellat
1198 2652 1401 2683 Academica
1442 2657 1574 2693 propter
1607 2651 1742 2681 subtiles
1774 2659 1868 2690 quae-

110 2702 203 2735 Vides
224 2703 345 2743 (enim)
364 2703 586 2744 propinquitas
607 2702 683 2744 quid
703 2703 826 2734 habeat.
864 2703 962 2735 Collo·
982 2726 985 2751 ἑ
1013 2705 1138 2737 stiones
1159 2705 1201 2736 de
1223 2705 1444 2746 philosophia.

101 2756 154 2798 qui
176 2762 236 2788 cet.
984 2754 985 2766 ¹
1053 2757 1141 2799 Quae
1162 2758 1274 2799 scripsi
1297 2758 1341 2789 ad
1363 2761 1393 2789 te
1422 2768 1470 2799 ep.
1495 2759 1544 2796 13,
1570 2758 1595 2789 l.

702 2873 821 2918 XIX.
888 2876 953 2928 (A.
996 2876 1041 2917 υ.
1080 2877 1121 2917 C.
1161 2876 1279 2930 709.)

172 3004 209 3043 l.
255 3000 517 3045 Commodum
564 3001 799 3046 discesserat
845 3003 1012 3046 Hilarus
1059 3002 1246 3046 librarius
1298 3018 1358 3046 lv.
1410 3002 1517 3054 Kal„
1569 3002 1633 3044 cui
1682 3001 1866 3044 dederam

106 3076 240 3118 literas
273 3076 324 3118 ad
364 3081 417 3128 te,
453 3090 576 3131 quum
610 3077 720 3118 venit
758 3076 992 3120 tabellarius
1025 3093 1116 3120 cum
1148 3079 1231 3120 tuis
1264 3078 1389 3119 literis
1422 3076 1549 3133 pridie
1573 3075 1691 3125 datis,
1718 3076 1755 3115 ἰιι
1782 3076 1866 3128 qui-

106 3147 181 3190 bus
212 3149 312 3190 illud
355 3148 453 3189 mihi
497 3149 764 3202 gratissimum
807 3149 898 3200 fuit,
943 3150 1049 3205 quod
1090 3152 1218 3193 Attica
1255 3156 1387 3191 nostra
1424 3155 1536 3203 rogat
1569 3156 1621 3199 te,
1658 3163 1705 3189 ue
1740 3148 1865 3188 tristis

1600 3221 1680 3262 w:-
