2062 3565
708 157 808 200 LI'B.
846 159 966 200 xm.
1009 159 1085 200 ΕΡ.
1128 161 1319 200 ize-44«.
1806 163 1888 201 :225

127 291 300 333 sodalem
335 298 375 333 et
407 308 454 333 ex
487 293 647 336 duobus
677 293 791 336 libris
824 294 976 335 contuli
1014 295 1051 336 in
1087 301 1272 350 quatuor.
1324 295 1569 338 Grandiores
1593 302 1687 338 sunt
1711 297 1890 346 omnino,

129 380 247 419 quam
281 372 395 407 erant
428 366 500 417 illi,
535 368 604 409 sed
638 374 772 410 tamen
808 368 933 409 multa
965 368 1156 410 detracta.
1191 371 1252 411 'l'u
1287 375 1420 411 autem
1456 369 1554 411 mihi
1589 370 1777 426 pervelim
1796 370 1890 411 scri-

128 437 213 489 bas,
247 439 317 494 qui
351 439 595 483 intellexeris
630 442 743 483 illum
779 442 891 483 velle.
938 442 1044 484 Illud
1079 459 1170 484 vero
1205 444 1344 499 utique
1378 444 1477 485 scire
1511 445 1644 500 cupio,
1679 459 1798 500 quem
1831 444 1892 484 in-

126 511 327 554 tellexeris
363 513 414 555 ab
447 529 493 555 eo
529 511 936 570 ζηλοτυπεῖσθαι,
972 517 1049 557 nisi
1083 516 1182 558 forte
1219 517 1404 559 Brutum.
1445 517 1491 559 Id
1528 517 1657 558 hercle
1692 517 1890 559 restabat!

129 585 205 626 Sed
250 590 386 628 tamen
431 588 530 628 scire
575 588 778 643 pervelim.
828 589 939 630 Libri
985 586 1148 645 quidem
1187 591 1244 632 ita
1277 591 1460 632 exierunt
1494 616 1551 621 -—-
1585 592 1663 632 nisi
1697 592 1796 633 forte
1832 607 1892 633 me

127 655 351 702 cbmmunis
385 658 630 716 φιλαυτία
665 662 815 718 decipit
851 689 922 713 ψ,
958 670 1002 704 ut
1035 665 1077 706 in
1110 664 1180 705 tali
1213 680 1357 720 genere
1391 680 1439 706 ne
1473 664 1581 721 apud
1615 665 1788 706 Graecos
1807 665 1894 720 qui-

129 732 217 774 dem
264 734 393 775 simile
437 735 672 790 quidquam.
717 737 777 777 'l'u
822 736 930 777 illam
966 737 1159 779 iacturam
1195 738 1294 779 feres
1328 754 1454 792 aequo
1488 738 1635 788 animo,
1670 738 1776 792 quod
1812 737 1894 788 illa,

129 823 229 862 quae
263 807 385 849 habes
419 808 468 850 de
503 808 769 859 Academicis,
806 810 951 850 frustra
983 810 1183 866 descripta
1216 817 1324 852 sunt.
1360 811 1493 852 Multo
1512 816 1645 852 tamen
1665 812 1760 852 haec
1778 817 1897 853 erunt

129 880 416 936 splendidiora,
463 882 656 934 breviora,
704 883 880 925 meliora.
918 887 958 925 2.
993 885 1116 926 Nunc
1150 891 1284 927 antem
1317 882 1486 943 ἀπορῶ
1520 900 1599 940 quo
1634 900 1694 926 me
1731 891 1894 926 vertam.

134 955 231 996 Volo
265 955 495 998 Dolabellae
531 957 643 999 valde
677 957 936 1008 desideranti,
979 973 1058 999 non
1092 959 1245 1013 reperio
1279 957 1392 1013 quid,
1427 964 1467 998 et
1501 957 1620 999 simu]
1650 954 1893 1014 αἰδέομαι

134 1028 330 1087 Τρῶας,
378 1045 521 1086 neque,
567 1032 599 1072 si
644 1031 811 1087 aliquid,
857 1038 993 1087 potero
1041 1031 1246 1089 μέμψιν
1289 1034 1475 1087 effugere.
1529 1036 1612 1073 Aut
1659 1032 1895 1074 cessandum

129 1103 254 1157 igitur
287 1109 358 1145 aut
391 1104 544 1159 aliquid
580 1104 906 1160 excogitandum.
944 1108 985 1146 3.
1020 1105 1097 1147 Sed
1131 1105 1230 1161 quid
1266 1105 1361 1147 haec
1396 1105 1497 1146 levia
1520 1111 1734 1147 curamus?
1760 1107 1897 1148 Attica

129 1191 230 1227 mea,
275 1176 438 1219 obsecro
482 1182 536 1228 te,
577 1177 675 1233 quid
720 1178 828 1232 agit?
874 1192 974 1233 quae
1019 1193 1079 1218 me
1125 1178 1236 1219 valde
1282 1177 1408 1232 angit.
1453 1178 1529 1218 Sed
1563 1178 1700 1219 crebro
1736 1186 1896 1233 regusto

129 1257 220 1292 tuas
253 1250 412 1303 literas3
448 1252 490 1293 in
524 1251 587 1294 liis
621 1253 846 1306 acquiesco.
880 1252 1029 1293 Tamen
1065 1258 1252 1308 exspecto
1286 1267 1421 1294 novas.

172 1418 190 1456 ξ
215 1417 243 1448 l.
266 1417 387 1448 Totam
409 1417 578 1449 historiam
592 1418 698 1459 operis
713 1418 992 1449 Academicorum
1073 1414 1228 1447 Ecierunt
1252 1426 1287 1446 0:
1312 1426 1330 1447 a
1354 1426 1407 1448 me
1436 1417 1576 1448 confecti
1611 1422 1696 1453 sunt,
1726 1417 1894 1448 elaborati.

131 1479 172 1502 ex
196 1470 343 1512 epistolis
365 1470 531 1503 Tullianis
553 1471 732 1512 diligenter
753 1471 926 1503 contexuit
946 1472 991 1502 A.
1009 1462 1011 1466 ⁴
1031 1470 1132 1501 Hunc
1156 1470 1248 1502 verbi
1270 1480 1369 1502 usum
1393 1481 1460 1502 non
1484 1481 1617 1512 possum
1639 1472 1770 1502 firmare
1793 1471 1896 1502 altero

131 1523 171 1554 B.
199 1523 340 1554 Krische
373 1523 407 1554 in
431 1523 514 1564 disp.
537 1523 610 1554 aber
635 1522 768 1554 Cicero's
791 1523 991 1562 Academica,
1032 1525 1188 1566 exemplo
1219 1525 1388 1563 Tulliano,
1421 1527 1478 1557 sed
1502 1533 1575 1568 apte
1598 1532 1807 1567 comparatur
1831 1525 1896 1556 Ho-

131 1586 159 1607 a.
190 1576 270 1608 1845
301 1575 479 1618 Gottingae
508 1577 595 1609 edita
626 1587 656 1619 p.
692 1578 805 1615 2—19,
829 1578 870 1608 ad
892 1587 990 1619 quam
1010 1582 1011 1585 ’
1032 1578 1212 1609 ratianum:
1237 1580 1384 1609 currente
1406 1581 1476 1609 rota
1495 1589 1550 1610 cur
1562 1588 1674 1609 urceus
1686 1578 1780 1609 erit?
1804 1578 1897 1609 Idem

132 1641 197 1670 eos,
219 1633 276 1674 qui
287 1620 392 1674 'plura
413 1634 454 1665 de
465 1633 517 1665 his
530 1634 613 1665 scire
627 1634 774 1675 cupiunt,
789 1633 990 1674 ablegamus.
1033 1633 1172 1664 verbnm
1195 1633 1230 1663 in
1254 1642 1304 1674 ep.
1327 1633 1377 1670 21,
1411 1634 1427 1663 5
1464 1633 1597 1674 ponitur
1630 1634 1670 1664 dc
1707 1632 1807 1669 libris⁷
1840 1632 1896 1673 qui

174 1685 367 1718 Grandiores
399 1689 473 1718 sunt
503 1697 536 1718 o:
567 1687 807 1718 sententiarum
830 1686 991 1727 gravitate
1033 1689 1183 1725 eduntur,
1207 1688 1431 1729 divulgantur.

130 1740 373 1782 verborumque
402 1741 576 1782 splendore
607 1741 683 1772 illos
707 1746 845 1782 quatuor
867 1740 991 1781 priores
1078 1741 1191 1772 Tamen
1222 1742 1256 1773 in
1286 1742 1366 1773 enim
1397 1742 1594 1773 mutandum
1625 1751 1752 1778 censeo,
1786 1748 1822 1772 ut
1845 1742 1896 1773 ci-

128 1800 293 1837 supermt,
317 1796 350 1827 id
372 1797 461 1837 quod
483 1807 562 1828 mox
581 1798 676 1828 dicit:
694 1797 791 1828 mullo
806 1797 885 1827 llaec
898 1798 991 1827 erunt
1033 1805 1108 1827 cero
1137 1796 1189 1826 his
1220 1795 1382 1826 rationem
1415 1796 1538 1832 reddat,
1561 1805 1620 1826 cur
1643 1795 1767 1825 iactura
1789 1794 1895 1835 operis

126 1848 352 1888 splendidiora.
1035 1849 1153 1881 frustra
1171 1849 1326 1889 descripti
1348 1858 1454 1890 aequo
1477 1849 1589 1880 animo
1612 1848 1745 1880 ferenda
1768 1848 1819 1879 sit.

172 1901 215 1932 Id
237 1901 342 1933 hercle
363 1903 526 1934 restabat!
549 1913 583 1934 o:
607 1903 642 1934 id
663 1912 769 1934 unum
778 1903 899 1935 deerat.
913 1902 991 1934 For-
1012 1902 1015 1932 ἶ
1077 1904 1096 1944 ξ
1125 1904 1155 1934 2.
1194 1901 1269 1934 Volo
1302 1902 1490 1934 Dolabellae
1511 1902 1605 1933 valde
1627 1902 1833 1934 desideranti.
1855 1902 1896 1934 cf.

130 1960 215 1985 tasse
237 1953 391 1986 Ciceroni
411 1955 475 1986 hoc
491 1955 649 1987 scribenti
667 1956 903 1988 obversabatur
915 1956 992 1987 Ter.
1013 1980 1015 2005 l
1035 1966 1084 1997 ep.
1110 1956 1160 1993 10,
1184 1955 1215 1986 2.

128 2009 193 2039 Ad.
230 2009 276 2039 ΙΙ.
310 2009 338 2047 l,
368 2010 408 2041 36
431 2009 510 2041 Nam
540 2010 646 2041 hercle
680 2011 737 2042 hoc
759 2010 853 2045 etiam
879 2012 992 2041 rescat.

726 2118 847 2160 XIV.
913 2119 979 2171 (A.
1021 2117 1066 2158 U.
1105 2119 1146 2158 c.
1184 2117 1301 2171 709.)

197 2233 237 2272 l.
282 2232 440 2274 Brinnii
484 2233 652 2275 libertus
695 2232 909 2275 coheredes
954 2233 1011 2275 ait
1054 2238 1094 2274 et
1138 2231 1332 2274 Sabinum
1368 2231 1533 2273 Albium
1568 2231 1617 2273 ad
1651 2246 1712 2272 me
1747 2232 1895 2273 venire.

132 2305 182 2348 Id
225 2320 297 2360 ego
342 2305 459 2361 plane
502 2307 619 2358 nolo;
666 2306 865 2348 hereditas
908 2307 1013 2348 tanti
1057 2321 1138 2347 non
1172 2311 1246 2347 est.
1302 2305 1356 2346 Et
1386 2313 1523 2346 tamen
1555 2304 1665 2346 obire
1699 2305 1896 2346 auctionis

1934 603 1948 628 ὃ

1918 975 1951 1002 10

134 2379 239 2421 diem
272 2379 388 2421 facile
420 2384 610 2435 poterunt
644 2405 700 2410 —-
735 2385 796 2422 est
828 2380 935 2421 enim
969 2393 1040 2422 111.
1074 2378 1138 2421 Id.
1176 2403 1248 2430 —,
1285 2378 1318 2419 si
1351 2378 1480 2419 mein
1503 2378 1730 2420 Tusculano
1754 2379 1896 2435 postri-
1935 2401 1948 2424 ..3

135 2455 199 2496 die
245 2455 385 2496 Nonas
429 2469 544 2496 mane
578 2454 851 2496 convenerint.
901 2453 1058 2505 Quodsi
1091 2453 1221 2494 laxius
1255 2452 1391 2493 volent
1423 2451 1597 2507 proferre
1632 2451 1752 2502 diem,
1787 2458 1895 2508 pote-

135 2533 230 2568 runt
261 2527 324 2568 vel
355 2526 525 2569 biduum
560 2528 622 2570 vel
653 2527 834 2570 triduum
869 2527 930 2569 vel
962 2534 1010 2569 ut
1026 2526 1254 2577 videbitur;
1276 2526 1379 2568 nihil
1403 2526 1509 2567 enim
1532 2526 1712 2567 interest.
1747 2525 1894 2577 Quare,

135 2602 213 2643 nisi
245 2602 325 2643 iam
359 2601 526 2657 profecti
568 2606 676 2652 sunt,
709 2600 901 2643 retinebis
943 2600 1138 2642 homines.
1175 2603 1214 2640 2.
1249 2600 1309 2641 De
1343 2599 1483 2650 Bruto,
1519 2599 1552 2640 si
1587 2599 1683 2652 quid
1717 2599 1812 2654 egit,
1848 2598 1896 2639 de

181 2726 200 2756 2
222 2723 351 2756 Brinnii
371 2725 515 2764 libertus,
537 2725 662 2756 coheres
685 2726 804 2762 noster,
825 2723 950 2764 scripsit
972 2722 1018 2754 ad
1038 2733 1093 2760 me,
1116 2722 1207 2760 velle,
1230 2722 1258 2752 si
1280 2721 1357 2753 mihi
1373 2722 1527 2762 placeret,
1554 2720 1721 2751 coheredes
1743 2729 1776 2750 se
1797 2722 1828 2750 e!
1844 2719 1897 2749 Sa-

140 2778 242 2810 binum
263 2797 304 2802 —
326 2779 345 2813 7
364 2779 393 2810 si
415 2778 490 2821 quid
510 2778 573 2820 eyit
595 2796 637 2802 -—-

183 2884 202 2923 ξ
228 2883 258 2915 1.
289 2882 420 2914 Brinniz‘
447 2882 580 2914 libertus
599 2881 766 2914 coheredes
787 2883 836 2914 ait
858 2884 889 2913 et
911 2880 998 2912 Sabi·
1018 2882 1022 2926 ι
1042 2882 1072 2911 4.
1108 2880 1185 2911 Non
1215 2879 1276 2911 fuit
1306 2880 1339 2911 in
1371 2879 1409 2910 iis
1442 2877 1585 2909 Sabinus
1620 2876 1750 2912 Albius,
1785 2876 1839 2906 sed
1865 2875 1896 2905 in

142 2947 214 2968 num
245 2936 368 2968 Albium
396 2936 442 2968 ad
468 2946 515 2967 me
537 2936 652 2968 venire.
676 2937 728 2968 Ita
747 2937 779 2967 h.
803 2937 825 2967 l.
847 2935 998 2977 proxime
1019 2939 1023 2978 ᾖ
1044 2935 1197 2966 auctione
1218 2935 1307 2965 hunc
1331 2943 1438 2965 emere
1452 2932 1593 2963 voluisse
1615 2941 1658 2962 cx
1683 2931 1730 2967 iis,
1753 2939 1835 2970 quae
1859 2930 1898 2959 dc

145 2990 187 3020 ad
215 2989 285 3020 cod.
313 2989 404 3020 Med.
432 2989 574 3021 restituit
594 2989 807 3021 Hofmannus
829 2990 870 3020 de
890 2997 1000 3029 appar.
1020 2984 1024 3043 ι
1046 2989 1182 3019 Albiano
1204 2987 1327 3030 neqotio
1350 2988 1384 3018 in
1408 2997 1457 3028 ep.
1482 2986 1520 3016 18
1551 2993 1583 3016 et
1605 2985 1645 3015 20
1669 2985 1724 3014 lib.
1747 2982 1831 3014 XIV
1859 2984 1898 3013 lc-

146 3042 218 3073 crit.
239 3052 271 3083 p.
293 3042 344 3073 64.
365 3041 651 3083 Supplementum‚
664 3043 752 3083 quod
769 3051 811 3074 ex
824 3041 900 3073 edit.
914 3042 1025 3087 lens-1
1046 3043 1164 3083 gimus,
1187 3042 1400 3084 probabiliter
1421 3040 1632 3072 normannus
1654 3038 1801 3068 coniecit.

147 3095 246 3126 nimis
267 3095 385 3136 cupide
407 3099 573 3136 receptum
595 3101 653 3133 est,
676 3095 825 3136 pluribus
848 3095 935 3126 vitiis
957 3094 1001 3124 la·
1024 3094 1025 3103 ¹
1091 3095 1110 3135 ξ
1131 3096 1160 3126 2.
1184 3094 1218 3124 Si
1239 3094 1316 3136 quid
1336 3093 1408 3134 eyit.
1434 3092 1514 3124 Cod.
1538 3091 1608 3123 erit.
1635 3090 1746 3120 va-t.
1769 3089 1902 3130 eyeritff'

148 3149 248 3180 horat.
282 3148 398 3181 Cicero
420 3155 497 3180 tunc
527 3155 596 3180 erat
618 3150 652 3180 in
676 3150 756 3180 villa
777 3149 944 3191 Arpinati.
973 3148 1001 3178 E
1023 3141 1027 3170 ἶ
1049 3147 1152 3180 Orell.
1175 3147 1261 3178 Vide
1284 3156 1380 3187 supra
1404 3147 1443 3176 ad
1467 3155 1506 3186 ep
1542 3145 1588 3180 10,
1613 3144 1639 3173 3.

145 3201 359 3232 coheredibus
383 3202 571 3232 nominatur
601 3201 634 3232 S.
669 3202 798 3233 Vettius
822 3202 855 3233 in
881 3211 929 3241 ep.
954 3200 1002 3237 12,

207 3255 267 3297 Π.
1672 3254 1690 3293 1
1700 3255 1721 3290 Γ)
