2062 3565
140 145 225 185 308
536 142 619 183 BP.
655 141 730 181 AD
763 141 809 180 Τ.
844 137 1195 180 POMPONIUM
1232 137 1493 179 ATTICUM.

140 280 348 329 ratissime,
394 277 511 318 modo
554 276 732 316 redditae
779 275 916 315 literae
961 275 1056 315 sint.
1113 275 1212 315 Eius
1257 289 1376 316 causa
1421 280 1460 316 et
1508 275 1626 330 cupio
1676 278 1715 314 et
1760 271 1899 313 debeo.

145 357 185 394 3.
232 352 359 393 Venio
402 350 452 391 ad
495 349 733 405 propiorem.
779 347 959 401 Cognovi
1003 347 1051 388 de
1093 347 1301 399 Alexione,
1348 363 1449 403 quae
1482 346 1771 389 desiderabam.
1806 344 1900 386 Hir-

138 429 219 468 tius
261 431 320 467 est
356 429 464 464 tuus.
510 421 687 463 Antonio
732 420 921 474 quoniam
965 420 1081 471 †est‚
1123 420 1211 461 volo
1244 421 1359 476 peius
1393 436 1491 462 esse.
1542 421 1602 462 De
1637 420 1688 472 Q.
1723 418 1819 468 filio,
1855 422 1900 458 ut

139 499 292 550 scribis,
338 496 400 538 A.
445 496 505 537 Μ.
540 494 586 536 C.
635 495 696 535 De
739 497 850 549 patre
885 507 1018 533 coram
1051 507 1227 548 agemus.
1261 493 1434 535 Brutum
1469 494 1579 535 omni
1611 509 1665 544 re,
1701 507 1779 547 qua
1811 505 1899 546 pos-

101 585 115 608 5
137 588 239 622 sum,
274 571 392 626 cupio
424 570 574 619 iuvare,
610 568 724 609 cuius
756 567 805 608 de
839 565 1091 608 oratiuncula
1122 566 1229 607 idem
1261 573 1315 618 te,
1351 566 1459 622 quod
1493 582 1570 618 me,
1595 564 1743 607 sentire
1769 563 1898 605 video.

137 645 214 687 Sed
258 659 398 700 parum
441 642 638 697 intelligo,
674 640 771 696 quid
803 655 865 681 me
899 639 996 681 velis
1030 638 1202 681 scribere
1236 640 1351 695 quasi
1384 656 1407 682 a
1440 640 1568 681 Bruto
1600 638 1781 681 habitam
1815 652 1900 679 ora-

136 721 299 769 tionem,
334 732 457 773 quum
490 715 558 757 ille
591 714 776 756 ediderit.
811 713 894 765 Qui
925 712 1088 754 tandem
1123 714 1340 755 convenit?
1374 729 1424 755 an
1458 714 1529 764 sic,
1553 718 1600 754 ut
1624 713 1667 754 in
1683 718 1899 768 tyrannum

135 794 220 833 iure
262 792 411 847 optimo
445 790 632 832 caesum?
678 787 812 829 Multa
846 786 1044 837 dicentur,
1079 786 1206 828 multa
1239 786 1466 829 scribentur
1500 803 1522 828 a
1554 785 1685 837 nobis,
1720 785 1790 827 sed
1823 785 1899 826 alio

134 865 252 906 modo
286 870 326 905 et
357 870 549 920 tempore.
597 863 656 903 De
691 862 788 903 sella
820 861 1016 911 Caesaris,
1052 860 1152 902 bene
1186 860 1341 902 tribuni
1351 880 1362 912 ;
1397 861 1619 917 praeclaros
1652 860 1773 901 etiam
1807 873 1897 901 xiv.

79 950 113 976 10
134 938 314 979 ordines!
352 939 523 980 Brutum
557 935 664 991 apud
687 950 748 976 me
782 935 904 976 fuisse
932 933 1102 988 gaudeO,
1127 933 1245 975 modo
1262 939 1303 974 et
1324 932 1495 975 libenter
1518 934 1638 976 fuerit
1662 939 1702 975 et
1732 938 1794 975 sat
1811 933 1897 975 diu.

175 1106 192 1135 3
217 1104 363 1142 Antonio,
384 1114 475 1145 quam
498 1105 554 1140 est,
578 1102 646 1133 vobo
668 1119 710 1125 —-
732 1102 750 1132 6
772 1112 792 1130 a
817 1099 918 1130 Bruto
941 1099 1050 1130 habita
1072 1099 1216 1131 oratione
1239 1118 1277 1122 —

134 1263 240 1286 turam
264 1253 440 1285 verborum
466 1251 534 1282 eim·
559 1260 656 1282 eausa
680 1252 710 1280 et
733 1249 821 1289 cupio
845 1250 875 1278 et
898 1247 992 1278 debeo

131 1310 243 1351 paullo
266 1308 455 1339 liberiorem
471 1306 600 1337 notavit
612 1305 763 1336 Moserus
783 1301 897 1343 Symb.
911 1300 992 1332 Crit.

134 1364 213 1394 VII.
237 1373 267 1404 p.
292 1364 320 1399 5,
344 1361 403 1402 qui
426 1360 493 1391 fere
516 1358 628 1390 malit:
663 1357 729 1388 eius
751 1365 850 1387 causa
872 1355 918 1384 ila
943 1364 993 1385 cu-

126 1419 191 1458 pio,
215 1420 250 1447 ut
272 1416 377 1447 debeo.
400 1416 563 1446 Immeror
585 1416 655 1444 erat
678 1412 721 1442 ita
745 1410 890 1441 scribens
906 1408 993 1439 simi-

134 1471 173 1502 lis
196 1471 261 1501 loci
283 1480 300 1501 e
320 1469 414 1500 Fam.
441 1467 543 1499 XIII.
567 1466 605 1498 75
643 1464 730 1494 cuius
764 1472 861 1493 cama
890 1460 992 1492 omnia

133 1535 222 1566 quum
244 1522 332 1563 cupio
353 1524 415 1552 tum
439 1519 611 1551 mehercule
634 1517 728 1547 etiam
750 1515 853 1552 debeo,
871 1515 912 1545 ad
924 1523 955 1554 q.
972 1514 993 1543 l.

135 1577 265 1608 Cortius
288 1574 491 1606 locutionem
522 1571 658 1602 alieuius
680 1578 777 1599 causa
802 1567 912 1598 debere
941 1566 995 1596 tri-

138 1632 196 1662 bus
219 1630 292 1661 aliis
316 1627 488 1668 exemplis.
512 1626 604 1657 Fam.
629 1624 694 1655 111.
719 1622 746 1659 7,
771 1622 800 1652 6.
825 1621 886 1651 IV.
911 1621 940 1657 8,
966 1620 995 1649 1.

136 1686 215 1717 XV.
241 1685 289 1722 11,
313 1684 329 1714 1
353 1681 508 1714 munivit.

178 1741 196 1780 ξ
221 1739 249 1770 3.
272 1737 409 1768 Antonio
431 1735 575 1777 quoniam
599 1735 615 1772 †
640 1735 696 1769 ext,
719 1731 787 1761 volo
803 1728 897 1770 peius
919 1737 998 1759 esse.

138 1796 189 1826 lta
210 1793 301 1825 Med.
324 1792 455 1823 Alanus
478 1790 630 1820 lacunam
665 1784 815 1825 implevit
847 1793 878 1813 v.
905 1782 996 1818 male,

136 1854 169 1879 ut
192 1853 399 1889 opponantur
421 1844 502 1875 male
523 1844 569 1873 est
593 1847 625 1872 et
648 1838 739 1880 peius
771 1847 846 1869 esse.
885 1836 997 1867 Aliter

136 1905 246 1934 locum
268 1902 349 1932 Pius
372 1898 523 1935 restituit,
547 1895 717 1934 corrigens
746 1903 833 1933 quam
865 1893 921 1927 est,
958 1895 996 1921 ut

136 1959 201 1989 fere
224 1957 336 1988 edunt.
361 1953 508 1985 Tertiam
530 1949 752 1981 coniecturam
769 1946 871 1976 dabo:
897 1946 995 1973 Anto-

133 2012 185 2043 nio
212 2010 354 2052 quoniam
378 2010 424 2037 esc
447 2007 481 2035 ut
502 2004 582 2041 volo,
604 2001 673 2032 volo
693 1999 781 2040 peius
804 2007 880 2028 esse.

176 2064 221 2093 Dc
248 2060 381 2102 Qfl'lio,
404 2062 437 2089 ut
460 2056 580 2092 scribis,
605 2056 649 2086 A.
681 2054 731 2088 M.
761 2054 800 2086 C.
831 2051 881 2081 Ita
903 2050 991 2081 Med.

134 2120 278 2152 Orellius
300 2122 393 2159 putat
415 2125 485 2147 esse
516 2112 655 2151 vestigia
684 2116 849 2141 notarum.
883 2110 993 2138 Acute

134 2174 252 2206 Bosius
295 2182 396 2214 parva
439 2168 622 2200 mutatione
660 2164 743 2196 vidit
780 2162 992 2193 scribendum

134 2229 276 2266 IAIAC,
291 2234 357 2266 quo
370 2222 486 2254 Cicero
496 2217 691 2250 indicaverit
699 2214 908 2246 notissimum
922 2223 992 2254 pro—

134 2270 395 2313 verbium'lho'zg
422 2274 533 2305 κακῶν
573 2267 751 2300 convenire
773 2266 807 2296 in
831 2265 880 2302 iis,
909 2274 992 2305 quae

136 2339 176 2376 Q.
205 2336 295 2368 filius
327 2331 483 2373 agitabat.
521 2326 597 2368 (Off.
621 2322 846 2362 Paroemiogr.
876 2320 992 2352 Graeci

134 2391 210 2423 edit.
232 2389 322 2421 laud.
346 2386 411 2417 vol.
434 2385 460 2415 I.
491 2393 521 2424 p.
545 2382 584 2411 96
614 2385 647 2410 et
677 2377 764 2415 256).
809 2376 879 2406 Nec
903 2376 991 2416 inep-

135 2450 215 2481 tum,
249 2441 337 2483 quod
366 2440 394 2470 Ι.
423 2437 462 2468 F.
493 2431 680 2466 Gronovius
713 2428 853 2459 coniecit
883 2429 990 2462 AAlr:

134 2510 167 2530 o:
190 2498 271 2529 satis
292 2506 335 2528 sc.
358 2492 474 2525 fecisti.
511 2487 618 2520 Nihili
635 2491 684 2516 est
699 2484 887 2514 coniectura
903 2484 992 2514 Tun-

134 2551 232 2589 stalli,
254 2550 316 2591 Ep.
340 2560 370 2589 p.
395 2544 455 2576 126
477 2541 618 2584 prolata:
644 2531 713 2569 ἅνω
735 2535 841 2568 κάτω.
874 2537 992 2568 Paullo

713 2660 796 2701 IV.
831 2674 867 2699 a.

200 2791 238 2831 l.
286 2801 329 2830 x.
374 2782 467 2826 Kal.
513 2779 568 2821 H.
604 2791 646 2819 x.
690 2776 769 2817 fere
813 2791 835 2816 a
878 2775 928 2826 Q.
974 2773 1088 2816 Fufio
1132 2774 1242 2815 venit
1287 2770 1533 2813 tabellarius.

135 2861 184 2903 ab
233 2877 278 2902 eo
322 2857 584 2903 literularum‚

177 3001 196 3031 2
218 2998 355 3031 Kalend.
379 2998 457 3029 hora
479 2993 560 3026 IIX.

933 2659 999 2712 (A.

634 2850 691 2892 uti
743 2865 804 2891 me
851 2848 927 2889 sibi
974 2849 1249 2889 restituerem:

1037 1253 1111 1288 post
1132 1258 1191 1288 pro
1219 1247 1327 1278 hahita
1358 1247 1503 1279 oratione
1532 1247 1736 1279 Gronovium
1768 1252 1898 1278 secutus

1037 1301 1151 1342 scripsi
1174 1301 1311 1332 habitam
1335 1301 1518 1333 orationem.
1726 1341 1728 1343 ,

1083 1353 1144 1394 Qui
1165 1354 1291 1386 tandem
1313 1355 1485 1386 convenit?
1508 1365 1540 1386 o:
1565 1365 1631 1396 quo
1654 1355 1752 1386 modo
1769 1354 1832 1385 hoc
1846 1355 1899 1385 de-

1038 1409 1112 1440 cet?
1137 1409 1186 1440 De
1208 1409 1270 1440 hoc
1292 1419 1354 1440 usu
1378 1410 1470 1440 verbi
1493 1409 1637 1440 convenit
1651 1408 1767 1439 monui
1783 1409 1824 1439 ad
1839 1408 1899 1439 Ca-

1039 1463 1087 1493 til.
1111 1464 1138 1493 1.
1165 1464 1195 1493 4.
1217 1463 1315 1493 Locis
1331 1463 1378 1493 ibi
1398 1462 1536 1493 laudatis
1552 1462 1636 1492 addo
1653 1471 1741 1492 nunc
1755 1471 1786 1502 p.
1803 1460 1899 1492 Caec.

1041 1517 1090 1547 33.
1129 1516 1193 1547 Off.
1227 1515 1275 1546 ΙΙ.
1310 1515 1350 1545 64
1383 1520 1415 1546 et
1447 1524 1464 1546 e
1501 1515 1588 1546 dicto
1628 1515 1676 1546 M.
1700 1514 1815 1545 Scauri
1850 1524 1899 1555 ap.

1043 1569 1225 1601 Asconium
1254 1579 1284 1609 p.
1315 1567 1369 1598 22:
1395 1568 1459 1598 utri
1490 1578 1550 1604 vos,
1577 1567 1725 1608 Quirites,
1757 1566 1900 1597 convenit

1043 1624 1170 1654 eredere
1179 1623 1198 1652 ,7

1088 1675 1134 1705 De
1141 1676 1222 1706 sella
1237 1675 1385 1706 Caesaris
1394 1675 1469 1705 bene
1485 1673 1610 1705 tribuni.
1627 1673 1753 1704 Sellam
1767 1682 1898 1704 auream

1042 1733 1123 1763 olim
1147 1731 1279 1763 Caesari
1302 1731 1467 1762 decretam
1493 1729 1590 1770 (Suet
1624 1728 1717 1760 Caes.
1740 1728 1789 1761 76.
1829 1728 1897 1769 Ap-

1041 1786 1130 1827 pian.
1154 1786 1192 1816 B.
1217 1784 1251 1815 C.
1278 1785 1323 1815 II.
1346 1783 1419 1816 1ῡὸ)
1445 1789 1476 1814 et
1497 1793 1561 1824 qua
1577 1783 1694 1814 sedens
1706 1782 1799 1812 ludos
1809 1790 1896 1822 spec-

1042 1839 1131 1870 tabat
1146 1838 1304 1878 (Appian.
1319 1837 1365 1868 ΙΙ.
1386 1837 1452 1867 109.
1470 1836 1535 1867 Dio
1551 1836 1588 1867 (ἶ.
1602 1834 1729 1872 XLIV,
1751 1834 1896 1875 6)quum

1042 1894 1075 1924 in
1099 1892 1184 1923 ludis
1206 1900 1328 1932 ponere
1351 1891 1453 1922 vellet
1475 1889 1642 1926 Octavius,
1658 1888 1898 1930 prohibuerunt

1039 1945 1165 1976 tribuni
1198 1944 1304 1985 plebis
1334 1949 1466 1975 auctore
1496 1943 1658 1978 Antonio,
1700 1947 1736 1972 ut
1765 1941 1898 1972 tradunt

1039 1998 1212 2039 Appianas
1235 1998 1274 2028 B.
1300 1996 1337 2028 C.
1359 1997 1425 2028 III.
1448 1997 1497 2028 28.
1533 1996 1597 2040 Dio
1619 1995 1733 2026 XLV.
1764 1994 1782 2025 6
1812 1998 1896 2025 extr.

1039 2056 1167 2086 Laudat
1193 2054 1227 2085 in
1251 2063 1290 2085 eo
1312 2054 1471 2090 tribunos,
1502 2052 1616 2083 laudat
1638 2051 1737 2083 etiam
1760 2050 1896 2091 equites,

1038 2109 1125 2149 quod
1149 2108 1183 2138 in
1209 2107 1336 2138 theatro
1359 2106 1507 2137 animum
1530 2114 1626 2135 suum
1648 2104 1682 2134 in
1707 2112 1776 2134 rem
1792 2102 1897 2143 publi-

1037 2171 1110 2191 cam
1132 2160 1366 2200 significaram.

1080 2214 1172 2255 Apud
1192 2224 1239 2244 me
1261 2223 1294 2243 a:
1318 2213 1409 2244 domi
1431 2222 1523 2244 meae
1546 2213 1699 2248 Asturae,
1731 2217 1768 2241 ut
1790 2211 1896 2241 obser-

1038 2274 1093 2299 vat
1115 2267 1288 2299 Corradus.

1083 2322 1173 2353 Jlodo
1195 2322 1327 2352 libenter
1341 2320 1448 2361 fixerit
1472 2323 1502 2351 et
1525 2322 1575 2351 sat
1598 2319 1664 2349 diu.
1700 2334 1712 2345 υ
1724 2320 1826 2350 Modo
1856 2328 1897 2349 ne

1038 2376 1205 2417 poeniteat
1227 2385 1303 2406 eum
1327 2375 1437 2411 fuisse,
1460 2374 1538 2415 quia
1554 2373 1637 2404 forte
1651 2373 1799 2410 audierit,
1812 2382 1897 2413 quae

1039 2431 1152 2467 nollet,
1176 2440 1236 2461 nec
1259 2429 1355 2460 citius
1377 2428 1562 2459 discesserit
1584 2437 1684 2468 quam
1696 2427 1809 2458 omnia
1823 2436 1896 2458 mea

1038 2484 1162 2514 monita
1186 2483 1331 2522 accipere
1354 2481 1529 2522 potum-its*
1554 2482 1578 2510 1.
1603 2480 1639 2510 F.
1663 2479 1763 2510 Gron.

1041 2659 1085 2700 U.
1124 2659 1166 2699 e.
1205 2658 1322 2711 710.)

1604 2768 1752 2811 Nescio
1799 2767 1895 2823 quid

1302 2861 1395 2887 sane
1442 2844 1617 2891 insulse,
1670 2848 1716 2884 ut
1769 2842 1892 2891 solet;

177 3125 194 3163 ξ
219 3125 246 3154 1.
270 3122 315 3154 H.
336 3121 370 3153 Χ
381 3122 460 3160 jere
481 3118 596 3160 scripsi
626 3127 667 3149 ex
697 3115 889 3148 auctoritate
916 3113 987 3146 cod.
1034 3119 1113 3145 vant
1135 3118 1167 3145 et
1190 3116 1264 3143 ante
1288 3121 1342 3143 eos
1365 3109 1410 3143 H.
1435 3120 1468 3141 o:
1493 3109 1571 3141 hora
1588 3105 1750 3140 excidisse
1767 3111 1895 3149 putant.

138 3181 233 3216 Med„
259 3181 291 3210 in
316 3190 381 3219 quo
396 3184 457 3207 est:
483 3174 645 3215 JIXfere.
668 3174 739 3205 Alii
762 3182 914 3204 numeros
928 3181 990 3202 ser-

1078 3171 1104 3199 A
1144 3168 1288 3208 (2.]*’us1's›
1312 3168 1446 3198 Caleno.
1489 3166 1604 3197 Cicero
1633 3164 1801 3195 hominem
1834 3163 1896 3193 sibi
