2062 3565
699 162 801 204 LIB.
838 161 960 204 XIII.
998 162 1079 203 ΕΡ.
1118 163 1313 204 23—25.
1804 163 1885 202 2:37

698 360 862 403 XXIV.
929 363 994 414 (A.
1036 362 1081 402 (J.
1120 362 1161 402 C.
1200 361 1317 414 709.)

185 474 293 526 Quid
337 483 398 517 est
442 476 549 531 quod
596 477 870 531 Hermogenes
913 476 1013 518 mihi
1057 476 1224 518 Clodius
1271 476 1567 518 Andromenem
1615 475 1692 518 sibi
1743 475 1891 517 dixisse

123 564 164 590 se
197 548 431 591 Ciceronem
464 550 610 591 vidisse
645 552 868 605 Corcyrae?
903 551 989 606 Ego
1022 551 1129 591 enim
1164 550 1302 592 audita
1335 550 1410 592 tibi
1443 557 1639 606 putaram.
1674 550 1744 592 Nil
1769 550 1892 605 igitur

124 637 173 674 ne
207 622 243 662 ei
277 621 440 677 quidem
474 622 706 664 literarum?
743 625 805 663 An
841 638 921 664 non
957 621 1085 664 vidit?
1125 622 1257 664 Facies
1291 638 1384 677 ergo
1418 629 1465 664 ut
1498 624 1634 665 sciam.
1672 622 1780 674 Quid
1807 620 1890 662 ‘tibi

123 710 196 750 ego
239 694 288 736 de
334 695 511 737 Varrone
554 694 800 737 rescribam?
844 696 1047 747 Quattuor
1081 689 1331 754 διφθέραι
1366 703 1461 737 sunt
1494 697 1536 738 in
1570 704 1640 738 tua
1674 701 1892 752 potestate;
1935 705 1947 727 r,

124 768 230 824 quod
274 768 415 824 egeris»,
461 767 503 808 id
548 766 740 823 probabo.
794 768 879 809 Nec
924 775 1056 810 tamen
1100 761 1342 825 αἰδέομαι
1383 768 1574 827 Τρῶας.
1613 769 1723 823 Quid
1758 769 1894 810 onim?

125 841 202 884 Sed
235 842 314 898 ipsi
348 855 469 896 quam
504 855 566 881 res
599 840 669 881 illa
703 840 936 895 probaretur
969 842 1096 895 magis
1131 841 1306 882 verebar.
1363 842 1438 883 Sed
1474 845 1661 898 quoniam
1698 852 1741 884 tu
1773 844 1895 884 susci-

126 915 200 971 pis,
234 915 278 957 in
311 914 476 956 alteram
511 929 663 955 aurem.

166 1091 397 1132 Hermogenes
419 1091 556 1122 libertus
579 1101 623 1123 ex
647 1091 862 1123 Andromene
893 1101 988 1123 servo
1039 1101 1098 1124 nec
1121 1100 1230 1124 tamen
1254 1102 1421 1126 sermones
1445 1095 1617 1127 hominum
1632 1095 1824 1134 reformido;
1840 1107 1898 1128 cur

127 1145 179 1177 vel
207 1145 326 1176 liberto
359 1145 488 1176 audisse
511 1154 545 1176 se
568 1150 767 1182 narraverat,
791 1145 837 1176 M.
861 1144 988 1178 Cicero·
1036 1146 1127 1178 enim
1149 1155 1204 1177 eos
1226 1146 1361 1178 curem?

127 1208 204 1230 nem
235 1199 343 1230 filium
377 1197 540 1239 Corcyrae
563 1199 673 1230 visum
697 1198 808 1230 fuisse.
847 1200 989 1230 Miratur
1079 1198 1119 1230 In
1142 1199 1277 1230 alteram
1305 1210 1423 1230 aurem.
1453 1200 1673 1234 Proverbium
1703 1204 1743 1234 de
1767 1204 1815 1240 iis,
1839 1205 1898 1244 qui

126 1258 227 1295 pater,
250 1253 313 1284 hoc
335 1252 364 1284 si
385 1262 501 1284 venun
523 1259 616 1290 esset,
639 1253 747 1283 filium
777 1254 989 1286 Andromeni
1012 1266 1014 1287 ι
1036 1262 1152 1284 securo
1174 1253 1286 1284 animo
1308 1261 1385 1285 sunt
1408 1262 1440 1286 et
1468 1256 1647 1297 tranquille
1674 1258 1842 1289 dormiunt
1864 1258 1896 1288 in

126 1306 212 1337 nihil
246 1306 417 1337 literarum
447 1305 545 1337 fuisse
573 1307 740 1337 daturum.
776 1305 867 1345 Quid
889 1307 928 1338 de
953 1316 991 1338 ea
1012 1289 1015 1348 l
1037 1307 1189 1337 utramvis
1211 1318 1318 1338 aurem
1340 1308 1484 1346 (tornare,
1507 1311 1547 1341 de
1569 1321 1634 1351 quo
1658 1311 1745 1342 vidd.
1770 1312 1843 1342 intt.
1858 1313 1899 1343 ad

129 1369 164 1390 re
187 1358 333 1390 iudicare
356 1359 499 1397 deberet,
523 1369 564 1390 ex
589 1359 704 1391 Attico
726 1361 866 1401 quaerit.
903 1361 990 1392 Atti·
1014 1357 1015 1366 ¹
1037 1361 1114 1392 Ter.
1137 1361 1259 1392 Heaut.
1286 1362 1330 1393 II.
1356 1362 1383 1399 3,
1410 1363 1477 1400 101,
1503 1362 1618 1395 Cicero
1639 1365 1684 1396 ita
1702 1365 1898 1403 immutavit,

128 1422 186 1444 cus
208 1412 420 1443 confirmavit
442 1411 613 1444 Ciceronis
635 1413 867 1454 suspicionem,
891 1420 927 1445 ut
939 1424 991 1455 ap-
1016 1448 1017 1451 ¹
1039 1421 1077 1445 ut
1098 1415 1272 1446 scribendo
1294 1416 1327 1446 in
1351 1416 1484 1447 alteram
1508 1428 1613 1448 aurem
1641 1418 1843 1459 significaret
1866 1429 1900 1450 se

129 1473 221 1508 paret
242 1475 285 1498 ex
307 1467 399 1508 epist.
422 1466 473 1505 25,
498 1466 526 1498 l.
1040 1478 1107 1500 nou
1140 1469 1275 1510 quidem
1298 1470 1405 1511 plane,
1437 1472 1494 1502 sed
1515 1476 1626 1503 tamen
1649 1473 1728 1504 satis
1751 1483 1901 1505 securum

175 1518 238 1550 Nec
259 1522 364 1550 tamen
387 1515 550 1564 αἰδέομαι
578 1521 711 1562 Τρῶας.
738 1518 822 1559 Quid
836 1520 915 1550 enim
927 1519 946 1548 ,Ρ
959 1529 992 1549 o:
1040 1531 1110 1553 esse
1132 1523 1332 1554 Academica
1361 1534 1425 1554 non
1455 1524 1675 1565 improbatlun
1692 1527 1731 1557 iri
1747 1526 1900 1558 Varroni.

719 1666 855 1708 XXV.
923 1667 987 1717 (A.
1032 1666 1076 1707 U.
1115 1668 1157 1706 C.
1196 1667 1313 1720 709.)

199 1794 237 1834 1.
284 1792 343 1833 De
377 1794 614 1844 retentione,
662 1793 845 1848 rescripsi
879 1792 929 1834 ad
963 1801 1052 1834 tuas
1085 1801 1269 1835 accurate
1305 1795 1474 1851 scriptas
1507 1796 1656 1839 literas,
1706 1800 1903 1843 Conficies

131 1866 270 1922 igitur,
316 1877 356 1907 et
400 1867 561 1921 quidem
606 1868 690 1908 sine
735 1867 813 1908 ulla
857 1866 1111 1908 dubitatione
1152 1874 1223 1909 aut
1266 1870 1561 1912 retrectatione.
1613 1873 1701 1914 Hoc
1745 1876 1827 1916 fieri
1861 1884 1901 1917 et

132 1944 288 1995 oportet
321 1946 361 1980 et
393 1954 493 1995 opus
527 1948 600 1982 est.
638 1941 697 1981 De
732 1939 1003 1990 Andromene,
1038 1949 1084 1982 ut
1117 1940 1272 1992 scribis,
1307 1943 1364 1983 ita
1386 1950 1584 1999 putaram.
1620 1947 1769 1989 Scisses
1793 1949 1901 1990 enim

134 2013 311 2068 mihique
345 2012 528 2055 dixisses.
565 2017 605 2056 2.
639 2015 700 2056 Tu
733 2019 868 2055 tamen
902 2014 959 2055 ita
991 2014 1092 2055 mihi
1126 2014 1174 2056 de
1207 2016 1335 2057 Bruto
1368 2017 1524 2070 scribis,
1558 2027 1605 2061 ut
1638 2020 1686 2062 de
1720 2027 1759 2062 te
1782 2021 1900 2063 nihil.

133 2086 309 2133 Quando
353 2092 487 2129 autem
538 2088 652 2130 illum
700 2091 845 2144 putas?
890 2088 997 2129 Nam
1042 2103 1114 2144 ego
1159 2089 1328 2131 Romam
1362 2091 1488 2147 pridie
1522 2092 1635 2134 Idus.
1686 2094 1812 2136 Bruto
1845 2096 1903 2137 ita

134 2159 241 2200 volui
275 2158 448 2202 scribere
485 2186 541 2190 —
577 2161 646 2202 sed
680 2161 870 2216 quoniam
903 2166 950 2202 tu
983 2167 1022 2202 te
1056 2161 1200 2216 legisse
1234 2162 1390 2214 scribis,
1414 2164 1474 2206 fui
1513 2165 1678 2207 fortasse
1713 2164 1903 2224 ἀσαφέ-

134 2248 303 2293 στερος
338 2259 395 2264 -
430 2249 492 2276 me
526 2250 573 2276 ex
606 2235 688 2276 tuis
720 2234 848 2275 literis
881 2233 1126 2276 intellexisse
1160 2235 1265 2276 nolle
1299 2251 1391 2277 eum
1423 2252 1485 2279 me
1503 2240 1617 2293 quasi
1636 2241 1904 2296 prosequendi

135 2308 194 2349 sui
241 2321 362 2348 causa
408 2308 576 2349 Romam
610 2323 717 2350 nunc
751 2307 900 2348 venire.
953 2308 1031 2349 Sed
1065 2309 1255 2363 quoniam
1287 2310 1365 2351 iam
1400 2310 1514 2353 adest
1546 2327 1659 2355 meus
1691 2314 1902 2367 adventus,

136 2380 197 2422 fac
241 2394 402 2436 quaeso,
445 2395 496 2422 ne
541 2381 639 2435 quid
679 2396 770 2423 eum
816 2380 916 2422 Idus
961 2381 1197 2437 impediant,
1234 2399 1313 2438 quo
1345 2384 1480 2426 minus
1513 2401 1585 2428 suo
1619 2388 1827 2430 commodo
1860 2389 1903 2431 in

135 2453 364 2495 Tusculano
404 2454 471 2494 sit.
519 2454 559 2495 N
563 2468 607 2495 ec
650 2454 758 2495 enim
802 2453 852 2495 ad
897 2453 1078 2496 tabulam
1119 2470 1212 2496 eum
1244 2456 1544 2500 desideraturus
1577 2475 1698 2502 eram.
1749 2463 1798 2503 Ῐ11
1831 2461 1903 2503 tali

138 2526 244 2568 enim
291 2526 453 2582 negotio
491 2541 562 2568 cur
598 2533 646 2568 tu
686 2542 792 2568 unus
834 2541 915 2568 non
950 2528 1046 2569 satis
1079 2530 1148 2570 es?
1192 2529 1270 2571 Sed
1303 2531 1353 2572 ad
1387 2536 1672 2575 testamentum
1707 2533 1902 2584 volebam,

137 2599 242 2655 quod
287 2601 368 2642 iam
411 2600 515 2642 malo
557 2601 635 2642 alio
685 2601 763 2650 die,
810 2615 858 2642 ne
904 2599 955 2641 ob
1004 2616 1092 2643 eam
1136 2617 1296 2645 causam
1344 2605 1509 2647 Romam
1555 2608 1709 2648 venisse
1754 2607 1900 2649 videar.

180 2766 199 2796 3
221 2766 452 2798 retractatione
475 2785 515 2790 —
538 2766 557 2796 6
584 2764 637 2796 Ita
660 2765 745 2796 volui
769 2765 869 2796 Bruto
892 2783 932 2788 -

183 2926 202 2966 ξ
224 2926 254 2958 1.
276 2925 326 2957 De
347 2925 523 2957 retentione
544 2925 702 2966 rescripsi.
726 2926 802 2957 Vid.
826 2936 876 2967 ep.
904 2926 955 2964 23,
971 2927 1000 2957 3.
1020 2931 1025 2961 ¹.
1048 2930 1244 2962 vocabulum
1279 2931 1420 2972 ponitur.
1455 2930 1506 2962 cf.
1538 2929 1742 2966 Wesenberg
1766 2928 1904 2959 Emcnnl.

183 2977 222 3008 Ec
254 2980 374 3019 oportet
405 2980 435 3009 et
464 2987 540 3018 opus
569 2980 628 3009 est.
664 2978 740 3010 Vid.
769 2980 846 3010 adn.
877 2979 917 3009 ad
939 2974 1025 3026 Iv.{
1048 2994 1079 3024 p,
1102 2984 1153 3017 47,

145 3031 174 3068 6,
197 3032 228 3062 2.
246 3030 365 3065 Graeci
391 3030 557 3074 προσήκει
585 3028 644 3063 καὶ
673 3027 742 3065 δεῖ.
1022 3028 1026 3071 l
1090 3037 1144 3068 Ad
1156 3037 1304 3074 tabulam,
1321 3044 1358 3068 ut
1377 3037 1521 3068 auctioni
1538 3037 1707 3067 interesset
1722 3035 1903 3065 hortorum.

185 3088 206 3128 ξ
226 3088 256 3119 2.
278 3087 382 3119 Bruto
402 3087 451 3118 ita
480 3087 566 3118 noem·
586 3105 628 3110 —
656 3088 823 3120 Revocavi
851 3079 1026 3128 ordinem!
1049 3088 1100 3121 cf.
1123 3089 1206 3121 ΧΠ.
1228 3090 1279 3127 40,
1301 3091 1331 3120 4.
1353 3089 1456 3120 xm.
1481 3090 1530 3126 33,
1553 3091 1583 3119 4.

145 3141 329 3178 verborum,
361 3147 395 3171 ut
422 3141 572 3171 laudatur
596 3150 613 3172 e
641 3141 712 3173 cod.
742 3141 778 3172 Z.
811 3147 843 3172 et
864 3141 1004 3182 Elaiasp.
1091 3142 1144 3173 Ad
1170 3144 1386 3173 testamentum
1418 3154 1460 3172 εν,
1491 3142 1731 3173 (ὼείῑῑιιηιιιίιιιιι
1771 3139 1902 3169 ridebam

145 3196 195 3227 Ita
227 3199 315 3238 quod
345 3199 382 3228 ad
415 3208 504 3238 seqq.
538 3206 659 3238 spectat
695 3206 781 3230 recte
813 3205 884 3239 post
913 3198 1002 3229 aliud
1052 3197 1190 3227 Brutum
1213 3196 1333 3225 adesse.

1924 2405 1959 2432 10
