2062 3565
224 155 274 193 96
631 153 706 193 ΕΡ.
746 152 818 191 AD
851 151 896 190 Τ.
935 150 1279 191 POMPONIVM
1321 152 1580 196 A'PHOI'M.

221 294 536 343 exspectaturus,
587 302 637 327 an
671 286 871 341 quomodo
905 286 1051 327 dixerit
1083 285 1149 327 ille
1184 287 1346 341 quidem
1381 288 1430 329 ad
1464 303 1505 330 se
1539 289 1684 332 deferri
1717 292 1986 346 consulatum,

221 361 288 401 sed
321 376 361 401 se
394 360 498 401 nolle
530 361 574 401 in
607 360 833 415 proximum
866 374 1032 400 annum.
1066 359 1121 400 Et
1153 360 1231 402 alia
1264 366 1373 411 sunt,
1408 377 1510 417 quae
1543 365 1765 420 exquiram.
1821 363 1987 406 Iurabat

223 434 271 473 ad
321 448 530 483 summam,
575 432 684 487 quod
728 432 841 473 nullo
887 431 1050 487 negotio
1084 433 1111 476 †
1127 432 1288 483 faceret,
1324 434 1611 477 amicissimum
1643 437 1746 478 mihi
1779 437 1988 478 Caesarem

222 521 320 546 esse.
367 506 392 547 †
410 504 541 546 Debet
585 504 684 560 quid
717 505 839 555 enim,
873 505 1055 560 inquam.
1090 505 1259 560 Scripsit
1293 505 1343 547 ad
1376 521 1439 548 me
1472 507 1696 551 Dolabella.
1730 510 1820 562 Dic,
1863 510 1991 565 quid?

185 588 198 612 5
226 577 460 619 Affirmabat
491 593 581 618 eum
617 577 836 633 scripsisse,
871 577 980 633 quod
1014 592 1076 618 1116
1109 583 1274 633 cuperet
1307 578 1355 619 ad
1389 579 1531 621 urbem
1570 582 1719 632 venire,
1753 583 1870 625 illum
1902 585 1990 640 qui—

224 652 312 692 dem
363 652 511 706 gratias
558 666 673 706 agere
718 651 911 692 maximas
957 656 997 692 et
1038 666 1120 692 non
1165 651 1283 693 modo
1328 652 1494 708 probare
1545 654 1614 696 sed
1649 655 1770 696 etiam
1802 655 1990 711 gaudere.

224 725 331 776 Quid
377 725 567 780 quaeris?
609 725 820 779 Acquievi.
867 725 1015 766 Levata
1056 736 1117 766 est
1161 727 1268 767 enim
1318 727 1492 781 suspicio
1535 727 1605 769 illa
1654 728 1864 771 domestici
1897 729 1992 771 mali

225 807 263 838 et¹
296 799 487 839 sermonis
523 798 716 839 Hirtiani.
755 797 887 849 Quam
921 799 1039 853 cupio
1070 798 1185 840 illum
1220 799 1394 854 dignum.
1422 815 1506 842 esse
1540 800 1657 843 nobis
1690 809 1730 844 et
1763 818 1883 858 quam
1906 803 1990 859 ipse
2036 806 2038 809 ’

224 887 284 912 1116
329 872 354 913 †
371 871 512 922 invito,
554 886 654 926 quae
699 886 769 927 pro
811 871 880 912 illo
930 872 982 912 sit
1025 865 1325 927 suslsscandum.
1368 873 1446 915 Sed
1480 889 1579 930 opus
1613 875 1691 917 fuit
1724 876 1862 918 Hirtio
1897 891 1990 918 con-

167 957 198 980 10
224 945 368 985 vento?
403 944 476 985 Est
507 944 685 999 profecto
719 945 855 986 nescio
888 945 1001 999 quid,
1037 945 1104 987 sed
1140 946 1259 987 velim
1293 962 1413 1002 quam
1447 948 1627 990 minimo.
1663 950 1717 991 Et
1738 955 1875 991 tamen
1898 964 1991 991 eum

223 1017 400 1058 nondum
435 1017 584 1059 redisse
618 1018 823 1059 miramur.
874 1018 951 1060 Sed
990 1018 1083 1060 haec
1118 1019 1358 1063 videbimus.
1397 1023 1468 1062 12.
1502 1022 1563 1063 'Pu
1597 1023 1750 1078 Oppios
1781 1023 1991 1065 Terentiae

222 1090 349 1132 dabis.
393 1092 479 1133 Iam
524 1092 631 1133 enim
677 1092 788 1133 urbis
834 1107 957 1134 unum
1005 1093 1225 1147 periculum
1273 1099 1346 1135 est.
1404 1096 1471 1136 Me
1517 1102 1650 1137 tamen
1682 1095 1849 1138 consilio
1882 1096 1991 1147 iuva,

264 1258 281 1287 3
307 1256 468 1287 (hesarem
493 1265 559 1287 esse
580 1255 701 1287 debere.
728 1255 812 1297 taz'd
833 1258 923 1295 enim,
947 1258 1058 1299 inquil,
1082 1259 1207 1299 semfpsit
1232 1259 1276 1289 nd
1297 1271 1342 1291 me
1369 1260 1532 1292 Dolabella
1544 1262 1562 1291 ,Ρ
1586 1281 1626 1286 —
1647 1261 1718 1299 Dic,
1741 1260 1846 1303 quid?
1862 1278 1898 1282 —
1917 1261 1994 1291 9me

220 1310 328 1345 -invz'to,
352 1312 371 1346 †
394 1321 454 1351 qua
477 1328 515 1331 ——
539 1312 556 1347 †
577 1308 639 1340 Sed
660 1320 736 1349 opus
749 1310 821 1349 fvit
843 1310 953 1342 Hirtio
975 1314 1133 1343 con-vento.
1157 1332 1198 1336 —

263 1459 313 1488 Aa
334 1458 482 1500 quomodo
504 1457 623 1489 diaeerit
646 1458 702 1489 ille
723 1458 845 1500 quidem
858 1458 903 1490 ad
918 1468 951 1490 se
963 1458 1083 1499 deferri
1130 1460 1239 1501 spicor
1260 1460 1381 1492 falsum
1404 1471 1474 1493 esse
1497 1472 1515 1493 a
1540 1462 1583 1501 Q.
1606 1462 1676 1493 filio
1700 1471 1760 1493 nos
1781 1461 1908 1493 delatos
1921 1470 1992 1493 esse

221 1512 425 1550 consulatum,
457 1512 514 1544 sed
535 1522 568 1544 se
598 1513 682 1543 nolle
711 1512 743 1542 in
764 1512 934 1552 proximum
959 1524 1084 1544 almum.
1131 1515 1218 1555 apud
1241 1513 1426 1553 Caesarem,
1461 1521 1635 1557 postquam
1657 1515 1746 1556 prius
1775 1525 1852 1547 cum
1882 1515 1995 1546 Hirtio

222 1565 344 1596 Melius
366 1565 530 1597 sententia
551 1566 707 1606 procedit,
731 1566 758 1596 si
782 1573 837 1597 aut
853 1576 928 1597 cum
943 1565 1084 1598 Graevio
1131 1567 1259 1598 locutus
1284 1567 1405 1600 fuerat.

223 1623 302 1658 part.
327 1618 448 1660 quidem
470 1619 616 1660 posueris
639 1626 712 1660 post
735 1618 781 1649 ad
805 1629 847 1657 se,
871 1626 926 1651 aut
950 1630 1008 1660 pro
1030 1619 1089 1650 sed
1176 1620 1274 1661 Quam
1298 1621 1364 1661 ipse
1386 1632 1432 1652 me
1452 1624 1469 1660 †
1492 1621 1599 1659 invito,
1621 1632 1701 1664 quae
1715 1631 1778 1662 pro
1799 1621 1859 1653 illo
1879 1621 1921 1652 sit
1944 1631 1993 1652 su-

222 1682 256 1703 se
278 1682 410 1704 mecum
431 1674 615 1705 correxeris
636 1684 714 1711 sese,
739 1679 775 1705 ut
797 1674 877 1705 haec
892 1674 996 1706 dicat:
1018 1690 1030 1701 υ
1043 1685 1083 1705 an
1131 1674 1325 1714 spicandvm.
1347 1676 1399 1706 Ita
1422 1680 1471 1707 est
1493 1676 1527 1706 in
1551 1676 1642 1708 Med.
1658 1680 1792 1717 eratque
1820 1676 1855 1706 in
1870 1675 1993 1706 Torne-

223 1728 303 1767 quid
331 1727 474 1758 voluerit
504 1727 624 1759 Caesar
653 1729 766 1759 dicens
789 1738 859 1759 sese
883 1729 973 1760 nolle
1005 1739 1082 1760 con·
1132 1729 1235 1760 siano.
1273 1729 1362 1761 Hinc
1385 1730 1550 1772 profectus
1580 1730 1729 1762 Kochius
1751 1739 1890 1760 —nam
1918 1733 1994 1760 ante
2040 1748 2044 1750 -

224 1782 328 1813 sulem
350 1783 421 1813 fieri
445 1783 479 1813 in
502 1783 693 1823 proximum
716 1785 876 1814 annum.''
909 1783 1085 1824 Spectabat
1132 1793 1208 1814 eum
1232 1783 1317 1814 nihil
1334 1784 1560 1824 excogitatum
1574 1788 1632 1820 est,
1647 1783 1735 1823 quod
1749 1779 1992 1826 πειθανάγκην

223 1842 334 1867 autem
355 1836 560 1873 dictaturam,
584 1836 683 1876 idque
706 1837 862 1877 ambiguo
876 1837 964 1868 dicto
979 1837 1084 1868 decla·
1130 1841 1250 1872 habeat
1275 1859 1314 1863 —
1335 1841 1436 1871 verba
1465 1840 1511 1871 sic
1541 1840 1729 1881 temptavit:
1771 1836 1872 1875 Quam
1904 1838 1995 1879 cupio

222 1894 358 1920 rever-at.
1131 1893 1220 1923 illum
1252 1903 1320 1924 esse
1348 1893 1474 1934 diqmlm
1507 1893 1593 1923 nobis
1623 1894 1653 1923 et
1682 1902 1771 1934 quam
1800 1891 1868 1932 ipse
1896 1901 1992 1922 meam

264 1945 315 1976 Ad
335 1956 481 1975 summam
504 1955 537 1976 0:
566 1945 709 1986 denique
751 1946 791 1976 cf.
815 1946 855 1976 ad
878 1945 976 1976 XIV.
1000 1946 1027 1982 1,
1055 1946 1082 1976 1.
1131 1946 1281 1986 vitupero,
1303 1957 1363 1988 qua
1387 1956 1452 1976 eum
1476 1945 1569 1982 laesi,
1587 1945 1803 1985 suspicionem.
1829 1942 1944 1974 Tamen
1965 1942 1994 1973 si

268 1997 360 2033 Quod
384 2009 413 2028 n.
437 2009 466 2028 n.
482 1998 622 2038 fizcerel.
654 1998 867 2029 Coniunctivi
891 1998 986 2029 nulla
1000 1998 1084 2029 ratio
1130 1998 1160 2028 ei
1181 2007 1260 2037 opus
1272 1997 1343 2038 fuit
1366 1997 1476 2028 Hirtio
1499 1998 1657 2047 cofivento,
1688 1998 1735 2027 est
1757 1995 1920 2044 prosa-tq-
1939 2005 1993 2026 ne·
2039 1998 2042 1999 ’

219 2058 278 2082 est.
300 2051 444 2092 Egregie
473 2050 618 2082 Orellius
652 2052 731 2082 vidit
754 2051 964 2082 scribendum
989 2060 1077 2082 esse:
1130 2050 1195 2080 scio
1217 2050 1304 2092 quid.
1331 2051 1431 2089 Quod
1454 2050 1499 2081 ita
1513 2050 1625 2091 probo,
1641 2055 1677 2080 ut
1695 2058 1799 2090 pauca
1813 2048 1908 2080 aliter
1918 2048 1995 2079 scri·

210 2105 326 2144 jacere
347 2105 439 2135 solet.
1131 2104 1222 2135 bam:
1247 2123 1287 2127 -
1308 2115 1398 2146 quam
1431 2104 1496 2145 ipse
1525 2113 1572 2134 me
1605 2103 1759 2143 vitupero,
1787 2102 1840 2145 qui
1867 2102 1908 2133 de
1936 2102 1995 2133 illo

263 2157 487 2188 Amicissimum
503 2157 578 2187 milei
592 2156 756 2188 Caesarem
775 2156 970 2187 essedebere.
997 2156 1082 2194 Quis
1128 2157 1184 2187 sim
1208 2157 1394 2198 suspicatus.
1424 2156 1488 2187 Sed
1507 2155 1583 2197 quid
1602 2165 1678 2196 opus
1691 2155 1765 2196 suit
1787 2154 1899 2186 Hirtio
1920 2165 1993 2186 con-

220 2212 331 2243 credat
354 2212 414 2243 hoc
438 2213 616 2243 affirmasse
639 2211 846 2243 Curionem?
869 2212 986 2252 Neque
1005 2211 1081 2242 libri
1129 2210 1249 2241 vento?
1272 2210 1329 2240 Est
1350 2209 1496 2251 profecto
1518 2214 1578 2241 cet.
1602 2209 1688 2241 Cum
1710 2209 1819 2240 verbis
1841 2218 1917 2249 opus
1920 2207 1994 2250 fuit

220 2265 330 2306 scripti
364 2265 473 2296 verbis
502 2264 731 2295 auctoritatem
764 2265 933 2305 praebent.
970 2264 1082 2295 debere
1133 2262 1240 2294 Hirtio
1271 2265 1422 2294 convento
1457 2262 1494 2294 C.
1516 2262 1553 2293 F.
1583 2262 1798 2293 Hermannus
1826 2262 1862 2292 in
1890 2260 1993 2292 vind.

221 2318 253 2348 in
279 2318 389 2349 codice
411 2317 536 2348 nullius
559 2317 656 2358 pretii
686 2317 861 2348 inventum
890 2322 948 2348 est.
993 2317 1083 2348 Med.
1129 2317 1222 2348 Brut.
1247 2317 1405 2358 epimetro
1434 2328 1464 2358 p.
1498 2317 1536 2347 15
1567 2315 1769 2357 comparavit
1798 2315 1993 2346 Plautinum

219 2373 272 2402 dat
306 2371 406 2407 debet,
435 2373 522 2403 unde
560 2371 747 2402 Lambinus
780 2375 873 2402 acute
903 2370 996 2402 fecit:
1027 2371 1082 2401 du·
1129 2380 1146 2402 e
1170 2370 1386 2402 Curculione:
1423 2371 1569 2401 celeriter
1593 2370 1669 2400 mihi
1690 2369 1748 2401 hoc
1772 2368 1894 2400 homine
1923 2378 1993 2399 con-

220 2426 292 2456 hilo.
317 2426 356 2456 In
379 2435 467 2466 seqq.
491 2434 621 2466 quoque
653 2425 829 2456 turbatum.
878 2424 1016 2466 Unquam
1046 2425 1080 2455 in
1103 2424 1105 2435 ¹
1130 2427 1219 2455 vento
1242 2427 1291 2455 esi
1313 2434 1398 2465 opus.

221 2480 306 2511 Med.
332 2480 449 2510 vitiose
471 2479 630 2520 scriptum
654 2489 712 2519 pro
735 2478 870 2520 inquam,
901 2486 1023 2510 temere
1046 2479 1080 2509 in
1102 2437 1106 2507 i
1178 2477 1208 2506 V
1203 2479 1274 2509 elim
1294 2490 1383 2520 quam
1408 2478 1542 2508 minimo.
1564 2478 1682 2509 Lamb.
1713 2476 1879 2508 minimum.
1914 2475 1993 2507 For-

219 2533 320 2575 inquz't
350 2540 514 2564 mutatum
537 2539 593 2564 est.
644 2532 732 2570 Quid
754 2531 884 2563 multa?
909 2533 1080 2563 audiamus
1130 2537 1214 2562 tasse
1249 2532 1373 2562 minimo
1402 2531 1537 2562 retineri
1571 2536 1677 2572 potest
1712 2530 1774 2561 hac
1806 2530 1990 2561 sententia:

221 2587 387 2618 Kochium
409 2587 510 2618 verba
532 2586 698 2627 praeclare
713 2587 962 2617 emendantem:
988 2585 1080 2616 Iura·
1106 2604 1109 2639 Ι
1132 2585 1245 2626 nquod
1272 2584 1304 2623 Q
1346 2585 1434 2616 filius
1463 2584 1539 2616 fecit
1569 2584 1671 2616 velim
1706 2583 1990 2614 minimomostro

221 2640 272 2671 hat
294 2658 335 2663 —-
358 2640 573 2671 amicissimum
592 2639 667 2670 mihi
685 2638 847 2670 Caesarem
863 2649 940 2670 esse.
964 2638 1081 2670 Dubito
1106 2646 1109 2688 j
1129 2638 1218 2669 malo
1240 2637 1382 2675 evenire,
1402 2637 1542 2668 minimo
1564 2637 1660 2668 nobis
1682 2636 1872 2668 constare.''

220 2693 368 2735 equidem,
392 2693 526 2736 inquam.
563 2707 576 2718 u
588 2692 717 2733 Scripsit
739 2692 784 2723 ad
803 2703 849 2724 me
877 2692 1080 2723 Dolabella.’'
1106 2698 1109 2710 ²
1171 2690 1189 2730 ξ
1213 2690 1263 2721 12.
1290 2690 1335 2721 Tu
1361 2689 1473 2731 Oppios
1495 2694 1555 2721 cet.
1580 2689 1702 2720 Merito
1724 2698 1840 2720 omnes
1862 2697 1989 2730 recepe·

221 2747 289 2785 Dic,
313 2747 417 2789 quid?
454 2747 544 2778 Huic
566 2746 752 2788 quaestioni
775 2746 891 2778 Cicero
914 2757 981 2778 non
1013 2747 1083 2788 ipsa
1129 2750 1207 2775 runt
1230 2753 1247 2775 e
1270 2744 1413 2774 Victorii
1435 2743 1666 2774 emendatione
1700 2741 1820 2782 Omnia-5,
1842 2741 1932 2773 unde
1953 2742 1990 2773 in

223 2800 376 2832 Curionis
411 2800 511 2831 verba
543 2799 723 2839 subiungit,
754 2801 812 2831 sed
844 2809 960 2831 eorum
989 2809 1082 2840 argu·
1128 2797 1218 2829 Med.
1242 2797 1337 2838 Hisp.
1360 2803 1393 2828 et
1415 2796 1524 2829 Oxou.
1548 2794 1671 2827 factum
1686 2801 1755 2827 erat
1766 2795 1903 2836 optimos.
1927 2795 1993 2827 Sed

222 2862 373 2886 mentum
399 2854 540 2885 breviter
562 2853 720 2893 explicat:
746 2852 930 2893 Affirmabat
955 2852 1080 2891 (Curio)
1133 2861 1267 2892 prorsus
1290 2851 1510 2882 necessarium
1543 2859 1674 2891 quoque
1705 2854 1764 2887 est,
1787 2853 1823 2880 ut
1844 2849 1878 2880 in
1903 2858 1993 2890 seqq.

223 2920 288 2939 evm
329 2907 569 2948 (Dolabellam)
605 2905 785 2946 scripsisse,
820 2906 908 2936 illum
954 2904 1082 2944 (Caesa-
1134 2914 1246 2934 vanum
1278 2903 1332 2935 vel
1359 2903 1477 2934 mellum
1508 2903 1568 2944 (sic
1591 2902 1686 2943 Pius)
1708 2902 1910 2939 restituatur,
1934 2901 1994 2932 ubi

222 2964 304 2999 rem)
326 2961 447 3003 quidem
465 2960 594 3001 yratias
615 2969 708 2999 affere
731 2959 883 2990 maximas
901 2961 933 2990 et
951 2976 991 2981 -—
1003 2969 1080 3000 qau-
1131 2967 1220 2989 nunc
1247 2968 1340 2988 unum
1370 2957 1502 2997 legitur.
1534 2957 1587 2987 Ita
1607 2957 1688 2987 haee
1722 2955 1786 2986 erit
1811 2954 1990 2986 sententia:

222 3016 306 3053 dere,
338 3015 421 3057 qwd
449 3025 495 3046 me
524 3013 728 3054 (Dolabella)
762 3014 887 3054 cuperet
912 3012 957 3043 ad
977 3013 1080 3044 urbem
1105 3026 1107 3029 ·
1131 3019 1166 3044 tu
1188 3010 1309 3053 Oppios
1332 3011 1509 3043 Terentiae
1530 3009 1731 3047 conciliabis,
1754 3019 1773 3040 a
1795 3009 1916 3049 quibus
1934 3018 1992 3039 nu·

224 3069 340 3100 venire,
1128 3075 1199 3096 mos
1227 3070 1326 3106 petat.
1359 3065 1456 3102 Nam,
1487 3069 1524 3096 ut
1552 3073 1642 3095 nunc
1669 3072 1721 3094 res
1743 3071 1779 3094 se
1798 3062 1932 3099 habent,
1955 3061 1990 3092 in

268 3121 386 3153 Levata
408 3124 455 3152 est
477 3139 518 3143 —
539 3119 697 3151 Hirtiani.
719 3119 761 3152 cf.
785 3129 884 3160 supra
906 3118 925 3159 ξ
948 3118 978 3149 6.
1001 3117 1082 3149 Seu·
1127 3119 1210 3151 urbe
1232 3124 1302 3150 tuto
1324 3128 1457 3150 manere
1478 3123 1593 3160 potest.
1618 3117 1739 3150 Caesar
1767 3116 1884 3147 urbem
1906 3115 1992 3147 mili-

183 3174 185 3176 ’
227 3176 329 3206 tentia.
354 3180 419 3206 est:
443 3175 515 3205 Iam
539 3183 582 3206 ex
602 3173 664 3204 hoc
691 3171 846 3204 Curionis
869 3181 1019 3204 sermone
1033 3181 1082 3203 su·
1105 3202 1109 3214 A
1128 3172 1216 3204 tibus
1239 3182 1307 3203 non
1331 3172 1423 3203 dabit
1444 3171 1680 3212 diripiendam.

2060 3037 2062 3049 Ι

2047 3086 2049 3090 ⁴
2059 3085 2062 3100 Ι

2059 3101 2062 3109 ι
