2062 3565
643 146 749 188 LIB.
787 146 905 189 VIII.
942 148 1025 191 ΕΡ.
1066 151 1133 191 12.
1174 152 1241 190 13.
1766 156 1819 192 :35

58 281 350 340 providendum
398 288 471 332 est,
523 289 568 324 ut
611 298 788 325 summae
834 284 888 324 rei
939 283 1123 340 publicae
1167 286 1361 328 rationem
1414 286 1643 328 habeamus
1696 288 1824 329 Etiam

59 361 178 411 atque
211 355 333 397 etiam
365 361 404 397 te
446 356 594 408 hortor,
630 363 676 398 ut
721 373 812 399 cum
845 359 954 400 omni
987 360 1102 415 copia
1136 375 1255 414 quam
1289 362 1462 416 primum
1496 362 1545 402 ad
1579 376 1641 402 me
1678 362 1825 402 venius.

60 429 278 472 Possumus
310 429 542 470 etiamnunc
576 444 657 471 rem
691 429 892 485 publicam
926 432 1091 487 erigere,
1127 433 1160 475 si
1194 434 1395 476 communi
1430 434 1597 476 consilio
1622 435 1825 490 negotium

60 501 456 554 administrabimus3
492 504 554 545 sin
589 504 873 556 distrahemu1·‚
919 506 1067 547 infirmi
1100 507 1262 549 erimus.
1314 508 1419 550 Mihi
1454 509 1528 550 hoc
1562 509 1826 550 constitutum

60 584 135 621 est.
182 581 222 619 4.
267 578 346 620 His
389 578 516 619 literis
546 578 719 633 scriptis
763 579 855 621 Sica
905 578 976 620 abs
1009 584 1047 621 te
1083 581 1181 622 mihi
1215 581 1351 623 literas
1384 582 1521 623 attulit
1553 588 1594 624 et
1628 582 1829 623 mandata.
1871 596 1884 619 ῡ

60 651 180 704 Qubd
214 666 276 692 me
309 650 468 693 hortare
502 656 548 692 ut
580 651 686 692 istuc
720 652 891 702 veniam,
926 652 968 693 id
1001 668 1063 694 me
1098 653 1225 695 facere
1258 669 1338 695 non
1378 654 1548 697 arbitror
1571 671 1698 710 posse,
1725 656 1830 709 quod

62 740 142 767 non
175 739 322 780 magno
355 740 473 781 opere
507 725 557 766 iis
590 724 820 779 legionibus
853 726 1025 767 confido.

106 879 124 910 5
148 878 226 911 Sica
247 889 268 909 a
290 880 322 909 te
342 895 384 900 ——

107 1014 126 1054 ξ
148 1014 177 1044 4.
200 1011 273 1043 Sica
295 1011 350 1043 ahs
372 1014 403 1043 le
426 1011 501 1042 mihi
524 1011 636 1042 literas
658 1011 779 1043 attulit.
816 1011 930 1052 Vulgo
952 1014 955 1035 Ρ
976 1014 1072 1056 Hisp.
1101 1014 1147 1045 sic
1177 1014 1220 1045 ad
1242 1016 1345 1055 poete,
1376 1015 1528 1056 idemque
1553 1016 1646 1047 initio
1679 1017 1836 1057 epistolae

66 1069 176 1101 editur
198 1079 218 1099 a
240 1070 282 1099 le.
314 1067 382 1100 Sed
403 1068 458 1099 abs
481 1070 512 1099 te
534 1068 642 1109 magis
671 1068 828 1100 convenit
855 1069 931 1099 duc-
978 1069 1049 1100 sine
1072 1068 1228 1099 varietate
1253 1068 1383 1109 legitur.

4 1154 8 1158 ,
66 1122 152 1154 tibus
174 1121 355 1159 literarum,
390 1131 473 1162 quae
497 1126 654 1153 notantur
676 1130 694 1152 e
717 1121 868 1153 Mediceo
899 1128 932 1153 et

938 1211 986 1249 Ι).

319 1283 398 1321 ΟΝ.
430 1283 648 1322 MAGNUS
678 1283 886 1322 PROCOS.
916 1283 950 1322 S.
983 1283 1030 1322 D.
1055 1284 1095 1321 L.
1132 1283 1356 1322 DOMITIO
1385 1285 1590 1324 PROCOS.

137 1372 177 1412 1.
223 1369 380 1412 Literae
424 1369 524 1410 mihi
566 1385 589 1411 a
620 1375 661 1411 te
693 1369 874 1411 redditae
908 1375 1003 1411 sunt
1036 1384 1072 1410 a.
1107 1369 1148 1410 d.
1183 1383 1285 1411 xm.
1319 1370 1412 1412 Kal.
1446 1371 1585 1420 Mart„
1619 1371 1661 1412 in
1695 1370 1842 1426 quibus

71 1442 212 1486 scribis
255 1442 466 1486 Caesarem
507 1443 616 1500 apud
658 1440 880 1486 Corfinium
925 1448 1055 1486 castra
1087 1445 1282 1501 posuisse.
1338 1444 1459 1497 Quod
1491 1445 1629 1501 putavi
1663 1449 1703 1486 et
1734 1460 1843 1500 prae-

72 1516 226 1568 monui,
258 1516 304 1558 fit
335 1521 383 1559 ut
414 1533 489 1559 nec
522 1518 564 1559 in
598 1518 823 1573 praesentia
866 1517 1115 1559 committere
1147 1521 1283 1558 tecum
1316 1517 1512 1573 proelium
1557 1518 1653 1559 velit
1690 1523 1730 1559 et
1764 1533 1845 1559 om-

74 1588 196 1631 nibus
229 1590 354 1646 copiis
386 1591 598 1633 conductis
631 1596 671 1632 te
703 1591 897 1647 implicet,
932 1606 983 1632 ne
1017 1590 1067 1633 ad
1109 1605 1172 1631 me
1195 1590 1272 1632 iter
1298 1589 1375 1632 tibi
1397 1590 1628 1646 expeditum
1653 1591 1706 1632 sit
1728 1596 1846 1645 atque
1888 1599 1900 1622 ⁵

76 1662 173 1705 istas
217 1663 350 1720 copias
393 1665 637 1720 coniungere
680 1664 923 1720 optimorum
965 1664 1115 1706 civium
1153 1664 1282 1720 possis
1314 1679 1407 1706 cum
1440 1665 1491 1706 iis
1522 1664 1764 1720 legionibus,
1799 1665 1848 1706 de

77 1750 243 1791 quarum
289 1738 495 1780 voluntate
545 1737 794 1790 dubitamus,
840 1753 918 1792 quo
963 1738 1084 1779 etiam
1117 1738 1245 1793 magis
1277 1739 1360 1780 tuis
1393 1738 1520 1780 literis
1555 1754 1643 1780 sum
1677 1753 1848 1780 commo-

75 1813 157 1851 tus.
190 1809 335 1864 Neque
368 1812 476 1853 enim
510 1826 649 1853 eorum
684 1810 874 1862 militum,
909 1825 1010 1866 quos
1044 1825 1201 1852 mecum
1236 1810 1378 1862 habeo,
1413 1811 1619 1854 voluntate
1643 1813 1739 1854 satis
1756 1828 1848 1854 con-

74 1882 169 1935 fido,
211 1888 257 1924 ut
298 1883 347 1925 de
394 1884 583 1926 omnibus
617 1884 789 1926 fortunis
822 1884 880 1925 rei
911 1883 1098 1940 publicae
1131 1884 1333 1936 dimicem,
1367 1900 1497 1940 neque
1529 1886 1664 1938 etiam,
1698 1887 1769 1942 qui
1802 1902 1850 1929 ex

76 1955 301 1998 delectibus
335 1957 552 2014 conscripti
585 1964 681 1999 sunt
715 1972 737 1998 a
770 1956 1018 2009 consulibus,
1055 1961 1342 2000 convenerunt.
1379 1961 1419 1999 2.
1443 1958 1577 2011 Quare
1602 1959 1653 2000 da
1675 1974 1849 2015 operam,
1873 1971 1906 1997 10

79 2031 112 2073 si
146 2030 229 2072 ulla
261 2031 416 2072 ratione
449 2031 682 2072 etiamnunc
716 2030 870 2072 efficere
903 2036 1030 2086 potes,
1064 2037 1111 2072 ut
1142 2036 1182 2072 te
1215 2031 1403 2086 explices,
1436 2031 1517 2073 huc
1535 2047 1656 2086 quam
1679 2032 1852 2087 primum

79 2104 232 2155 venias,
268 2110 484 2159 antequam
519 2119 656 2145 omnes
700 2104 838 2160 copiae
872 2103 922 2145 ad
956 2104 1228 2146 adversarium
1259 2105 1514 2146 conveniant.
1569 2106 1712 2160 Neque
1746 2105 1852 2147 enim

31 2229 34 2232 ⁴
81 2176 261 2219 celeriter
295 2192 343 2218 ex
376 2175 601 2218 delectibus
634 2175 714 2218 huc
747 2176 930 2218 homines
975 2177 1188 2218 convenire
1221 2182 1391 2234 possunt
1423 2182 1477 2229 et,
1513 2178 1546 2219 si
1580 2179 1853 2228 convenirent,

82 2255 278 2305 quantum
310 2251 361 2292 iis
394 2249 728 2292 committendum
763 2251 829 2301 sit,
865 2250 935 2306 qui
968 2251 1073 2292 inter
1107 2266 1148 2292 se
1183 2265 1231 2292 ne
1266 2251 1350 2292 noti
1385 2250 1547 2305 quidem
1582 2257 1690 2301 sunt,
1717 2257 1853 2292 contra

82 2328 289 2366 veterana-s
321 2324 514 2379 legiones,
549 2339 630 2366 non
664 2329 704 2365 te
738 2324 941 2378 praeterit.
1879 2325 1908 2352 ¹⁵

125 2466 166 2498 12
189 2465 299 2508 copiae
322 2467 342 2502 †
365 2464 585 2496 adversarium
611 2484 651 2488 —

127 2586 147 2626 ξ
170 2587 199 2617 l.
228 2586 398 2618 Voluntate
420 2596 445 2617 s.
468 2586 598 2628 confido.
634 2587 794 2619 Ernestus
817 2587 949 2618 volebat
971 2590 974 2637 Ι
995 2590 1076 2620 rium
1089 2590 1275 2630 genitivum
1290 2590 1426 2631 pluralis
1452 2590 1579 2622 numeri
1592 2590 1759 2622 haberent.
1782 2590 1858 2622 Non

86 2641 256 2672 voluntati.
305 2642 486 2673 Ablativus
522 2643 601 2683 quin
639 2648 726 2674 recte
761 2642 950 2674 confidendi
971 2652 975 2695 ¹¹
997 2642 1160 2680 fecissent,
1184 2643 1212 2674 si
1235 2644 1463 2675 observassent
1488 2644 1661 2675 Caesarem
1689 2644 1721 2674 in
1746 2653 1794 2684 cp.
1819 2643 1858 2674 B.

88 2695 189 2727 verbo
212 2697 360 2734 addatur,
384 2706 483 2728 nemo
506 2697 647 2739 amplius
670 2697 809 2728 dubitat.
972 2697 975 2710 ²
999 2697 1048 2728 bis
1071 2704 1103 2728 et
1126 2697 1160 2728 in
1184 2696 1221 2729 C.
1245 2698 1260 2727 1
1297 2696 1511 2728 adversarium
1540 2698 1616 2728 dici.
1653 2697 1786 2728 Mecum
1817 2696 1859 2726 sa-

128 2748 235 2792 Neque
256 2750 362 2782 etiam.
386 2750 437 2783 Cf.
461 2760 545 2792 quae
560 2751 675 2783 notavi
690 2752 731 2782 ad
749 2751 842 2792 epist.
865 2750 954 2782 A.1.
999 2750 1095 2781 ciunt
1118 2750 1270 2782 Baiterus
1294 2755 1325 2782 et
1348 2751 1523 2787 Kahntius,
1548 2750 1660 2790 Symb.
1683 2750 1762 2781 (Ἧι.
1785 2759 1816 2790 p.
1830 2750 1859 2780 8.

130 2802 150 2842 ξ
164 2801 194 2833 2.
215 2802 270 2834 Ad
282 2802 510 2835 adversarium.
526 2803 623 2836 Certa
637 2804 834 2835 emendatio.
854 2803 952 2835 Prae-
1046 2802 1204 2844 Quantum
1227 2813 1261 2834 o:
1285 2813 1384 2844 quani
1409 2813 1475 2834 non
1499 2802 1650 2833 muitum.
1676 2802 1724 2833 (¹ss
1740 2802 1781 2833 ad
1798 2802 1859 2832 111.

89 2855 264 2896 positionis
294 2857 430 2889 omissio
459 2857 576 2895 effecit,
618 2864 655 2888 ut
683 2857 780 2889 multi
808 2854 979 2896 adversa-l
1004 2855 1033 2893 9,
1056 2855 1085 2886 2.

689 2964 816 3005 XJJJ.
883 2964 948 3015 (A.
990 2962 1034 3002 U.
1073 2962 1115 3002 C.
1153 2961 1271 3014 705.)

159 3078 199 3118 1.
239 3076 516 3133 Lippitudinis
560 3092 670 3119 meae
714 3078 874 3132 signum
918 3075 995 3118 tibi
1039 3076 1092 3117 sit
1124 3075 1278 3118 librarii
1312 3090 1453 3117 manus
1504 3080 1541 3116 et
1576 3074 1709 3115 eadem
1745 3089 1860 3115 causa

95 3149 318 3201 brevitatis,
364 3151 439 3192 etsi
483 3166 592 3193 nunc
635 3151 797 3207 quidem
847 3150 953 3206 quod
987 3149 1198 3192 scriberem
1228 3149 1331 3190 nihil
1363 3155 1460 3190 erat.
1521 3148 1661 3189 Omnis
1705 3161 1862 3200 exspec-

1617 3224 1640 3259 :5
1654 3221 1678 3242 ⁷<

0 3364 27 3565 Ξ
