2062 3565
729 146 836 188 Lm.
872 146 994 187 Mil.
1030 145 1112 187 ΕΡ.
1153 147 1190 186 1.
1229 148 1268 186 2.
1792 142 1874 180 :315

111 297 200 325 amo
233 287 353 338 atque
385 282 500 323 illum
541 282 684 332 amavi,
720 286 758 322 te
794 296 885 322 vero
928 281 1156 337 plurimum,
1199 281 1267 335 qui
1304 280 1376 320 hoc
1411 279 1460 320 ab
1498 288 1663 333 utroque
1701 283 1877 318 nostruin

111 356 193 398 fieri
239 355 348 396 velis.
398 356 443 396 Si
488 355 623 397 hortos
671 355 892 410 inspexeris
942 359 982 396 et
1026 354 1058 395 si
1103 354 1150 394 de
1185 353 1351 409 epistola
1385 354 1591 394 certiorem
1629 367 1688 392 nie
1726 351 1876 399 somnis,

111 429 266 471 dederis
301 428 399 470 mihi
433 429 540 485 quod
575 429 624 470 acl
661 435 698 469 te
732 427 925 478 scribam
962 429 991 469 si
1030 428 1176 477 minus,
1203 426 1370 468 scribant
1399 437 1528 468 {anien
1556 428 1721 483 aliquid.
1762 427 1876 467 Nun-

111 517 228 559 quam
263 503 369 544 enim
403 502 543 544 deerit.

151 658 172 699 Β
192 668 242 699 sin
265 667 366 699 minus
388 686 429 690 —

104 816 186 854 feci,
209 825 312 847 ΤΑΝΉ
335 825 384 846 ΜΕ
407 824 465 846 mc
490 824 582 846 susc
606 816 747 857 (sauir),
761 819 791 846 eb
808 816 904 856 ipsum
914 827 971 856 per

111 881 145 902 se
164 880 262 913 aeque
283 881 361 909 amo,
384 873 478 912 alque
499 870 589 901 illum
611 871 724 902 amavi.

1064 816 1122 857 Qui
1146 817 1201 845 hm·
1234 815 1362 854 —st'uri
1389 815 1464 844 nelis
1488 828 1521 844 .»:
1547 816 1603 855 qui
1634 815 1743 855 cupias
1773 815 1878 846 Pedu-

1020 879 1135 901 caeum
1159 880 1175 900 a
1201 880 1261 906 nie,
1287 879 1336 900 me
1360 869 1400 899 alu
1425 869 1481 899 illo
1505 870 1618 900 amari.

734 979 797 1019 II.
863 980 927 1031 (Α.
969 977 1013 1018 U.
1054 978 1094 1017 C.
1133 977 1250 1029 709.)

178 1096 217 1136 1.
262 1095 424 1137 Gratior
467 1094 566 1136 mihi
610 1095 791 1136 celeritas
834 1098 905 1134 tua
950 1106 1069 1148 quam
1114 1092 1199 1146 ipsa
1235 1107 1307 1132 res.
1359 1090 1465 1143 Quid
1502 1092 1607 1132 enim
1642 1092 1876 1148 indignius?

112 1168 189 1211 Sed
233 1169 313 1210 iam
356 1168 406 1210 ad
450 1168 528 1210 ista
571 1167 838 1210 obduruimus
872 1171 912 1208 et
944 1165 1235 1207 humanitatem
1271 1180 1427 1205 omnem
1462 1166 1658 1208 exuimus.
1693 1169 1798 1210 'l'uas
1834 1169 1877 1210 li·

110 1247 215 1285 teras
258 1241 377 1285 hodie
421 1241 715 1298 exspectabam,
765 1240 869 1282 nihil
901 1238 1087 1295 equidem
1121 1243 1168 1279 ut
1200 1253 1246 1279 ex
1281 1238 1330 1279 iis
1364 1239 1478 1279 novi:
1515 1239 1611 1293 quid
1646 1242 1780 1283 enim?
1816 1257 1877 1283 ve-

110 1320 336 1358 rumtamen
358 1350 366 1357 .
389 1350 427 1357 ..
462 1316 594 1372 Oppio
627 1320 668 1357 et
701 1313 828 1357 Balbo
862 1313 1050 1370 epistolas
1084 1312 1227 1354 deferri
1261 1311 1420 1353 iubebis
1455 1318 1494 1353 et
1526 1318 1659 1355 tamen
1697 1315 1877 1356 Pisonem

112 1389 243 1433 sicubi
288 1390 337 1432 de
380 1406 490 1433 auro.
541 1389 734 1432 Faberius
780 1389 813 1429 si
858 1387 1025 1438 venerit,
1071 1385 1225 1428 videbis
1271 1392 1317 1427 ut
1360 1391 1519 1427 tantum
1553 1386 1808 1438 attribuatur,
1845 1390 1874 1430 si

111 1464 230 1506 modo
273 1464 530 1516 attribuetur,
575 1468 771 1520 quantum
822 1461 1005 1503 debetur.
1058 1460 1243 1515 Accipies
1286 1459 1336 1501 ab
1383 1460 1517 1501 Erote.
1556 1464 1595 1501 2.
1632 1461 1875 1511 Ariarathes,

111 1537 373 1581 Ariobarzani
414 1538 534 1590 filius,
578 1539 747 1580 Romam
789 1536 911 1578 venit.
957 1534 1071 1585 Vult,
1108 1534 1261 1589 opinor,
1298 1548 1464 1588 regnum
1499 1533 1659 1589 aliquod
1694 1550 1820 1575 emere
1856 1550 1877 1575 a

111 1612 292 1655 Caesare'.
341 1613 460 1665 Nam,
495 1629 574 1669 quo
607 1612 725 1654 modo
759 1625 868 1652 nunc
902 1614 975 1660 est,
1011 1608 1151 1664 pedem
1188 1607 1256 1649 ubi
1293 1613 1414 1663 ponat
1446 1608 1488 1649 in
1522 1624 1593 1649 suo
1628 1624 1706 1650 non
1741 1608 1875 1649 habet.

112 1685 289 1728 Omnino
332 1702 423 1730 eum
464 1688 618 1730 Sestius
661 1690 794 1729 noster
838 1682 1033 1740 parochus
1084 1682 1269 1739 publicus
1304 1683 1538 1737 occupavit;
1574 1682 1680 1736 quod
1715 1682 1876 1738 quidem

154 1852 193 1882 10
212 1852 361 1891 parochis
381 1850 514 1892 publicis
537 1870 578 1875 —

154 2000 172 2040 ξ
198 2000 224 2030 l.
250 1997 348 2040 Quam
370 1999 439 2040 ipsa
462 2009 523 2030 reS.
545 1998 621 2038 Qua
642 2000 682 2030 de
706 2009 739 2031 re
754 2007 880 2040 agatur,
902 2008 967 2030 non

110 2058 249 2086 constat.
270 2053 337 2086 Sed
359 2053 475 2085 Cicero
497 2054 608 2084 laudat
631 2054 784 2091 amicum,
808 2042 897 2094 qiiod
919 2063 967 2084 ce-

110 2107 238 2139 leritate
259 2116 317 2138 sua
340 2107 510 2148 praevenit
531 2116 602 2138 rem
623 2106 687 2137 sibi
708 2107 884 2147 ingratam.

153 2159 192 2190 Et
214 2162 317 2191 tamen
340 2159 477 2191 Pisonem
489 2159 588 2190 sicubi
602 2159 641 2190 de
657 2170 747 2190 auro.
769 2159 968 2201 Saepissime
994 2194 996 2197 ,

112 2215 145 2246 in
176 2214 228 2246 his
259 2214 404 2256 epistolis
434 2214 574 2245 alicuius
597 2224 675 2245 cum
697 2214 968 2255 Pisone'negotii

111 2268 237 2300 mentio
257 2268 303 2305 fit,
325 2268 392 2299 vid.
416 2267 500 2305 XII,
523 2268 551 2305 5,
575 2268 605 2298 2.
627 2267 730 2305 XIII,
752 2269 781 2298 4.
807 2267 856 2304 11,
877 2266 967 2303 212,

111 2322 141 2352 4.
173 2320 222 2357 16,
252 2321 281 2351 2.
313 2319 362 2358 33,
387 2320 421 2357 2;
446 2321 504 2352 sed
525 2330 640 2352 omnes
662 2321 697 2351 hi
721 2320 786 2351 loci
812 2320 969 2351 brevitate

111 2386 168 2407 sua
190 2376 383 2408 subobscuri
404 2381 491 2407 sunt.
515 2377 556 2407 In
579 2377 640 2408 hoc
662 2377 736 2408 loco
749 2377 889 2408 moleste
900 2376 970 2408 fero

111 2429 204 2460 verbi
233 2428 397 2460 defectum
427 2428 461 2460 in
490 2430 656 2460 sententia
691 2429 907 2461 conditionali
929 2429 970 2460 si-

111 2483 189 2514 cubi.
225 2483 388 2524 Equidem
418 2493 485 2514 non
517 2483 623 2520 video,
652 2484 817 2524 quomodo
846 2493 889 2514 ex
920 2483 971 2514 his

112 2537 221 2569 verbis
242 2537 327 2568 hanc
351 2537 548 2569 sententiam
572 2546 682 2568 eruas:
705 2536 735 2566 xz·
758 2537 898 2568 Pisonem
913 2537 972 2568 ali-

112 2592 180 2623 cubi
210 2590 402 2627 conveneris,
436 2592 561 2632 loquere
593 2601 661 2621 cum
688 2601 723 2621 eo
745 2591 784 2622 de
805 2601 884 2622 auro
901 2601 972 2631 per-

112 2644 271 2676 mutando.
308 2643 349 2675 Et
378 2644 465 2675 male
493 2643 573 2675 haec
601 2643 825 2684 superioribus
856 2645 970 2676 adnec-

113 2702 227 2729 tuntur
248 2697 418 2738 particulis
439 2698 470 2727 et
493 2698 605 2726 tamen.
632 2696 853 2728 Scribendum
876 2702 969 2738 puto:

114 2751 217 2782 Etiam
249 2750 394 2782 fflonem
423 2750 525 2781 adibis
547 2750 586 2781 de
607 2760 695 2781 auro.
732 2749 795 2781 Cui
817 2750 879 2781 hoc
902 2761 969 2782 non

112 2807 276 2849 probatur,
291 2807 322 2838 ei
337 2807 510 2847 praestabo
523 2806 731 2846 ingeniosam
747 2805 971 2847 Peerlkampii

111 2860 347 2901 suspicionem:
371 2859 499 2890 iubebis.
531 2858 717 2889 Admonebis
740 2857 897 2889 Pisonem.
923 2858 969 2889 Si-

112 2912 180 2944 cubi
202 2912 242 2944 de
262 2923 340 2944 auro
361 2912 514 2943 Faberius
536 2911 665 2949 venerit,
687 2911 803 2942 videbis
825 2918 887 2943 cet.

153 2965 304 2997 Faberius
326 2971 385 2997 cet.
416 2965 518 2996 Hunc
539 2964 664 3005 aliquid
693 2964 844 2995 debuisse
879 2963 969 2995 Cice·

112 3018 186 3049 roni
206 3018 269 3050 hoc
290 3022 437 3059 tempore
458 3017 564 3058 liquet
591 3026 633 3048 ex
655 3017 749 3058 epist.
771 3017 821 3054 21,
844 3017 895 3053 25,
919 3017 968 3054 31,

113 3072 163 3109 40,
187 3071 237 3110 47,
261 3073 298 3103 51
330 3072 407 3102 libri
437 3071 510 3102 XII
539 3075 570 3102 et
609 3070 743 3107 29-32,
777 3071 835 3102 lib.
865 3070 968 3101 XIII.

114 3125 214 3156 Hunc
235 3125 336 3166 igitur
357 3124 430 3156 vult
451 3123 582 3154 attribui
604 3133 639 3154 o:
662 3124 751 3165 cupit
773 3133 896 3156 nomen
908 3123 968 3154 Fa-

115 3177 194 3210 berii
217 3178 382 3220 adsignari
409 3176 632 3209 venditoribus
657 3177 838 3211 hortorum,
870 3177 968 3218 idque

1018 1998 1185 2037 integrum
1217 1997 1304 2026 Nam
1329 1996 1456 2027 scribit:
1483 1995 1608 2033 videbis,
1632 1998 1666 2026 ul
1682 1997 1764 2026 {men
1783 1996 1875 2026 altri-

1016 2050 1130 2081 buatur
1152 2067 1192 2072 —
1215 2052 1364 2091 quantum>
1386 2049 1485 2080 debet.
1525 2050 1573 2081 Ita
1613 2050 1702 2081 enim
1736 2050 1876 2081 seriben-

1016 2105 1095 2135 dum
1113 2104 1232 2135 iudico.
1255 2102 1448 2134 Genitivum
1459 2104 1543 2134 tanti
1560 2105 1789 2145 reponendum
1801 2110 1877 2135 ante

1018 2167 1070 2189 me
1093 2158 1177 2189 vidit
1199 2157 1411 2188 Mazocchius
1434 2158 1475 2189 ad
1498 2158 1579 2189 Tab.
1603 2158 1725 2190 Heracl
1761 2169 1790 2198 p.
1806 2158 1876 2195 346,

1021 2213 1079 2244 ubi
1106 2214 1147 2244 ‹le
1183 2213 1252 2244 iure
1283 2213 1505 2244 attributionis
1539 2214 1700 2254 quaedam
1735 2214 1877 2254 disputat

1021 2268 1061 2298 ad
1083 2267 1163 2297 haec
1190 2267 1288 2297 verba
1310 2267 1410 2307 legis:
1436 2264 1498 2310 (ei)
1523 2267 1575 2308 qai
1598 2278 1663 2298 eam
1690 2269 1766 2298 riam
1791 2270 1880 2298 tuen-

1019 2319 1091 2350 dam
1114 2319 1290 2357 redemerit,
1321 2321 1432 2350 tantae
1447 2320 1604 2360 pecuniae
1629 2330 1695 2350 eum
1719 2330 1806 2350 eosve
1828 2323 1876 2350 a!-

1018 2373 1147 2404 tribuito
1167 2373 1236 2404 sine
1257 2373 1329 2404 dolo
1351 2374 1443 2405 malo.
1468 2374 1506 2405 ,δι’
1527 2374 1618 2415 isqui
1631 2374 1801 2404 ato-ibahar
1817 2374 1877 2404 erit

996 2427 997 2454 ἶ
1019 2433 1080 2458 cet.
1104 2426 1169 2457 Pro
1190 2426 1329 2457 debetur.
1366 2427 1509 2467 Accipias
1541 2428 1678 2458 omnino
1702 2428 1878 2467 legendum

1020 2487 1067 2513 est
1090 2481 1189 2512 [lebet.
1215 2481 1327 2512 Cetera
1351 2482 1484 2523 accipies
1507 2482 1544 2512 ab
1568 2481 1673 2514 Erote.
1714 2483 1761 2513 Ita
1785 2483 1810 2513 si
1836 2483 1877 2513 lc-

1020 2536 1129 2577 gimus
1152 2536 1235 2567 nihil
1259 2537 1375 2573 obstat,
1391 2537 1570 2577 quominus
1584 2536 1724 2577 accipere
1739 2537 1875 2578 proprie,

1019 2599 1087 2621 non
1110 2589 1263 2620 audiendi
1286 2589 1319 2620 vi
1341 2589 1467 2620 dictum
1490 2596 1651 2630 putemus.

1061 2643 1121 2683 §2
1156 2642 1357 2680 Ariarathes,
1392 2643 1492 2674 frater
1520 2644 1608 2683 regis
1642 2643 1874 2683 Cappadociae,

1020 2697 1071 2728 cui
1095 2707 1122 2727 a.
1146 2706 1178 2727 u.
1202 2696 1262 2728 712
1286 2707 1305 2727 a
1328 2695 1363 2727 C.
1388 2695 1492 2727 Cassii
1524 2696 1683 2727 militibus
1705 2696 1876 2726 interfecto

1018 2752 1121 2792 (App.
1146 2752 1184 2783 Β.
1210 2751 1247 2783 C.
1272 2751 1334 2782 IV.
1358 2751 1412 2792 63)
1436 2751 1628 2782 successisse
1651 2751 1683 2781 in
1701 2749 1876 2788 1001]οωί-

1019 2804 1157 2836 serrimo
1187 2804 1337 2835 traditur.
1370 2804 1462 2835 Idem
1493 2810 1551 2840 est,
1591 2803 1647 2844 qui
1679 2808 1876 2833 memoratur

1019 2859 1059 2889 ad
1081 2858 1174 2889 Fam.
1200 2858 1278 2889 XV.
1302 2858 1330 2895 2,
1351 2858 1369 2887 6
1387 2863 1418 2889 et
1432 2858 1517 2898 apud
1530 2858 1720 2897 scriptorem
1733 2857 1772 2886 de
1791 2856 1875 2886 bello

1020 2913 1205 2944 Alexandr.
1230 2913 1280 2943 66.
1313 2912 1352 2943 cf.
1377 2912 1569 2952 Nipperdeii
1591 2917 1715 2951 quaest.
1747 2912 1875 2940 Caesar.

1017 2977 1048 3008 p.
1071 2967 1141 3004 200,
1164 2967 1220 3008 qui
1243 2966 1360 2998 Orellii
1395 2976 1538 2997 errorem
1568 2966 1601 2996 in
1635 2964 1753 2996 Onoui.
1787 2964 1874 2994 Tull.

994 3041 997 3061 ι
1017 3029 1060 3052 ex
1081 3031 1148 3052 uno
1170 3021 1252 3052 duos
1284 3020 1476 3052 Ariarathes
1506 3018 1656 3050 facientis
1691 3017 1876 3055 castigavit.

994 3067 1066 3104 {De
1089 3073 1273 3104 miserrima
1303 3072 1492 3103 conditione
1524 3071 1617 3109 regni
1651 3069 1776 3110 paterni
1810 3069 1874 3099 vid.

994 3105 997 3161 l
1018 3127 1080 3158 VI.
1103 3127 1130 3164 1,
1156 3128 1174 3158 3
1197 3136 1263 3167 seq.

1061 3179 1182 3211 seo-(ins
1212 3180 1327 3210 amsla-r.
1365 3179 1412 3209 ltu
1445 3179 1563 3219 passim
1600 3177 1788 3209 nominatur
1819 3175 1875 3206 illc

1898 1693 1932 1717 10
