2062 3565
657 161 760 203 12113.
796 161 894 203 XII.
933 161 1013 203 EP.
1051 163 1245 202 23—25.
1746 158 1828 196 189

643 362 803 404 XXIV.
869 362 934 414 (A.
975 360 1021 401 U.
1059 361 1100 401 e.
1139 360 1257 414 709.)

135 469 174 510 1.
218 469 326 512 Bene
369 471 464 514 fecit
507 477 557 516 A.
602 476 739 526 Silius,
784 477 854 532 qui
897 476 1136 531 transegerit
1145 494 1156 527 3
1200 489 1330 530 neque
1376 473 1481 515 enim
1526 473 1563 514 ei
1596 472 1732 514 deesse
1767 486 1831 512 vo-

68 539 197 583 lebam
230 550 271 584 et
303 546 373 600 qui
406 562 560 602 possem
596 548 801 591 timebam.
843 550 896 591 De
930 549 1033 591 Ovia
1066 551 1229 600 confice,
1264 554 1310 590 ut
1343 546 1499 589 scribis.
1547 547 1606 588 De
1639 546 1831 587 Cicerone

68 619 226 673 tempus
271 633 355 660 esse
397 619 475 662 iam
521 621 692 673 videtur,
734 622 803 664 sed
845 637 1005 677 quaero,
1051 622 1158 678 quod
1191 621 1251 663 illi
1284 636 1384 677 opus
1417 620 1506 672 erit,
1540 620 1713 662 Athenis
1747 634 1832 675 per-

68 691 265 732 mutarine
298 693 426 747 possit
470 710 520 736 an
570 696 648 752 ipsi
694 696 903 738 ferendum
942 696 1009 747 sit,
1054 696 1102 737 de
1135 700 1300 751 totaque
1333 710 1389 745 re,
1423 693 1757 750 quemadmodum
1793 698 1833 733 et
1872 695 1885 719 ⁵

65 762 226 818 quando
270 763 437 820 placeat,
483 767 601 810 velim
649 768 889 810 consideres.
940 767 1141 810 Publilius
1186 768 1369 809 iturusne
1417 766 1470 808 sit
1502 766 1544 807 in
1580 766 1756 808 Africam
1792 771 1832 805 et

66 836 227 891 quando
267 854 315 880 ex
348 840 508 883 Alledio
542 843 641 884 scire
675 843 847 899 poteris;
882 858 1049 899 quaeras
1082 849 1122 884 et
1155 842 1205 883 ad
1239 857 1301 882 me
1334 839 1484 882 scribas
1518 840 1652 881 velim.
1689 842 1730 881 2.
1764 839 1832 889 Et,

66 914 112 950 ut
143 909 193 950 ad
235 926 342 954 meas
374 914 547 971 ineptias
580 917 754 968 redeam,
797 916 916 958 velim
948 932 1011 958 me
1044 916 1252 958 certiorem
1286 914 1423 966 facias,
1458 915 1506 956 P.
1539 914 1721 964 Crassus,
1759 913 1833 954 Ve-

68 983 225 1026 nuleiae
272 985 392 1039 filius,
440 989 581 1032 vivone
627 990 673 1031 P.
723 990 866 1031 Crasso
914 989 1129 1040 consulari,
1180 993 1291 1044 patre
1342 1003 1428 1040 suo,
1470 992 1653 1029 mortuus
1686 987 1752 1037 sit,
1788 992 1834 1027 ut

68 1072 142 1112 ego
184 1060 412 1103 meminisse
461 1061 610 1114 videor,
655 1078 706 1104 an
752 1068 856 1118 post.
905 1062 1009 1104 Item
1053 1077 1200 1117 quaero
1250 1060 1299 1102 de
1344 1060 1514 1116 Regillo,
1560 1059 1704 1116 Lepidi
1737 1058 1832 1110 filio,
1854 1072 1886 1099 ιο

70 1136 227 1172 rectene
266 1134 514 1176 meminerim
558 1140 668 1191 patre
713 1135 802 1177 vivo
840 1139 1058 1177 mortuum.
1103 1137 1145 1176 3.
1179 1133 1370 1189 Cispiana
1405 1132 1624 1189 explicabis
1658 1133 1832 1186 itemque

70 1203 275 1247 Preciana.
310 1205 370 1248 De
403 1208 556 1259 Attica,
591 1208 740 1263 optime
773 1213 847 1249 est.
883 1207 933 1249 Ei
967 1208 1137 1250 salutem
1172 1207 1281 1249 dices
1314 1211 1355 1247 et
1390 1206 1531 1248 Piliae.

110 1373 131 1402 4
154 1381 230 1413 opus
251 1372 312 1404 erit
333 1373 479 1412 Athenis,
499 1373 719 1415 permutarine
740 1391 780 1396 -
805 1374 844 1405 12
866 1374 978 1415 optime
985 1387 995 1410 ;
1019 1376 1050 1405 et
1073 1374 1104 1405 ei
1126 1392 1166 1397 —

974 1521 1182 1558 solationem,
1205 1520 1240 1551 in
1266 1529 1330 1561 qua
1351 1518 1525 1551 scribenda
1545 1517 1634 1558 quod
1647 1516 1772 1548 tamdiu
1784 1524 1835 1546 oc·

975 1580 1112 1616 cupatus
1135 1584 1219 1612 sum,
1242 1574 1365 1615 possim
1388 1572 1462 1604 aliis
1485 1572 1615 1612 ineptus
1637 1570 1753 1602 videri.

113 1515 131 1554 ξ
155 1513 182 1544 1.
202 1513 291 1546 Bene
303 1515 391 1557 feeit
413 1518 452 1548 A.
473 1516 570 1549 Silius
582 1528 643 1551 cet.
657 1519 834 1562 Perperam
846 1531 925 1552 non—

70 1567 156 1598 nulli
178 1577 221 1600 ex
243 1568 275 1600 h.
298 1569 320 1601 l.
344 1571 490 1603 efficiunt
512 1571 633 1604 Silium
645 1573 757 1606 hortos
773 1573 925 1606 Ciceroni

70 1622 267 1666 vendidisse.
294 1625 395 1658 Recte
416 1625 606 1660 Gronovius
628 1629 711 1662 vidit
731 1630 786 1662 hic
808 1631 863 1671 agi
885 1631 925 1662 de

69 1675 127 1708 lite
150 1678 289 1717 quadam
300 1689 359 1721 per
374 1683 631 1715 transactionem
644 1685 826 1726 composita
840 1684 926 1716 inter

67 1729 113 1761 A,
135 1729 257 1764 Silium
277 1740 319 1766 ev
335 1734 447 1774 ulium,
470 1737 528 1778 qui
545 1747 612 1769 non
627 1738 824 1770 nominatur.
848 1738 924 1769 Non

1023 1630 1042 1670 ξ
1070 1629 1098 1660 3.
1128 1628 1274 1669 caspiam
1305 1626 1476 1668 explicabis
1504 1626 1634 1668 itemque
1664 1623 1834 1655 Preciana.

978 1682 1127 1724 Cispium
1160 1687 1193 1714 et
1223 1681 1379 1713 Precium
1411 1680 1538 1721 aliquid
1569 1679 1722 1710 debuisse
1745 1676 1834 1709 Cice-

954 1746 955 1751 *
977 1737 1050 1768 roni
1074 1737 1180 1778 liquet
1201 1745 1219 1768 e
1242 1736 1343 1768 verbo
1365 1734 1548 1775 explicabis.
1565 1733 1608 1765 cf.
1620 1732 1722 1764 XIII.
1739 1732 1789 1770 29,
1803 1732 1833 1762 3.

67 1789 117 1816 est
127 1785 307 1819 verisimile
319 1787 407 1820 hunc
424 1790 467 1821 A.
482 1790 603 1823 Silium
621 1802 691 1824 esse
703 1802 780 1824 eum
791 1792 925 1831 Silium,
1018 1789 1066 1820 De
1088 1788 1206 1827 Attica,
1228 1788 1341 1829 optime
1374 1789 1432 1819 est.
1460 1786 1499 1818 Ei
1525 1786 1659 1818 satutem
1693 1784 1780 1816 dices
1800 1786 1834 1816 et

66 1836 160 1868 cuius
181 1837 334 1880 frequens
356 1842 481 1874 mentio
504 1849 552 1875 est
574 1844 608 1875 in
631 1846 792 1886 proximis
809 1845 925 1886 episto·
954 1878 955 1882 Ἰ
977 1843 1091 1875 Piliae.
1104 1844 1133 1875 E
1149 1844 1310 1876 librorum
1326 1843 1486 1884 scriptura
1496 1842 1608 1883 optime
1621 1840 1696 1872 idei
1711 1840 1833 1872 Bosius

66 1892 118 1924 lis.
140 1909 181 1915 —
200 1893 250 1925 De
275 1894 352 1927 Onia
375 1897 415 1929 cf.
438 1907 488 1939 ep.
507 1899 556 1936 21,
579 1901 609 1930 4
952 1896 956 1970 ἱ
977 1898 1084 1929 effecit
1105 1897 1216 1939 optime
1237 1896 1274 1928 it.
1297 1897 1397 1928 eicet.
1410 1896 1477 1928 Sed
1487 1895 1535 1927 sic
1546 1895 1588 1926 ab
1601 1894 1716 1926 Attico
1728 1894 1835 1925 amico

108 1949 243 1982 Athenis
279 1954 493 1992 permutas-ine
525 1956 627 1996 possit
659 1963 723 1989 cet.
764 1957 925 1995 Praestat,
976 1952 1122 1984 nuntiari
1149 1951 1265 1993 potuit,
1295 1961 1362 1982 non
1392 1956 1516 1982 contra.
1551 1949 1721 1980 Manutius
1742 1947 1779 1979 id
1799 1947 1833 1979 in

66 2001 192 2043 opinor,
215 2013 336 2036 nomen
360 2006 493 2037 Athenis
515 2007 690 2050 seiungere
708 2010 750 2041 ab
778 2010 827 2047 iis,
839 2018 925 2051 quae
952 1974 956 2044 i
975 2007 1007 2036 et
1028 2010 1160 2036 mutans
1181 2010 1296 2036 contra
1317 2013 1416 2035 usum
1445 2002 1613 2034 Ciceronis
1635 2003 1665 2032 et
1688 2001 1834 2042 gemina-

67 2056 276 2095 prfloeedunt·
951 2046 955 2116 Ι
975 2059 1032 2091 vit.
1055 2058 1154 2098 Quod
1176 2059 1301 2100 scripsi,
1327 2067 1440 2090 meum
1461 2062 1510 2089 est
1532 2057 1716 2088 inventum.

107 2109 126 2148 ξ
147 2109 177 2140 2.
201 2109 239 2140 Ut
260 2111 306 2142 ad
327 2122 410 2143 meas
430 2113 566 2153 ineptias
587 2115 713 2146 redeam
735 2125 766 2147 ο,
791 2117 833 2148 ad
846 2125 922 2147 con-
950 2121 954 2147 Ι

645 2233 781 2275 XXV.
847 2234 913 2288 (A.
954 2234 1000 2275 U.
1038 2234 1081 2275 C.
1118 2233 1237 2288 709.)

131 2343 170 2384 1.
213 2343 381 2400 Scripsit
424 2345 475 2387 ad
519 2361 580 2388 me
625 2347 840 2404 diligenter
886 2349 1000 2392 Sicca
1044 2348 1096 2390 de
1144 2347 1257 2399 Sfflo,
1291 2362 1412 2402 seque
1445 2346 1495 2389 ad
1528 2351 1568 2388 te
1601 2363 1684 2389 rem
1717 2347 1831 2389 detu-

64 2415 171 2468 lisse,
215 2417 322 2472 quod
363 2424 411 2460 tu
456 2418 563 2461 idem
605 2420 761 2463 scribis.
813 2423 921 2464 Mihi
953 2428 994 2465 et
1025 2438 1087 2465 res
1115 2428 1155 2464 et
1188 2422 1366 2464 conditio
1399 2422 1543 2478 placet,
1578 2420 1647 2463 sed
1680 2421 1750 2471 ita,
1784 2425 1831 2461 ut

65 2495 273 2532 numerato
321 2490 457 2532 malim
491 2506 611 2547 quam
645 2494 937 2537 aestimatione.
989 2495 1245 2552 Voluptarias
1278 2496 1386 2537 enim
1420 2495 1689 2551 possessiones
1721 2493 1830 2535 nolet

65 2563 203 2605 Silius.
237 2562 514 2619 Vectigalibus
548 2570 683 2607 autem
716 2571 762 2608 ut
794 2567 858 2609 his
890 2583 1052 2624 possum
1085 2584 1170 2611 esse
1204 2573 1432 2620 contentus,
1467 2582 1567 2624 quae
1600 2566 1742 2619 habeo,
1771 2567 1827 2608 sic
1867 2577 1881 2601 ⁵

65 2636 131 2678 vix
171 2636 408 2679 minoribus.
441 2637 559 2679 Unde
593 2653 687 2694 ergo
718 2643 953 2684 numerato?
998 2643 1082 2684 HS.
1139 2650 1194 2685 ’ῡῖ
1231 2643 1427 2699 exprimes
1470 2641 1520 2684 ab
1559 2642 1826 2696 Hermogene,

65 2724 188 2765 quum
237 2710 468 2766 praesertim
517 2726 678 2753 necesse
727 2714 817 2765 erit,
867 2720 907 2756 et
950 2714 1057 2756 domi
1103 2715 1219 2757 video
1261 2731 1345 2758 esse
1405 2716 1490 2758 HS.
1535 2725 1589 2759 ιῑ),
1638 2713 1826 2769 Reliquae

107 2873 311 2904 5utiis—

105 3019 124 3061 ξ
148 3020 177 3052 1.
201 3019 240 3051 Ut
261 3022 425 3052 numerato
435 3018 540 3051 malim
552 3029 641 3061 quam
653 3020 918 3052 aestimationem
941 3026 944 3040 ¹
1018 3019 1226 3062 Vectiqalibus
1247 3021 1289 3053 cf.
1311 3022 1352 3053 ad
1375 3031 1424 3063 ep.
1450 3021 1497 3058 19,
1522 3020 1550 3051 1.

64 3078 101 3105 ut
110 3072 223 3106 hortos
233 3073 398 3115 praesenti
408 3072 549 3114 pecunia
559 3082 669 3105 emere
681 3073 807 3112 malim,
820 3083 920 3116 quam
1007 3074 1074 3107 HS.
1095 3070 1164 3108 'D-O'.
1186 3076 1308 3108 Merito
1329 3076 1410 3108 haec
1425 3075 1582 3117 pecuniae
1595 3082 1723 3105 sumnia
1740 3070 1819 3103 Wie

64 3131 248 3166 permutare
279 3136 355 3158 cum
385 3125 497 3166 aliquo
530 3125 671 3166 praedio,
694 3126 782 3167 quod
805 3127 919 3158 eodem
965 3129 1074 3168 lando,
1096 3131 1232 3172 interpr.
1256 3129 1368 3162 Germ.
1391 3130 1496 3171 epistt„
1523 3129 1564 3160 V.
1588 3139 1618 3169 p.
1645 3128 1702 3158 551
1719 3126 1822 3158 nimia

63 3185 168 3226 pretio
190 3185 390 3218 aestimatur.
966 3185 1035 3216 visa
1059 3192 1117 3218 est.
1140 3186 1225 3216 Nam
1250 3185 1276 3216 si
1299 3192 1426 3216 tantum
1439 3185 1505 3224 ipse
1522 3184 1663 3219 haberet,
1684 3182 1823 3213 alterum
