2062 3565
146 144 231 183 282
549 143 633 184 ΕΡ.
668 142 744 183 AD
777 142 823 182 Τ.
858 139 1209 182 POMPONIUM
1242 139 1507 181 ATTICUM.

142 292 224 319 non
271 276 498 319 tenebimus
544 277 678 332 aliqua
721 291 769 317 ex
824 276 966 331 parte?
1009 279 1050 316 et
1095 289 1141 315 eo
1185 273 1348 329 quidem
1392 274 1533 329 magis,
1578 289 1657 329 quo
1700 275 1776 316 iste
1824 274 1910 329 plu-

142 351 214 392 ra?
260 352 300 391 2.
326 348 553 391 Nobiscum
587 348 651 390 hic
684 347 972 404 perhonorifice
1006 352 1046 389 et
1079 347 1204 388 amice
1238 346 1445 397 Octavius,
1490 361 1609 401 quem
1651 346 1814 403 quidem
1847 347 1909 388 sui

141 423 349 464 Caesarem
383 421 625 473 salutabant,
660 421 873 477 Philippus
916 435 1020 462 non:
1061 421 1197 475 itaque
1240 435 1291 461 ne
1329 434 1402 461 nos
1436 418 1598 474 quidem
1609 418 1634 477 3'⁴
1657 435 1775 476 quem
1808 434 1911 475 nego

141 510 254 551 posse
285 510 370 537 esse
402 495 553 538 bonum
587 496 728 546 civem,
760 495 818 536 ita
851 494 969 536 multi
1002 495 1277 545 circumstant,
1311 494 1382 549 qui
1415 493 1577 548 quidem
1620 494 1768 535 nostris
1807 509 1910 535 mor·

107 579 121 603 5
139 573 217 609 tem
262 569 515 621 minitantur,
559 574 709 625 negant
750 568 848 610 haec
891 567 985 609 ferri
1027 582 1156 624 posse.
1228 567 1341 614 Quid
1387 581 1538 617 censes,
1583 582 1707 622 quum
1742 567 1910 608 Romam

142 657 241 698 puer
285 644 454 695 venerit,
487 642 561 685 ubi
593 643 725 685 nostri
760 641 994 683 liberatores
1026 646 1117 683 tuto
1150 656 1234 683 esse
1268 656 1350 683 non
1382 643 1575 698 possunt?
1633 641 1715 694 Qui
1748 640 1909 696 quidem

147 731 302 772 semper
341 722 460 758 erunt
493 716 603 767 clari,
639 716 887 757 conscientia
920 731 1014 756 vero
1047 715 1143 757 facti
1177 715 1240 756 sui
1273 715 1394 756 etiam
1426 714 1549 757 beati.
1599 715 1677 758 Sed
1710 730 1796 766 nos,
1831 715 1910 756 nisi

140 804 202 830 me
226 789 342 841 fallit,
366 789 602 831 iacebimus.
636 788 911 844 Itaque-exire
936 803 1045 839 aveo,
1074 789 1140 829 ubi
1163 803 1230 829 nee
1255 788 1536 841 Pelopidarum
1554 789 1580 832 †
1601 788 1750 843 inquit.
1785 787 1909 830 Haud

141 878 230 904 amo
274 863 335 904 vel
376 863 449 904 hos
483 862 726 918 designatos,
762 861 831 916 qui
863 861 985 902 etiam
1019 860 1240 902 declamare
1273 876 1335 901 me
1369 865 1600 916 coegerunt,
1634 865 1681 902 ut
1713 876 1764 902 ne
1799 860 1907 917 apud

87 949 122 976 10
141 952 265 992 aquas
298 937 461 993 quidem
495 937 746 992 acquiescere
778 936 930 977 liceret.
980 935 1058 977 Sed
1091 935 1167 977 hoc
1200 949 1310 976 meae
1344 934 1492 976 nimiae
1525 933 1746 976 facilitatis.
1801 934 1908 975 Nam

141 1011 185 1052 id
229 1016 314 1053 erat
359 1011 562 1067 quondam
606 1011 722 1067 quasi
759 1025 935 1060 necesse,
980 1023 1103 1060 nunc,
1139 1023 1299 1064 quoquo
1333 1007 1452 1049 modo
1486 1022 1526 1048 se
1561 1021 1623 1048 res
1656 1006 1791 1058 habet,
1825 1022 1907 1049 non

141 1090 202 1126 est
233 1085 342 1126 item.
377 1087 418 1127 3.
453 1085 584 1137 Quam
619 1083 773 1126 dudum
806 1082 910 1125 nihil
942 1081 1070 1124 habeo
1104 1081 1211 1137 quod
1245 1081 1294 1123 ad
1328 1086 1368 1122 te
1391 1079 1578 1131 scribam,
1604 1079 1734 1122 scribo
1756 1085 1908 1132 tamen,

141 1172 222 1200 uon
253 1163 300 1200 ut
334 1160 401 1214 (te)
436 1157 629 1199 delectem
663 1157 726 1199 his
758 1157 900 1208 literis,
935 1155 1004 1198 sed
1038 1161 1085 1198 ut
1117 1156 1275 1198 eliciam
1307 1160 1412 1197 tuas.
1447 1155 1521 1204 Tu,
1556 1155 1592 1196 si
1625 1154 1724 1210 quid
1757 1155 1834 1196 erit
1856 1154 1905 1197 de

141 1232 297 1284 ceteris,
331 1231 380 1273 de
413 1232 540 1273 Bruto
574 1231 714 1286 utique
747 1230 960 1286 quidquid.
995 1231 1106 1272 Haec
1140 1230 1360 1286 conscripsi
1391 1245 1431 1270 Χ.
1456 1229 1549 1270 Kal.
1574 1227 1775 1270 accubans
1798 1228 1906 1285 apud

86 1315 119 1342 1⁵
141 1306 387 1357 Vestorium,
432 1305 635 1347 hominem
676 1309 873 1346 remotum
916 1319 938 1346 a
980 1303 1218 1355 dialecticis,
1252 1304 1295 1346 in
1329 1302 1593 1346 arithmeticis
1627 1302 1724 1344 satis
1757 1303 1904 1344 exerci-

141 1384 288 1422 tatum.

184 1559 202 1590 8
225 1557 325 1600 inquit
347 1558 418 1590 sine
441 1557 627 1599 suspicione
649 1557 767 1588 erroris
791 1575 830 1580 -
854 1557 892 1588 13
916 1567 977 1587 non
999 1558 1015 1594 †
1039 1558 1072 1586 ul
1094 1556 1245 1587 delectem
1268 1574 1308 1578 —

187 1719 252 1761 Quo
273 1719 335 1750 iste
351 1719 450 1760 plura
471 1729 505 1749 u:
531 1727 597 1759 quo
626 1717 721 1758 plura
744 1716 916 1748 Antonius
939 1716 999 1746 lar·
1046 1716 1155 1756 griora
1178 1717 1334 1757 leguntur
1357 1716 1443 1748 infra
1466 1716 1543 1747 XV.
1575 1716 1623 1754 ll,
1648 1716 1665 1746 3
1702 1715 1795 1747 Fam.
1822 1715 1903 1747 VII.

141 1774 232 1815 gitur
263 1778 436 1814 acceptave
469 1771 607 1813 pecunia
641 1775 796 1811 tanquam
820 1780 839 1801 a
862 1770 1000 1802 Caesare
1045 1770 1095 1806 30,
1121 1770 1148 1800 1.
1165 1769 1274 1811 Inquit
1287 1770 1346 1801 vix
1358 1770 1466 1811 potuit
1481 1779 1499 1800 a
1513 1768 1671 1801 Cicerone
1684 1768 1770 1800 addi.
1793 1767 1902 1799 Peerl-

140 1829 227 1860 iussa
249 1828 335 1859 facit.
1044 1822 1153 1864 kamp.
1176 1833 1235 1864 pro
1258 1833 1296 1855 eo
1318 1823 1476 1864 scriptum
1499 1822 1635 1853 volebat
1660 1832 1804 1864 unquam.

180 1883 198 1922 ξ
228 1882 256 1913 2.
285 1880 401 1912 Amice.
430 1880 507 1911 Non
538 1889 609 1911 esse
644 1888 660 1910 e
683 1888 786 1920 marg.
811 1878 898 1910 Crat.
924 1879 1000 1910 reci·
1090 1876 1150 1918 Qui
1178 1877 1272 1908 etiam
1295 1888 1340 1908 me
1363 1877 1542 1908 declamare
1565 1878 1741 1918 coeperunt.
1772 1875 1903 1907 Hirtius

137 1937 292 1979 piendum
315 1936 476 1977 peramica>
505 1934 633 1966 monuit
663 1934 777 1965 Madv.
808 1934 849 1965 ad
870 1933 945 1965 Fin.
969 1944 998 1974 p.
1044 1934 1075 1962 et
1098 1930 1216 1961 Pansa.
1241 1930 1357 1971 Atque
1379 1930 1475 1961 illum
1497 1929 1631 1970 quidem
1642 1938 1717 1960 cum
1729 1927 1904 1960 Dolabella

137 1991 209 2028 410,
241 1990 348 2021 allatis
378 1989 468 2026 locis,
503 1988 537 2019 in
567 1988 686 2029 quibus
710 1988 850 2018 alterum
874 1996 998 2018 nomen
1042 1985 1109 2016 iam
1131 1990 1228 2016 antea
1250 1984 1381 2016 dicendi
1403 1984 1604 2026 discipulum
1625 1992 1660 2015 se
1681 1983 1802 2015 habere
1824 1982 1902 2014 scri-

136 2056 204 2077 non
228 2051 388 2086 augeatur
409 2044 570 2085 particula
575 2053 646 2084 per.
670 2043 768 2074 Alios
781 2043 893 2074 attulit
905 2043 999 2074 Klot-
1043 2040 1090 2071 bit
1110 2039 1204 2071 Fam.
1230 2039 1293 2071 [X.
1318 2040 1367 2077 16,
1393 2039 1421 2072 7.
1539 2037 1546 2042 ”

136 2100 206 2132 zius
229 2100 263 2131 in
285 2109 430 2140 prooem.
454 2098 534 2130 edit.
556 2098 673 2139 Epistt.
698 2108 731 2138 p.
756 2096 871 2128 XLII.
1085 2095 1103 2134 ξ
1127 2094 1154 2125 3.
1181 2093 1278 2134 Quam
1300 2093 1425 2124 dudum.
1449 2093 1608 2125 Codicum
1630 2093 1791 2133 scriptura
1812 2102 1902 2134 quam

176 2154 343 2195 Philippus
366 2164 437 2185 non.
459 2153 629 2184 Urbanius
653 2157 736 2184 esset
753 2151 921 2192 Philippus
936 2162 997 2183 non
1042 2147 1157 2178 (ludum
1179 2147 1386 2178 defensorem
1409 2147 1537 2178 invenit
1558 2146 1731 2177 Handium
1753 2145 1787 2175 in
1806 2145 1903 2175 Turs.

135 2209 218 2246 item,
241 2209 329 2250 quod
355 2218 424 2239 voc.
458 2213 534 2239 ante
557 2206 663 2248 itaque
694 2206 789 2237 facile
813 2216 830 2236 a
852 2205 996 2236 librariis
1043 2200 1090 2231 II·
1113 2210 1144 2240 p-
1167 2199 1238 2231 302-
1261 2199 1328 2231 Sed
1350 2209 1450 2241 quum
1473 2199 1616 2230 formula
1643 2198 1764 2230 Plauto
1787 2202 1820 2229 et
1841 2197 1902 2229 Te-

105 2269 109 2272 ·
136 2262 243 2294 omitti
275 2261 393 2303 potuit.
429 2260 482 2292 Cf.
518 2260 667 2292 Moserus
690 2259 804 2300 Symb.
829 2258 909 2291 Crit.
934 2259 996 2290 VI,
1042 2254 1148 2285 rentio
1180 2254 1297 2285 usitata
1327 2254 1407 2284 alibi
1437 2254 1522 2295 apud
1546 2252 1740 2284 Ciceronem
1763 2262 1831 2283 non
1855 2251 1901 2282 in-

135 2328 166 2358 p,
198 2317 226 2354 9,
257 2316 313 2356 qui
347 2314 551 2356 comparavit
579 2314 650 2345 Att,
682 2314 730 2344 Π,
761 2313 810 2350 21,
844 2315 874 2343 4,
897 2313 995 2344 Tusc,
1043 2307 1202 2344 veniatur,
1227 2307 1438 2348 inpromptu
1460 2313 1510 2338 est
1531 2305 1693 2337 coniicere
1707 2304 1901 2346 geminatio-

135 2371 198 2402 IV.
221 2371 271 2401 31.
294 2368 358 2402 Off.
382 2369 408 2399 I.
434 2369 512 2399 118:
537 2367 607 2399 Hoc
629 2366 766 2398 Herculi
781 2368 910 2407 poterat
923 2366 994 2406 for·
1042 2370 1120 2392 nem
1157 2361 1278 2393 lineola
1313 2361 1493 2392 indicata-m
1526 2360 1626 2391 fuisse
1662 2359 1848 2400 neglectam
1884 2368 1902 2389 8

135 2426 221 2454 tasse
242 2420 434 2462 conlinyere,
458 2420 543 2451 nobis
566 2430 628 2451 non
650 2419 733 2451 ilem.
772 2419 872 2450 Plura
895 2419 996 2451 colle·
1018 2412 1021 2452 Ι
1042 2415 1196 2446 librariis-
1233 2416 1343 2453 Recte,
1379 2420 1415 2447 ut
1448 2416 1531 2447 mihi
1553 2415 1692 2452 Videtur,
1714 2413 1903 2446 Gronovius
2031 2442 2037 2448 .

136 2477 185 2518 git
206 2475 375 2512 Mahnius,
398 2474 494 2506 Misc.
516 2474 626 2505 Latin.
648 2483 679 2514 p.
704 2473 752 2503 68.
779 2472 828 2505 Cf.
841 2483 925 2514 quae
941 2484 996 2505 no·
1018 2455 1021 2524 Ι
1041 2472 1187 2503 correxit
1217 2482 1401 2513 quamquam
1422 2471 1550 2502 dudum.
1581 2471 1620 2502 In
1644 2479 1734 2511 seqq.
1759 2469 1901 2501 seriben-
2029 2500 2033 2501 1
2054 2486 2062 2501 ;

133 2532 211 2563 tabo
233 2531 274 2562 ad
295 2529 396 2561 XVI.
419 2530 446 2560 9.
1018 2525 1021 2559 Ι
1039 2525 1120 2555 (111111
1153 2531 1202 2556 est
1231 2535 1291 2556 non
1320 2526 1355 2555 ut
1387 2526 1418 2555 te
1446 2523 1594 2555 delectem
1616 2522 1691 2554 meir
1713 2521 1826 2559 literis,
1848 2521 1902 2553 vel

178 2583 250 2614 Nisi
271 2593 318 2614 me
330 2582 438 2623 fallit.
461 2581 741 2623 Impersonaliter,
763 2585 799 2612 ut
821 2580 917 2611 Fam.
932 2580 995 2611 IV.
1018 2563 1021 2614 l
1039 2589 1116 2610 cum
1137 2580 1270 2611 Mosero
1292 2579 1407 2620 Symb.
1431 2578 1512 2610 Crit.
1536 2578 1636 2609 VIII.
1659 2588 1689 2618 p.
1722 2577 1762 2607 14
1782 2586 1845 2607 non
1866 2577 1904 2607 ul

137 2637 165 2676 2,
189 2639 218 2669 3.
242 2636 325 2668 ΧΠ.
349 2638 377 2673 5,
401 2636 430 2666 2.
453 2635 559 2676 Saepe
581 2634 710 2665 additur
738 2633 822 2675 quid,
846 2638 882 2664 ut
902 2633 996 2665 Fam.
1041 2635 1076 2663 tu
1097 2633 1264 2664 delecteris
1286 2633 1362 2663 meis
1383 2632 1498 2663 literis.
1521 2631 1632 2663 Simili
1647 2630 1730 2662 vitio
1749 2629 1902 2661 librarius

136 2691 203 2722 111.
226 2692 255 2728 5,
277 2691 308 2720 4.
332 2689 375 2719 V.
398 2688 447 2725 20,
473 2688 502 2718 6.
1042 2687 1130 2718 Med.
1159 2687 1246 2717 infra
1274 2696 1323 2728 ep.
1357 2686 1395 2719 17
1418 2687 1472 2724 A,
1500 2687 1516 2716 1
1540 2695 1599 2726 pro
1621 2686 1656 2715 tu
1678 2683 1754 2715 meis
1775 2683 1902 2725 scripsit

185 2742 240 2774 Ubi
261 2751 319 2773 nec
341 2740 572 2781 Pelopidarum.
596 2740 710 2772 Verba
719 2740 846 2781 tragici,
861 2739 997 2770 fortasse
1043 2741 1106 2770 tum
1127 2739 1161 2769 in
1184 2739 1244 2769 leis.

141 2805 185 2828 ex
214 2795 320 2827 Atreo
347 2793 445 2825 Attii.
482 2791 533 2825 Cf.
564 2793 657 2824 Fam.
680 2793 762 2824 VII.
785 2793 835 2831 28,
859 2792 888 2823 2.
910 2793 998 2824 Ι1116-

730 2935 857 2976 XIII.
923 2936 988 2988 (A.
1030 2936 1076 2991 Π.
1115 2936 1156 2976 0.
1196 2934 1312 2989 710.)

211 3079 249 3118 1.
285 3076 461 3131 Septimo
507 3073 677 3130 denique
722 3074 785 3115 die
828 3073 965 3115 literae
1008 3073 1108 3115 mihi
1152 3072 1331 3114 redditae
1376 3077 1484 3124 sunt,
1527 3087 1626 3128 quae
1659 3076 1772 3113 erant
1805 3088 1827 3114 a
1860 3077 1899 3113 te

148 3164 246 3198 xus.
282 3150 370 3192 Kal.
404 3148 533 3197 datae,
569 3147 714 3203 quibus
749 3147 905 3202 quaeris
938 3152 1056 3202 atque
1091 3147 1211 3189 etiam
1246 3162 1304 3187 mc
1340 3147 1470 3203 ipsum
1503 3145 1652 3188 nescire
1681 3145 1897 3197 arbitraris,
