2062 3565
203 162 256 198 90
603 164 685 204 ΕΡ.
723 164 796 204 ΑΒ
829 163 874 203 Τ.
910 160 1259 203 POMPONIUM
1293 160 1557 203 ATTIGUM.

822 348 884 388 Π.
952 350 1017 401 (Α.
1059 348 1103 388 U.
1143 350 1184 388 C.
1224 348 1340 402 705.)

266 467 304 505 1.
352 466 437 520 Ego
481 478 604 518 quum
649 463 887 518 accepissem
933 468 1023 503 tuas
1076 462 1212 504 literas
1256 463 1387 504 Nonis
1432 463 1576 519 April„
1628 478 1725 517 quas
1774 463 1965 519 Cephalio

201 537 402 587 attulerat,
438 551 643 591 essemque
679 536 903 578 Minturnis
936 535 1130 591 postridie
1164 551 1390 587 mansurus,
1425 542 1465 578 et
1495 537 1590 579 inde
1624 537 1821 593 protinUS,
1846 537 1965 578 susti-

200 611 271 652 nui
314 625 376 651 me
419 610 462 651 in
505 610 663 651 Arcano
705 610 851 661 fratris,
901 614 960 661 ut,
997 609 1093 651 dum
1126 610 1278 666 aliquid
1313 611 1459 652 certius
1494 612 1713 662 afferretur,
1748 610 1964 652 occultiore

165 685 241 725 5i11
274 683 361 724 loco
394 697 570 724 essemus
603 687 894 738 agerenturque
927 682 1055 724 nihilo
1088 682 1236 732 minus,
1272 698 1373 738 quae
1413 683 1498 725 sine
1532 683 1648 725 nobis
1683 683 1747 739 agi
1780 689 1962 739 possunt.

200 754 505 815 Δαλαγεῦσα
523 756 602 798 iam
637 755 749 797 adest
781 762 822 797 et
855 756 1013 798 animus
1047 756 1172 807 ardet,
1208 772 1336 812 neque
1371 763 1431 799 est
1465 757 1699 812 quidquam,
1719 772 1797 813 quo
1815 762 1856 799 et
1873 773 1964 812 qua.

204 835 243 871 13.
288 829 365 872 Sed
414 829 512 871 haec
544 834 680 870 nostra
713 829 789 870 erit
822 845 917 871 cura
949 834 990 870 et
1022 830 1253 885 peritorum.
1303 831 1363 872 Tu
1397 836 1547 883 tamen,
1583 831 1695 887 quod·
1723 832 1886 888 poteris,
1923 837 1967 874 ut

201 903 333 945 adhuc
376 903 519 953 fecisti,
569 918 641 944 nos
686 903 863 944 consiliis
906 902 1079 944 iuvabis.
1138 903 1216 945 Res
1260 908 1356 945 sunt
1399 903 1715 959 inexplicabiles.
1766 906 1966 948 Fortunae

202 981 296 1019 sunt
330 977 618 1018 committenda
652 977 801 1019 omnia.
836 977 930 1018 Sine
965 992 1033 1033 spe
1067 992 1258 1019 conamur
1292 977 1388 1019 ulla.
1434 978 1583 1020 Melius
1616 979 1649 1019 si
1682 979 1781 1034 quid
1815 979 1967 1022 accide-

148 1067 183 1093 10
201 1052 266 1102 rit,
300 1050 550 1093 mirabimur.
585 1052 823 1107 Dionysium
857 1051 981 1093 nolim
1016 1051 1065 1093 ad
1101 1067 1162 1093 me
1196 1052 1434 1108 profectum,
1469 1052 1517 1094 de
1552 1068 1630 1108 quo
1664 1053 1714 1095 ad
1746 1067 1809 1094 me
1836 1052 1969 1094 Tullia

201 1141 287 1167 mea
337 1124 509 1180 scripsit.
562 1125 639 1167 Sed
685 1130 724 1167 et
766 1130 924 1182 tempus
970 1126 1144 1168 alienum
1189 1130 1249 1167 est
1299 1131 1338 1167 et
1372 1126 1525 1168 homini
1558 1142 1640 1168 non
1673 1127 1800 1168 amico
1834 1132 1968 1169 nostra

200 1197 466 1249 incommoda,
511 1202 625 1240 tanta
664 1200 909 1255 praesertim,
959 1200 1187 1256 spectaculo
1220 1214 1304 1241 esse
1338 1199 1475 1251 nolim,
1511 1200 1577 1241 cui
1610 1204 1649 1242 te
1683 1215 1770 1242 meo
1804 1200 1965 1242 nomine

200 1271 407 1314 inimicum
442 1286 525 1312 esse
557 1271 663 1313 nolo.

244 1437 258 1469 7
283 1436 387 1479 quoad
402 1437 524 1477 poteris
547 1455 586 1458 —
612 1436 649 1467 13
672 1437 749 1467 volo.

244 1584 262 1623 ξ
287 1583 313 1614 l.
338 1583 574 1626 Ayerenturque
604 1583 704 1613 nihilo
736 1583 836 1613 minus
873 1590 934 1614 cet.
968 1594 1000 1613 a:
1027 1590 1058 1613 ut
1156 1584 1247 1620 Quod
1270 1584 1394 1624 poteris
1424 1598 1462 1611 z
1492 1591 1654 1625 quatenus
1676 1584 1807 1626 poteris.
1831 1584 1966 1616 Praeter

202 1635 314 1667 omnia
334 1641 528 1678 pararentur
550 1636 590 1667 ad
613 1635 674 1668 iter
696 1646 713 1666 a
736 1636 838 1667 servis
860 1635 952 1667 meis.
1108 1637 1333 1668 necessitatem
1367 1636 1511 1669 Orellius
1546 1636 1635 1668 dedit
1666 1636 1772 1679 quoad
1796 1637 1919 1678 poteris
1949 1647 1966 1669 e

242 1685 468 1733 Λαλαγεῦσα,
500 1688 631 1729 garrula
675 1688 754 1725 avis,
787 1688 940 1725 hirundo,
975 1698 1059 1729 quae
1082 1696 1083 1701 ¹
1108 1690 1301 1722 Victoriana
1323 1690 1438 1731 prima.
1461 1690 1501 1721 cf.
1525 1690 1600 1721 adn.
1623 1691 1664 1721 ad
1686 1691 1733 1722 Π.
1758 1690 1785 1728 7,
1811 1692 1840 1722 3.

200 1746 285 1778 veris
320 1746 499 1777 adventum
530 1745 670 1777 nuntiat.
696 1744 736 1775 cf.
773 1743 875 1777 Orell.
905 1746 944 1776 ad
976 1745 1083 1776 Hor.·
1148 1743 1308 1775 Inimicum
1342 1754 1407 1775 esee
1439 1744 1520 1775 nolo.
1552 1744 1652 1776 Recte
1682 1744 1836 1776 Klotzius
1871 1745 1965 1776 rediit
2020 1761 2023 1766 ·
2058 1759 2060 1762 ·

200 1798 259 1840 Ep.
283 1798 312 1829 Ι.
336 1797 365 1835 7,
390 1798 438 1829 13.
1105 1800 1145 1830 ad
1179 1808 1374 1839 germanam
1403 1798 1480 1828 libri
1510 1798 1597 1830 Med.
1632 1798 1838 1839 scripturam,
1861 1808 1963 1839 quum

242 1853 260 1890 ξ
282 1852 311 1883 2.
324 1850 510 1883 Peritorum.
528 1851 696 1892 Ambigue
712 1852 847 1889 dictum,
875 1861 978 1893 eoque
993 1862 1051 1882 no·
1106 1852 1252 1885 Orellius
1266 1853 1451 1893 adoptasset
1470 1852 1710 1884 correctionem
1725 1856 1871 1884 veterem
1885 1852 1964 1883 volo.

200 1905 289 1937 mine
302 1911 501 1947 suspectum.
514 1905 708 1947 Scripsitne:
723 1907 900 1946 temporum,
913 1916 954 1936 an
968 1907 1055 1947 quod
1103 1907 1143 1937 cf.
1168 1906 1230 1937 IX.
1258 1907 1305 1943 15,
1330 1908 1346 1936 5
1360 1920 1365 1936 :
1389 1908 1423 1936 tu
1449 1905 1484 1936 id
1495 1906 1606 1947 quanti
1627 1905 1773 1937 aestimes
1788 1908 1872 1937 tuum
1886 1906 1965 1936 iudi-

201 1961 248 1991 Io.
263 1960 317 1992 Fr.
340 1960 507 1993 Gronovio
530 1961 563 1992 in
578 1966 722 1994 mentem
733 1962 840 1993 venit:
864 1963 1023 1992 ventorum
1037 1962 1056 1991 f
1105 1961 1184 1991 cium
1209 1963 1266 1997 est,
1284 1970 1340 1991 nec
1353 1959 1388 1990 in.
1398 1959 1454 1991 hoc
1469 1959 1526 1991 tibi
1540 1959 1706 2001 quidquam
1718 1959 1822 1991 oneris
1834 1959 1964 2000 impono.

809 2068 897 2108 [Π.
964 2069 1029 2119 (A.
1071 2068 1115 2108 U.
1155 2069 1196 2107 C.
1236 2067 1352 2120 705.)

262 2184 399 2234 Quum
444 2182 550 2237 quod
595 2183 809 2224 scriberem
855 2183 971 2237 plane
1017 2181 1119 2223 nihil
1153 2181 1354 2231 haberem,
1392 2181 1486 2222 haec
1520 2188 1652 2221 autem
1704 2181 1857 2236 reliqua
1906 2196 1963 2222 es-

200 2262 302 2306 sent,
338 2270 438 2310 quae
473 2255 571 2296 scire
607 2271 805 2311 cuperem,
842 2256 1094 2311 profectusne
1128 2259 1245 2304 esset,
1281 2268 1360 2309 quo
1393 2254 1435 2294 in
1469 2258 1577 2295 statu
1611 2253 1749 2294 urbem
1783 2253 1965 2308 reliquis-

201 2334 274 2379 set,
318 2329 360 2369 in
404 2328 492 2384 ipsa
534 2328 652 2370 [talia
696 2344 815 2384 quem
859 2329 1005 2384 cuique
1050 2328 1203 2383 regioni
1247 2332 1317 2368 aut
1350 2327 1511 2382 negotio
1547 2325 1813 2382 praefecisset,
1849 2327 1965 2381 ecqui

164 2418 180 2444 s
200 2409 333 2443 essent
366 2401 416 2442 ad
460 2401 696 2456 Pompeium
730 2408 770 2443 et
813 2402 863 2444 ad
897 2402 1078 2443 consules
1111 2417 1160 2442 cx
1193 2406 1354 2443 senatus
1388 2400 1570 2442 consulto
1605 2399 1652 2440 de
1686 2413 1782 2455 pace
1815 2399 1962 2453 legati:

200 2480 246 2517 ut
278 2475 403 2530 igitur
438 2475 534 2516 haec
568 2475 724 2524 scire-m,
758 2475 894 2516 dedita
928 2490 1045 2531 opera
1082 2476 1152 2517 has
1186 2475 1234 2516 ad
1266 2480 1304 2515 te
1339 2475 1474 2516 literas
1509 2474 1613 2515 misi.
1651 2472 1807 2514 Feceris
1839 2472 1966 2526 igitur

201 2547 404 2590 commode
438 2547 617 2602 mihique
650 2554 823 2602 gratum,
858 2548 891 2589 si
925 2564 985 2590 me
1019 2547 1067 2588 de
1103 2548 1165 2589 his
1199 2547 1316 2589 rebus
1350 2556 1389 2589 et
1423 2548 1456 2588 si
1491 2546 1586 2602 quid
1611 2546 1686 2587 erit
1708 2545 1832 2596 aliud,
1857 2545 1962 2600 quod

200 2622 300 2663 scire
333 2637 433 2676 opus
467 2621 532 2672 sit,
568 2620 706 2662 feceris
740 2622 961 2663 certiorem.
1012 2623 1098 2677 Ego
1132 2622 1173 2663 in
1209 2624 1366 2664 Arcano
1400 2621 1594 2676 opperior,
1646 2619 1742 2660 dum
1775 2619 1853 2661 ista
1901 2634 1964 2660 co-

202 2708 365 2749 gnosco.

787 2762 871 2809 HI.
907 2784 939 2809 a.
1006 2769 1067 2821 (A.
1109 2768 1149 2808 U.
1187 2769 1224 2808 C.
1263 2768 1380 2820 705.)

268 2885 306 2923 l.
349 2885 400 2924 A.
446 2884 487 2924 d.
528 2895 608 2924 VII.
653 2882 716 2923 Id.
766 2882 929 2924 alteram
974 2882 1051 2924 tibi
1093 2883 1233 2924 eodem
1265 2882 1330 2923 die
1364 2882 1467 2922 hanc
1500 2881 1710 2936 epistolam
1743 2880 1892 2921 dictavi
1925 2889 1965 2920 et

206 2954 332 3010 pridie
381 2954 568 2996 dederam
610 2969 696 2995 mea
729 2969 850 2996 manu
882 2955 1116 3009 longiorem.
1169 2955 1310 2995 Visum
1344 2959 1384 2995 te
1418 2954 1533 2995 aiunt
1564 2954 1607 2995 in
1640 2953 1763 3007 regia,
1796 2966 1871 2993 nec
1905 2966 1963 2992 re-

251 3117 288 3148 In
316 3118 412 3160 reyitz.
444 3119 516 3152 Hoc
546 3120 680 3152 nomine
704 3120 840 3151 indicari
863 3120 958 3151 aedes
982 3118 1059 3150 Cae·
1083 3125 1086 3158 ξ
1109 3120 1141 3150 in
1177 3119 1277 3159 Regia
1308 3120 1346 3149 ad
1379 3119 1510 3149 Sacram
1543 3118 1628 3148 viam
1661 3116 1838 3147 habitabat.
1871 3114 1962 3146 Suet.

187 3172 286 3204 ‘sarie
309 3180 375 3204 non
400 3178 447 3205 est
468 3174 616 3211 dubium,
641 3173 696 3216 qui
726 3174 875 3215 pontifex
897 3173 1060 3206 maximus
1083 3185 1086 3208 1
1110 3173 1197 3213 Aug.
1221 3173 1270 3203 46.
1294 3172 1333 3203 cf.
1359 3171 1496 3204 Beckeri
1531 3171 1647 3211 Antiq.
1670 3170 1762 3202 Rom,
1791 3169 1817 3200 1.
1841 3178 1869 3209 p.
1895 3168 1964 3200 233.
