2062 3565
671 157 775 199 LIB.
812 157 932 199 λἸΙΙ.
971 158 1051 200 ΕΡ.
1088 160 1283 200 37-39.
1771 162 1854 200 253

97 291 235 335 matris
282 305 367 332 esse
416 291 589 333 dicebat.
643 296 682 333 2.
732 293 855 334 Nunc
899 309 961 336 me
1007 295 1113 345 iuva,
1160 295 1214 335 mi
1253 294 1404 345 Attice,
1438 294 1618 346 consilio,
1653 293 1858 355 πότερον

95 359 216 426 δίκᾳ
247 369 419 423 τεῖχος
451 364 624 422 ὑψιον,
659 367 699 408 id
735 372 808 418 est,
844 373 978 410 utrum
1003 373 1136 424 aperte
1160 369 1362 410 hominem
1386 384 1572 424 asperner
1594 375 1635 410 et
1657 384 1856 425 respuam,

95 439 122 492 ἢ
155 434 388 489 σκολιαῖς
404 434 643 490 ἀπάταις.
685 440 741 481 Ut
763 441 870 482 enim
895 440 1085 492 Pindaro,
1110 442 1167 483 sic
1190 436 1320 499 δίχα
1343 455 1434 498 μοι
1458 439 1578 494 νόος
1594 438 1859 502 ἀτρέκειαν

93 508 258 555 εἰπεῖν.
311 511 488 553 Omnino
521 511 700 554 moribus
733 514 831 554 meis
865 513 965 555 illud
1001 515 1149 570 aptius,
1184 514 1252 555 sed
1287 515 1361 556 hoc
1396 514 1560 556 fortasse
1593 514 1856 571 temporibus.

93 586 154 627 Tu
187 591 336 636 autem,
371 585 478 640 quod
513 587 596 641 ipse
631 585 706 627 tibi
737 589 922 639 suaseris,
959 587 1065 629 idem
1090 588 1190 629 mihi
1214 603 1444 645 persuasum
1470 593 1625 644 putato.
1660 590 1857 644 Equidem
1900 601 1913 623 ⁵

94 648 227 699 ver‘eor
259 658 430 699 maxime
465 674 514 700 ne
547 660 590 700 in
623 660 851 701 'hisoulauo
886 662 1101 717 opprimar.
1138 662 1187 702 In
1219 661 1338 703 turba
1370 661 1467 703 haec
1501 667 1634 703 essent
1665 663 1857 705 faciliora.

98 733 239 774 Utrum
272 732 397 788 igitur
430 735 633 776 Asturae?
667 734 791 786 Quid,
827 735 859 777 si
893 736 1038 777 Caesar
1070 735 1231 777 subito?
1265 736 1366 778 Iuva
1398 751 1460 777 me
1494 751 1642 791 quaeso
1675 737 1856 779 consilio.

95 806 193 848 Utar
226 821 287 858 eo,
322 806 431 862 quod
464 811 511 849 tu
543 807 779 850 decreveris.

97 1007 115 1030 e
137 997 280 1031 Platone
302 999 343 1030 de
364 998 468 1039 Repb.
492 998 553 1035 ΙΙ.,
576 997 729 1029 Maximo
751 997 856 1038 Tyrio
877 998 954 1029 diss.

95 1051 223 1084 XVIII
247 1059 280 1084 et
312 1052 457 1084 Eusebio
491 1051 610 1093 Praep.
638 1051 698 1082 Ev.
729 1050 800 1082 XV
829 1051 954 1082 dudum

94 1107 237 1138 restituit
258 1107 447 1138 Boeckhius
471 1107 504 1138 in
527 1106 679 1138 Prooem.
703 1105 814 1137 Schol.
835 1106 956 1136 a.1812

97 1159 186 1191 edito
217 1166 250 1192 et
278 1160 417 1202 repetito
452 1160 486 1191 in
519 1160 616 1191 Novo
647 1159 767 1190 Tabul.
798 1158 955 1190 Seebodii

94 1213 157 1244 111.
182 1213 210 1251 3,
231 1224 262 1255 p.
288 1214 327 1245 58
350 1224 408 1254 sq,
431 1222 573 1254 quocum
596 1211 638 1243 cf.
661 1211 856 1243 Schneideri
876 1212 954 1242 adn.

94 1268 135 1298 ad
158 1267 180 1299 l.
203 1267 363 1306 Platonis,
385 1267 547 1308 descripta
570 1267 604 1297 iu
627 1265 747 1298 Onom.
770 1266 862 1296 Tull.
886 1266 942 1297 III

95 1331 125 1362 p.
147 1321 198 1352 49.
221 1321 310 1353 Sunt
326 1321 422 1352 haec:
449 1317 596 1364 Πότερον
617 1316 700 1366 δίκᾳ
718 1321 833 1366 τεῖχος
850 1316 951 1364 ὕψιον

85 1369 132 1412 '¹11
159 1376 316 1417 σκολιαῖς
341 1377 495 1415 ἀπάταις
517 1374 700 1423 ἀναβαίνει
722 1369 950 1423 Ἐπιχθονίον

92 1433 188 1480 γένος
207 1431 360 1480 ἀνδρῶν,
381 1434 474 1480 Δι’χα
495 1444 553 1480 μοι
566 1431 642 1472 νόος
658 1431 833 1476 ἀτρέκειαν
844 1431 950 1467 εἰπεῖν

93 1485 114 1516 i.
139 1494 166 1516 e.
202 1485 327 1516 Utrum
350 1484 473 1515 iustitia
502 1483 750 1514 munimentum
778 1483 875 1514 altius
908 1493 950 1514 an

91 1538 238 1582 (obliquis
261 1538 347 1569 dolis
367 1537 544 1568 adscendat
565 1541 717 1568 terrestre
740 1545 845 1577 genus
867 1536 952 1567 viro—

93 1603 175 1631 rum,
197 1592 299 1624 dubia
320 1592 404 1623 mihi
426 1601 520 1623 mens
541 1591 653 1622 haeret
671 1596 761 1622 certo
778 1591 952 1623 affirmare.

133 1645 177 1677 Id
196 1648 242 1677 est
263 1664 305 1669 —-
326 1655 479 1686 respuam.
507 1645 608 1676 Recte
629 1644 711 1675 haec
733 1644 842 1681 verba,
866 1654 951 1685 quae

1004 1004 1074 1030 erat
1096 1000 1137 1030 ad
1159 1009 1252 1043 suam
1274 1009 1344 1031 rem
1366 1002 1636 1033 accommodavit.
1672 1002 1760 1034 Nam
1783 1002 1859 1034 Pin-

1003 1052 1075 1083 dari
1106 1053 1215 1084 verbis
1246 1053 1347 1085 alium
1377 1064 1513 1086 sensum
1542 1056 1692 1088 subiecit.
1727 1057 1860 1097 uRogat

1003 1106 1102 1144 enim,
1125 1112 1237 1139 utrum
1258 1108 1394 1140 suadeat
1415 1110 1559 1147 Atticus,
1583 1115 1620 1141 ut
1641 1111 1750 1152 palam
1771 1119 1860 1152 prae·

1003 1158 1085 1190 ferat
1106 1160 1226 1191 iustam
1248 1161 1332 1192 iram
1355 1162 1389 1193 in
1404 1162 1577 1202 Quintum,
1591 1173 1692 1205 eaque
1707 1165 1748 1196 de
1761 1174 1861 1195 causa

1002 1223 1069 1243 non
1103 1214 1202 1245 modo
1230 1214 1391 1256 obiurget,
1421 1217 1477 1247 sed
1513 1217 1612 1248 etiam
1640 1217 1797 1248 excludat
1828 1224 1861 1249 et

1002 1268 1086 1298 nolit
1108 1268 1219 1300 videre
1234 1269 1399 1308 iuvenem,
1418 1281 1459 1302 an
1473 1272 1621 1303 animum
1632 1272 1666 1304 in
1679 1282 1718 1304 eo
1730 1272 1860 1313 frangat

1000 1327 1032 1353 et
1054 1323 1245 1354 meminisse
1266 1324 1389 1356 doloris
1411 1325 1480 1356 eius
1501 1326 1720 1358 dissimulet.''
1758 1325 1860 1360 Gron.

999 1376 1047 1406 At
1074 1376 1152 1406 satis
1181 1376 1357 1409 manifesta
1385 1384 1435 1409 est
1463 1379 1672 1420 interpolatio
1703 1380 1737 1410 in
1760 1380 1859 1411 Tuse.

1000 1428 1043 1459 V.
1075 1429 1125 1468 39,
1155 1430 1213 1461 ubi
1243 1430 1292 1468 iis,
1324 1440 1408 1471 quae
1431 1431 1547 1463 Cicero
1569 1433 1714 1474 scripsit:
1739 1432 1780 1463 Et
1801 1433 1860 1465 hoc

997 1482 1117 1524 quidem
1140 1484 1216 1514 mihi
1238 1495 1304 1516 cum
1327 1484 1430 1517 Bruto
1445 1487 1588 1517 convenit
1601 1487 1857 1526 seduluslector,

998 1547 1125 1569 memor
1147 1548 1261 1570 eorum
1284 1549 1367 1580 quae
1400 1540 1525 1582 legerat
1547 1541 1581 1572 in
1606 1542 1624 1582 ξ
1646 1542 1696 1579 30,
1719 1542 1856 1574 adiecit:

997 1591 1034 1623 id
1066 1595 1114 1622 est
1147 1602 1212 1624 cum
1237 1593 1420 1633 Aristotele,
1457 1594 1646 1633 Xenocrate,
1678 1595 1855 1637 Speusippo,

998 1645 1174 1678 Polemone.

1038 1699 1086 1730 Ne
1109 1719 1149 1723 ——
1170 1701 1326 1741 opprimar
1347 1713 1366 1734 a
1387 1702 1514 1742 Quinto
1525 1704 1605 1741 filio,
1617 1713 1715 1745 quem
1730 1704 1854 1737 Romae

92 1699 230 1731 minime
252 1699 397 1740 glossam
413 1698 554 1739 sapiunt,
574 1698 729 1728 adversus
741 1697 949 1730 Valckenae-

91 1752 177 1783 rium
199 1751 347 1784 defendit
368 1751 560 1792 Madvigius
583 1750 624 1781 ad
645 1750 721 1781 Fin.
744 1761 774 1791 p.
800 1750 858 1781 145
902 1752 949 1783 Iis
995 1753 1030 1784 in
1053 1754 1150 1785 turba
1171 1754 1299 1787 facilius
1322 1757 1426 1788 vitare
1447 1763 1569 1798 potem.

91 1803 207 1837 Cicero
230 1805 263 1836 id
286 1806 375 1847 quod
398 1804 585 1846 generalius
607 1809 639 1835 et
655 1803 813 1834 translate
823 1804 948 1836 dietum
971 1811 974 1823 ¹

642 1920 842 1964 XXXIX.
908 1925 972 1977 (A.
1015 1925 1060 1966 [J.
1099 1927 1141 1967 C.
1178 1926 1297 1981 709.)

154 2052 194 2092 1.
228 2051 264 2093 Ο
297 2048 574 2092 incredibilem
610 2037 852 2091 vanitatem!
888 2050 953 2092 Ad
986 2056 1154 2107 patrem,
1188 2053 1307 2096 domo
1340 2054 1418 2096 sibi
1451 2056 1668 2098 carendum
1690 2063 1852 2114 propter

87 2128 275 2166 matrem:
321 2123 387 2178 (ad
432 2125 613 2178 matrem)
650 2122 807 2178 plenam
840 2124 1018 2179 pietatis.
1070 2127 1151 2169 Hic
1184 2133 1318 2170 autem
1350 2130 1432 2170 iam
1464 2130 1690 2186 languescit
1721 2136 1762 2172 et
1793 2131 1851 2173 ait

87 2197 165 2240 sibi
207 2198 323 2240 illum
367 2199 452 2240 iure
495 2197 658 2238 iratum.
705 2199 746 2238 2.
792 2197 869 2239 Sed
913 2203 1006 2241 utar
1046 2205 1118 2242 tuo
1158 2202 1339 2244 consilio.
1389 2200 1591 2246 Σκολιιὲ
1635 2204 1742 2246 enim
1773 2203 1850 2246 tibi

87 2272 202 2314 video
244 2272 414 2328 placere.
465 2271 648 2322 Romam,
692 2275 740 2312 ut
782 2285 933 2324 censes,
974 2274 1145 2326 veniam,
1190 2275 1259 2317 sed
1307 2276 1460 2318 invitus
1472 2295 1483 2328 3
1518 2277 1632 2319 valde
1665 2279 1769 2320 enim
1804 2279 1848 2320 in

86 2345 297 2388 scribendo
341 2344 498 2387 haereo.
547 2344 735 2394 Brutum,
781 2344 932 2400 inquis,
976 2347 1112 2390 eadem
1157 2350 1325 2392 scilicet.
1376 2350 1454 2393 Sed
1497 2352 1578 2393 nisi
1620 2352 1695 2394 hoc
1728 2357 1845 2404 esset,

86 2434 148 2461 res
179 2434 242 2461 me
274 2418 352 2460 ista
385 2432 466 2459 non
499 2422 670 2472 cogeret.
717 2417 805 2458 Nec
838 2419 944 2460 enim
977 2421 1072 2463 inde
1106 2424 1230 2474 venit,
1264 2423 1371 2465 unde
1405 2424 1578 2476 mallem,
1612 2440 1742 2480 neque
1775 2425 1847 2467 diu

125 2595 146 2627 2
161 2596 293 2637 propter
313 2596 461 2626 matrem:
490 2595 508 2633 †
527 2593 650 2633 plenam
675 2611 717 2618 —-

125 2743 144 2784 ξ
167 2744 197 2775 1.
223 2742 350 2774 Plenam
366 2741 510 2782 pietatis.
540 2739 683 2771 Videtur
704 2740 828 2781 aliquid
851 2741 939 2774 exci-
1025 2747 1043 2787 ξ
1065 2748 1094 2779 2.
1116 2747 1158 2779 In
1177 2748 1340 2781 scribendo
1361 2750 1475 2782 haereo
1497 2760 1529 2781 o:
1554 2750 1702 2781 assiduus
1723 2758 1796 2780 sum
1807 2748 1841 2779 iu

83 2797 179 2829 disse,
210 2797 354 2829 ofellius
383 2801 457 2837 post
489 2796 617 2825 matrem
639 2794 824 2835 suspicatur
844 2797 941 2828 omis·
960 2810 963 2839 ι
983 2802 1166 2835 scribendo.
1191 2803 1241 2836 Cf.
1264 2814 1314 2846 ep.
1337 2814 1405 2846 seq.
1429 2806 1458 2836 2.
1480 2806 1514 2836 in
1537 2805 1628 2835 libris
1649 2805 1774 2835 haereo.
1791 2802 1840 2834 De

82 2859 156 2882 sum
192 2850 237 2882 ad
270 2851 411 2887 matrem,
444 2848 532 2889 quod
564 2847 698 2888 egregie
730 2848 942 2882 confirmatur
984 2853 1074 2887 Orat.
1097 2857 1124 2888 Ι.
1147 2856 1208 2890 173
1230 2857 1363 2889 haerere
1383 2858 1417 2889 in
1438 2858 1518 2889 iure.

82 2904 134 2936 his
155 2904 265 2936 verbis
288 2913 331 2935 ex
353 2912 404 2944 ep.
431 2902 469 2933 41
501 2901 571 2933 dia-i
591 2901 682 2932 illum
703 2901 876 2934 commodas
897 2903 942 2935 ad
1025 2909 1161 2943 Brutum
1185 2930 1221 2936 -
1245 2912 1353 2944 eadem
1373 2912 1496 2943 scilicet
1518 2922 1552 2943 o:
1577 2912 1659 2943 scito
1681 2916 1713 2943 te
1726 2911 1839 2942 eadem

84 2959 212 2988 matrem
234 2957 357 2988 litera-3·
960 2976 962 2983 ν
984 2963 1038 2994 via
1060 2964 1204 2997 Brutum
1225 2967 1337 2998 videre
1359 2976 1463 3008 posse.
1494 2966 1681 3007 Respondet
1705 2963 1837 2995 Cicero:

123 3007 245 3042 Σκολιὰ
278 3028 319 3033 -
349 3008 405 3039 tibi
437 3007 527 3038 ²⁷id20
552 3007 692 3048 placere.
726 3009 872 3050 Respicit
900 3010 941 3040 fld
984 3017 1042 3050 sed
1073 3018 1138 3050 nisi
1169 3019 1251 3051 haec
1279 3019 1362 3050 mihi
1391 3029 1488 3050 causa
1520 3024 1604 3050 esset
1625 3017 1764 3049 Romam
1786 3024 1839 3048 ve-

82 3067 183 3099 verbss
203 3066 340 3099 Pindari
355 3063 509 3103 σκολιαῖς
537 3063 702 3106 ἀπάταις,
715 3066 861 3108 ᾱὶθίῦῑὶῐῑθ
880 3067 940 3098 At·
959 3074 963 3141 *
983 3070 1107 3110 niendi‚
1130 3077 1167 3104 ut
1189 3072 1232 3112 Q.
1255 3072 1363 3104 filium
1385 3073 1532 3109 vitarem,
1556 3070 1650 3102 Bruti
1661 3078 1759 3100 causa
1769 3077 1837 3099 non

83 3123 148 3155 tico
181 3124 318 3166 placere,
351 3129 388 3154 ut
419 3123 566 3154 dolorem
596 3123 782 3155 dissimulet
811 3129 844 3155 et
865 3133 940 3155 eum
960 3145 963 3158 ,
983 3125 1142 3157 venirem.

85 3177 213 3216 Quinto
233 3182 328 3209 caute
351 3185 436 3216 agat.
1025 3178 1090 3210 Nec
1111 3179 1192 3210 enim
1213 3179 1287 3210 inde
1307 3179 1403 3216 venit,
1425 3179 1508 3210 unde
1530 3177 1651 3208 mallem
1668 3185 1701 3207 οι
1717 3176 1837 3207 Brutus
