2062 3565
165 142 251 181 400

168 273 249 304 Esse
273 272 306 303 in
329 275 488 312 potestate
513 270 539 301 1.
572 270 619 307 10,
649 272 683 306 2;
716 269 750 300 in
783 278 839 309 spe
863 268 887 299 I.
920 268 968 306 13,
992 268 1011 298 6
1019 282 1027 305 3

274 327 309 356 in
332 325 506 366 splendore
529 324 553 354 Ῐ.
578 324 627 360 18,
652 323 666 353 1
680 337 687 360 ;
711 323 746 354 in
774 323 892 353 timore
917 322 959 352 V.
978 321 1028 359 14,

274 379 312 415 2;
335 378 433 409 nihili
458 378 484 408 Ι.
508 378 557 415 19,
580 379 617 413 4;
641 376 726 408 nihil
739 375 867 416 negotii
880 375 960 406 XII.
979 375 1028 413 14,

275 433 289 463 1
303 434 318 469 ,·
343 432 435 463 nulla
457 440 514 471 spe
538 430 600 461 vl.
626 430 654 467 1,
677 430 734 466 233
768 434 864 465 recte,
906 433 978 459 tuto
1002 429 1028 459 1.
1052 417 1054 461 ἶ

273 487 303 519 7.
326 485 407 517 XV.
430 484 481 522 11,
506 484 533 514 1.
559 484 658 515 XIV.
683 484 732 520 20,
756 484 785 514 3.

170 542 227 572 Est
249 541 282 571 in
306 550 345 571 eo
368 539 448 571 XII.
470 540 522 577 40,
545 540 580 575 4,
603 543 711 569 totum
735 537 779 568 V.
802 538 852 575 20,
876 537 903 569 7.

168 596 210 626 Et
233 605 294 626 non
317 596 402 625 recte
417 593 552 634 ponitur
565 595 641 624 ante
661 594 829 623 extremam
845 601 945 622 vocem
963 601 1031 622 ora-

230 648 326 679 tionis
354 647 500 688 asyndeli
531 648 557 678 Ι.
582 647 632 684 20,
657 647 691 683 1,
717 653 749 677 et
771 664 810 669 —
834 651 866 677 et
888 656 956 676 non
982 644 1030 675 ΙΙ.
1054 645 1055 669 ἶ

232 705 261 740 4,
285 703 320 740 6,
357 708 389 734 et
412 715 454 729 z
476 707 508 732 et
537 706 647 732 tamen
678 700 775 732 XIV.
809 701 838 737 8,
871 700 905 736 13
938 703 969 730 et
991 717 1032 722 -—

235 756 333 786 etiam
356 755 401 785 11.
425 755 452 791 1,
466 756 503 791 3;
528 760 559 785 et
571 754 652 784 heus
667 755 839 794 suspectum
855 753 915 783 VI.
934 753 961 790 l,
974 751 1031 787 253

240 817 271 840 et
293 809 490 850 indiynante's
512 808 575 839 VI.
598 808 677 845 2,9;
702 808 816 848 etipse
836 807 934 838 VIII.
951 807 979 844 7,
995 807 1030 843 13
1056 838 1057 845 ¹

233 867 263 893 et
287 862 421 903 quidem
455 861 556 892 VIII.
579 861 628 898 16,
652 860 687 896 2;
723 866 757 891 et
780 870 843 900 pro
873 860 971 890 etiam
1009 859 1032 889 1.
1056 861 1057 866 ’

232 916 260 953 1,
283 916 314 946 4.
338 915 399 946 XI.
424 915 453 952 9,
477 914 506 945 2.

172 970 281 1000 Etiam
299 969 332 1000 in
355 968 556 1009 responsione
579 968 605 999 Ι.
630 968 678 1005 13,
703 968 731 999 6.
755 968 817 998 IV.
834 969 862 1005 5,
885 967 976 1004 1.18,
994 969 1032 1004 4,-

301 1022 399 1053 etiam
422 1022 569 1062 scriplum
587 1031 648 1061 pro
671 1021 737 1051 iam
761 1021 788 1051 I.
814 1021 843 1058 2,
869 1021 903 1057 1,
934 1021 1034 1052 ctiam

297 1084 393 1108 antea
407 1077 489 1107 VII.
505 1077 533 1114 1,
547 1077 587 1114 83
607 1077 707 1107 etiam
720 1077 798 1106 dum
811 1075 912 1106 XIII.
929 1076 979 1113 31,
997 1076 1027 1108 1:

296 1132 395 1162 etiam
419 1137 451 1162 et
474 1130 574 1162 etiam
598 1130 698 1161 VIII.
724 1129 771 1166 12,
797 1129 847 1167 13,
871 1130 899 1160 2.

169 1185 241 1216 Etsi
265 1195 329 1214 cum
354 1183 550 1214 coniunctim
573 1183 615 1213 V.
641 1183 690 1213 11.
715 1183 744 1214 2.

169 1238 242 1269 Etsi
263 1250 304 1264 z
326 1237 384 1268 sed
406 1236 468 1267 IV.
492 1236 521 1273 9,
546 1236 585 1275 1.¹

172 1292 244 1323 Etsi
266 1290 419 1332 quamvis
444 1290 540 1321 XVI.
564 1291 593 1327 7,
616 1290 645 1320 2.

170 1344 220 1375 Eu
242 1343 425 1374 dubitanter
451 1342 594 1374 Ciceroni
616 1342 765 1372 tribuitur
790 1343 852 1374 VI.
876 1343 904 1379 3,
930 1346 959 1374 5.

168 1397 334 1428 Eventum
357 1396 425 1426 Ill.
451 1396 480 1432 8,
503 1397 532 1425 4.

170 1450 343 1490 Evigilare
365 1449 429 1481 IX.
456 1449 504 1486 12,
528 1449 555 1479 1.

171 1504 223 1534 Ex
247 1513 314 1544 quo
336 1513 462 1533 causam
485 1502 608 1532 indicat
633 1502 679 1533 II.
703 1502 752 1538 23,
778 1502 805 1532 3.

191 1571 204 1583 n
251 1556 416 1588 sententia
438 1555 499 1587 IV.
525 1555 573 1592 14,
597 1555 624 1585 2.

169 1610 338 1641 Exaudite
360 1609 387 1640 Ι.
412 1610 463 1646 14,
486 1611 516 1638 4.

168 1666 332 1697 Excidere
354 1664 417 1695 IV.
441 1664 490 1702 17,
516 1665 543 1695 1.

167 1719 331 1760 Excipere
352 1718 486 1749 laudem
508 1718 534 1748 I.
561 1718 609 1755 14,
636 1719 664 1748 3.
688 1717 731 1748 II.
756 1720 783 1754 5,
814 1718 839 1747 l.

172 1774 348 1805 Excubare
368 1773 481 1804 animo
503 1772 567 1803 IX.
593 1772 641 1810 11,
665 1775 693 1803 4.

171 1828 344 1859 Excudere
367 1826 447 1858 XV.
470 1826 521 1865 27,
543 1827 572 1858 2.

168 1881 372 1921 Exemplum
394 1880 564 1911 literarum
589 1880 648 1911 IX.
672 1880 700 1917 6,
727 1882 756 1911 3.

168 1933 344 1965 Exercitus
367 1947 406 1960 -τ
430 1938 571 1964 vexatus
593 1933 620 1964 1.
647 1933 695 1970 11,
719 1934 748 1963 2.

168 1987 356 2018 Exhaurire
378 1986 533 2018 mandata
554 1987 597 2017 V.
623 1987 650 2024 1,
677 1988 705 2017 5.

172 2041 341 2073 Exhibere
362 2041 527 2082 pupillum
550 2041 594 2071 V.
620 2041 667 2079 18,
691 2044 721 2072 4.

171 2095 318 2135 Exigere
341 2095 384 2125 V.
407 2095 457 2132 21,
481 2094 531 2125 10.

168 2148 302 2187 Exigue
324 2147 446 2187 scripta
467 2147 606 2188 epistola
630 2147 693 2178 XI.
717 2148 765 2185 16,
790 2149 817 2178 1.

168 2201 271 2232 Exire
293 2203 333 2232 de
356 2201 450 2232 libris
472 2201 570 2232 XIII.
595 2201 644 2237 13,
671 2203 703 2232 1:
728 2203 767 2232 de
780 2202 883 2234 classe
898 2202 981 2239 X.4,
998 2203 1028 2234 9.

171 2254 373 2285 Existimare
395 2254 423 2284 Ι.
444 2256 473 2291 5,
497 2255 524 2284 1.

168 2307 362 2338 Exitiabilis
377 2308 488 2347 forma
513 2306 607 2338 dvbia
635 2308 676 2338 X.
700 2310 729 2344 4,
755 2308 784 2338 3.

169 2360 302 2391 Exoriri
329 2360 409 2391 VII.
434 2360 483 2396 26,
510 2360 536 2390 1.

170 2415 351 2456 Explicare
373 2414 523 2445 debitum
548 2414 590 2445 V.
614 2417 642 2451 5,
666 2415 695 2445 2.
720 2414 818 2446 VIII.
843 2416 880 2445 12
908 2417 948 2452 Α,
974 2417 1002 2446 3.

169 2469 346 2510 Exponere
368 2469 513 2500 actiones
539 2468 600 2499 VI.
623 2469 651 2505 1,
674 2470 704 2501 8.

172 2523 369 2563 Exprimere
392 2532 508 2553 vocem
530 2521 576 2553 II.
599 2522 648 2559 21,
675 2524 704 2553 5.

390 2575 537 2616 aliquem
561 2575 659 2606 VIII.
685 2577 735 2613 11,
759 2577 786 2606 1.

172 2629 321 2670 Exsequi
342 2628 448 2660 fatum
469 2629 533 2660 IX.
560 2629 610 2666 12,
639 2630 666 2660 1.

173 2683 386 2724 Exspectatio
408 2683 623 2715 Corfiniensis
648 2684 748 2715 VIII.
771 2686 800 2721 5,
825 2685 852 2715 2.

174 2738 383 2780 Extorquere
407 2739 468 2770 VI.
492 2739 520 2776 1,
543 2739 594 2770 25.

174 2793 281 2823 Extra
303 2802 402 2833 quam
424 2793 452 2824 si
477 2793 539 2824 VI.
565 2794 591 2830 1,
617 2793 666 2824 15,

175 2844 362 2876 Extmdere
386 2845 430 2877 V.
454 2846 480 2882 1,
506 2847 534 2877 5.

179 2899 366 2931 Exturbare
390 2900 489 2931 VIII.
514 2900 562 2938 16,
586 2901 615 2932 2.

597 3018 632 3049 Ι-“.

182 3113 271 3145 Faba
295 3114 443 3145 manium
466 3115 492 3145 I.
519 3115 566 3152 16,
590 3114 638 3145 13.

447 138 630 180 JNDEX
665 135 1093 179 VOCABULORUM
1127 135 1196 176 ET
1230 134 1656 176 GRAMMATICUS.

1073 267 1197 299 Facere
1233 268 1274 299 de
1312 268 1468 298 struendo
1506 267 1627 299 sacello
1656 268 1684 299 1.
1716 268 1764 305 16,
1802 268 1858 306 18,
1895 268 1936 300 dc

1221 320 1411 351 conditione
1446 319 1507 350 XI.
1540 320 1571 359 2,
1609 320 1644 358 3,
1678 321 1810 357 dieitur,
1843 320 1936 351 cuius

1223 375 1320 415 culpa
1349 375 1475 415 aliquid
1507 385 1575 405 non
1597 375 1634 405 fit
1656 375 1700 405 V.
1724 375 1773 412 20,
1798 375 1834 411 1;
1859 375 1938 406 satis

1224 430 1267 461 V.
1291 429 1319 467 3,
1343 429 1372 460 3.

1075 484 1188 515 Facile
1214 483 1239 514 I.
1262 483 1292 520 1,
1315 483 1350 520 2;
1376 493 1446 515 esse
1467 483 1590 514 alicubi
1612 483 1692 515 XII.
1715 483 1766 520 34,
1793 484 1821 514 1.

1075 537 1185 574 Facio,
1209 543 1247 568 ut
1269 538 1295 568 Ι.
1319 537 1366 574 11,
1393 537 1429 574 1,
1455 537 1536 568 V11.
1561 537 1609 575 15,
1637 537 1666 568 3.

1053 574 1055 600 ⁴¹
1077 590 1217 622 Factum
1240 591 1328 622 male
1353 591 1468 631 (bene)
1493 591 1574 622 XII.
1597 591 1652 627 10;
1678 591 1758 623 XV.
1783 592 1938 629 1‚1;c0r-

1242 646 1365 684 ruptum
1387 654 1426 674 em
1449 644 1592 675 facetum
1615 644 1675 675 XI.
1702 645 1732 682 7,
1756 645 1784 675 1.

1078 696 1201 728 Factus
1225 697 1273 728 II.
1295 697 1346 735 24,
1371 697 1399 728 3.

1077 749 1234 780 Facultas
1257 750 1385 790 agraria
1411 750 1455 781 II.
1480 750 1527 786 15,
1553 751 1580 780 1.

1078 803 1180 834 Fallit
1201 803 1367 843 imperson.
1392 803 1488 836 XIV.
1514 804 1560 841 12,
1586 805 1614 835 2.

1076 856 1212 887 Fasciae
1235 861 1377 889 cretatae
1401 857 1447 888 ΙΙ.
1470 859 1499 894 3,
1526 858 1554 888 1.

1078 908 1170 940 Fasti
1192 909 1421 941 codicillorum
1444 910 1505 940 IV.
1530 910 1548 940 8
1572 910 1602 947 b,
1626 910 1645 940 2
1670 911 1757 941 Add.

1078 962 1204 994 Favere
1226 973 1287 994 non
1311 963 1430 994 dicitur
1444 965 1602 1004 patronus
1624 973 1678 994 reo
1701 964 1780 996 XII.
1806 965 1858 1003 49,
1883 966 1912 996 1.

1079 1016 1210 1048 Fecisse
1234 1018 1264 1046 el
1287 1026 1355 1047 non
1378 1016 1496 1047 fecisse
1517 1017 1623 1048 videri
1646 1017 1713 1048 IV.
1737 1017 1785 1056 17,
1810 1020 1838 1049 5.

1079 1070 1245 1101 Felicatae
1267 1070 1378 1102 lances
1405 1071 1462 1100 VI.
1488 1071 1516 1108 1,
1540 1071 1589 1101 13.

1078 1123 1190 1155 Fenus
1213 1124 1323 1155 subito
1346 1130 1478 1155 auctum
1506 1124 1567 1155 1V.
1592 1125 1659 1162 15,Δ
1676 1125 1711 1162 ’ῖς
1744 1131 1938 1167 perpetuum

1215 1177 1256 1207 V.
1279 1176 1329 1214 21,
1353 1177 1409 1213 13;
1434 1186 1467 1208 et
1489 1178 1695 1219 impendium
1709 1188 1858 1211 recusare
1879 1180 1939 1211 VI.

1215 1230 1243 1267 1,
1267 1231 1298 1259 4.

1076 1284 1176 1319 Ferre
1200 1289 1310 1325 aperte
1334 1283 1432 1315 XIV.
1462 1285 1511 1322 12,
1541 1286 1579 1321 23
1611 1285 1700 1317 lente
1736 1286 1782 1318 II.
1817 1287 1867 1325 13,
1904 1288 1941 1322 23

1204 1340 1344 1371 obscure
1369 1339 1431 1370 IX.
1455 1340 1484 1377 7,
1515 1341 1549 1377 3,
1585 1341 1722 1372 tacitum
1757 1342 1806 1373 ΙΙ.
1839 1344 1869 1381 3,
1902 1343 1939 1380 2;

1203 1394 1327 1425 tribum
1351 1393 1395 1424 II.
1423 1393 1450 1430 1,
1476 1394 1511 1430 9;
1536 1394 1672 1426 fluctum
1695 1395 1737 1426 V.
1762 1396 1810 1434 12,
1835 1396 1865 1428 1.

1052 1444 1055 1452 '
1075 1448 1214 1479 Ferreus
1242 1447 1339 1478 XIII.
1363 1447 1413 1485 30,
1438 1446 1465 1477 1.

1074 1502 1209 1533 Festine
1231 1512 1272 1531 an
1296 1501 1411 1532 festiVe
1433 1501 1496 1532 IV.
1519 1502 1567 1539 14,
1591 1503 1619 1534 2.

1075 1555 1174 1586 Fides
1197 1554 1329 1595 publica
1353 1554 1398 1584 11.
1422 1553 1472 1591 24,
1496 1555 1524 1585 2.

1081 1607 1170 1639 Fieri
1192 1608 1232 1638 de
1253 1607 1355 1637 sacris
1378 1606 1405 1637 Ι.
1430 1606 1481 1645 12,
1503 1608 1533 1641 3,

1080 1662 1201 1693 Filiola
1224 1661 1377 1693 Curionis
1403 1660 1426 1692 Ι.
1454 1662 1502 1699 14,
1527 1663 1556 1693 5.

1077 1717 1191 1748 Finire
1213 1716 1400 1758 provincias
1423 1716 1476 1747 die
1501 1716 1599 1748 VIII.
1625 1717 1653 1754 3,
1677 1718 1704 1748 3.

1077 1770 1170 1801 Finis
1193 1771 1236 1801 sit
1258 1770 1321 1801 IV.
1347 1771 1376 1808 5,
1399 1772 1435 1806 2;
1462 1771 1538 1802 fem.
1562 1780 1639 1811 gen.
1665 1771 1727 1802 IX.
1753 1772 1803 1810 10,
1832 1774 1860 1804 3.

1076 1824 1131 1854 Fit
1153 1824 1268 1855 sedulo
1293 1824 1334 1854 X.
1360 1825 1388 1860 6,
1414 1825 1444 1855 2.

1074 1877 1223 1909 Flectere
1245 1878 1427 1909 Leucatam
1452 1879 1493 1911 V.
1518 1880 1545 1914 9.
1572 1880 1599 1910 l.

1074 1931 1187 1962 Flocci
1209 1931 1338 1962 facteon
1363 1932 1390 1962 I.
1417 1932 1465 1968 16,
1491 1933 1539 1963 13.

1073 1985 1101 2016 F
1104 1986 1229 2017 luctum
1253 1986 1336 2017 ferre
1362 1986 1403 2017 V.
1428 1987 1478 2024 12,
1504 1988 1532 2018 5.

1073 2039 1212 2071 Fluctus
1236 2049 1410 2071 numerare
1434 2040 1480 2071 11.
1506 2035 1590 2078 6,'1.

1074 2095 1160 2126 Fore
1182 2105 1243 2126 non
1266 2095 1458 2136 componilur
1481 2107 1548 2127 cum.
1564 2097 1682 2136 partic.
1698 2096 1771 2137 sul.
1786 2097 1827 2129 V.
1845 2097 1895 2136 21,
1909 2100 1938 2130 4.

1077 2148 1171 2179 Foris
1195 2158 1265 2180 esse
1289 2162 1330 2176 r:
1357 2159 1424 2180 non
1447 2159 1518 2180 esse
1540 2150 1701 2180 solvendo
1728 2150 1790 2180 IV.
1815 2151 1864 2188 18,
1889 2153 1919 2183 3.

1077 2204 1199 2235 Forma
1221 2205 1311 2235 urbis
1338 2205 1417 2236 VII.
1446 2205 1493 2242 12,
1518 2205 1546 2235 6.

1078 2257 1105 2287 F
1108 2257 1236 2288 ormula
1259 2258 1440 2289 satisdandi
1464 2258 1492 2288 I.
1514 2260 1542 2296 8,
1574 2259 1600 2289 1.

1078 2311 1230 2343 Fortasse
1253 2312 1410 2342 numerali
1433 2312 1504 2343 add.
1531 2313 1615 2344 VH.
1640 2316 1668 2350 4,
1693 2315 1720 2345 2.

1079 2365 1194 2396 Fortes
1218 2366 1305 2396 oculi
1331 2365 1408 2396 XV.
1434 2366 1482 2403 11,
1509 2367 1536 2397 1.

1080 2417 1202 2449 Forum
1228 2428 1326 2459 agere
1350 2418 1394 2449 V.
1421 2419 1470 2457 16,
1495 2421 1527 2450 4.

1081 2472 1219 2503 Fractus
1243 2486 1283 2500 z
1305 2473 1447 2504 violatus
1471 2473 1535 2504 IV.
1560 2475 1586 2511 1,
1611 2476 1640 2505 3.

1082 2526 1197 2558 Frater
1219 2527 1258 2558 de
1275 2527 1423 2567 patruele
1446 2527 1470 2558 Ι.
1497 2531 1525 2564 5,
1553 2529 1578 2558 1.

1084 2581 1208 2612 Fraudi
1231 2591 1302 2613 esse
1323 2581 1367 2612 V.
1391 2582 1443 2624 21,
1467 2583 1516 2614 12.

1059 2646 1061 2677 j
1083 2635 1239 2667 Fremere
1262 2635 1309 2666 II.
1333 2636 1361 2673 7,
1386 2636 1414 2667 3.

1084 2689 1291 2730 Frequenter
1314 2704 1352 2717 =
1376 2701 1394 2721 a
1417 2691 1531 2722 multis
1556 2691 1583 2722 Ι.
1608 2692 1656 2730 19,
1681 2694 1708 2723 5.

1062 2751 1063 2754 ’
1087 2742 1223 2774 Fretum
1247 2742 1400 2775 Siculum
1423 2743 1470 2774 ΙΙ.
1496 2744 1522 2782 l,
1547 2746 1575 2775 5.

1062 2794 1063 2805 ¹
1087 2795 1223 2836 Frigere
1246 2797 1285 2827 de
1308 2799 1433 2828 oratore
1456 2797 1482 2828 Ι.
1506 2797 1555 2834 14,
1581 2798 1608 2828 1.

1087 2848 1247 2880 Frontem
1269 2848 1365 2881 ferire
1388 2849 1415 2880 I.
1441 2850 1468 2888 1,
1498 2851 1525 2881 1.

1063 2893 1066 2925 l
1087 2901 1193 2943 Frugi
1215 2902 1351 2943 (bonae)
1374 2903 1439 2934 IV.
1462 2904 1480 2934 8
1503 2905 1533 2942 b,
1558 2904 1587 2935 3.

1063 2938 1067 2976 l
1089 2955 1172 2986 Frui
1193 2965 1293 2987 onere
1316 2956 1382 2987 IV.
1405 2956 1433 2994 6,
1458 2957 1486 2987 1.

1090 3008 1238 3040 Fucosus
1262 3009 1289 3040 Ι.
1313 3008 1361 3047 18,
1382 3010 1410 3041 1.

1066 3057 1067 3061 ’
1091 3061 1199 3094 Fuere
1221 3065 1397 3104 suspectum
1419 3063 1463 3095 X.
1486 3063 1535 3102 18,
1558 3064 1585 3095 1.

1092 3115 1224 3148 Fulmm
1251 3122 1298 3148 est
1323 3120 1496 3158 rorruplum
1521 3118 1624 3150 XIII.
1649 3119 1697 3156 40,
1723 3119 1750 3149 1.
