2062 3565
656 156 763 199 LIB.
798 157 921 199 XIII.
954 155 1040 200 ΕΡ.
1075 158 1273 199 34--37.
1761 159 1844 199 251

86 307 152 334 eas
184 291 364 334 nondum
398 292 563 347 legeras,
598 307 720 348 quum
757 292 826 334 has
861 293 1060 348 proximas
1093 293 1302 348 scripsisti.
1338 293 1446 335 Scire
1479 293 1604 348 igitur
1637 307 1747 343 aveo,
1771 307 1850 347 quo

86 364 204 406 modo
236 380 298 406 res
332 381 372 406 se
407 364 566 407 habeat.

149 441 189 481 3.
234 439 294 481 De
340 439 455 480 Bruti
505 454 636 481 amore
671 444 877 496 vestraque
912 439 1184 482 ambulatione
1217 440 1292 482 etsi
1327 440 1426 482 mihi
1460 440 1561 482 nihil
1594 440 1688 482 novi
1721 440 1849 490 affers,

85 513 154 554 sed
195 512 315 564 idem,
358 512 464 567 quod
514 528 643 569 saepe,
685 523 819 555 tamen
863 513 937 554 hoc
982 513 1101 555 audio
1146 513 1352 565 libentius,
1393 529 1472 569 quo
1520 514 1690 569 saepius,
1725 529 1850 568 eoque

83 583 182 626 mihi
227 586 444 628 iucundius
493 593 566 637 est,
617 586 723 642 quod
773 592 818 628 tu
861 604 906 629 co
955 588 1127 640 laetaris,
1162 588 1389 644 certiusque
1422 603 1468 629 eo
1502 592 1576 638 est,
1612 587 1718 643 quod
1753 603 1776 629 a
1807 592 1848 630 tc
1879 602 1892 624 ⁵

85 648 248 701 dicitur.

125 829 144 870 ξ
164 827 194 859 3.
219 826 268 859 De
289 845 328 850 —
353 829 457 859 vestra
490 827 711 865 ambulatione,
735 838 768 858 o:
799 830 840 860 de
873 838 935 861 ser·
993 838 1102 867 mone,
1123 839 1226 870 quem
1248 839 1325 861 cum
1348 830 1454 862 Bruto
1477 829 1653 861 ambulans
1674 828 1829 860 habuisti.

959 857 962 882 1

623 944 853 989 XXXVII.
919 949 983 1002 (A.
1025 949 1069 991 o.
1109 951 1150 991 o.
1189 909 1306 1004 τδρ.)

147 1066 185 1106 l.
237 1064 322 1105 Has
370 1063 513 1105 alteras
561 1062 680 1104 hodie
728 1063 877 1105 literas.
924 1064 984 1106 De
1032 1065 1212 1107 Xenonis
1258 1066 1419 1108 nomine
1466 1073 1506 1108 et
1550 1067 1598 1108 de
1632 1067 1848 1123 Epiroticis

82 1148 210 1188 xxxx„
259 1136 360 1178 nihil
395 1140 525 1192 potest
559 1136 642 1177 fieri
674 1151 749 1178 nec
783 1137 1032 1179 commodius
1064 1153 1139 1180 nec
1172 1138 1320 1194 aptius,
1356 1154 1474 1193 quam
1510 1144 1556 1181 ut
1590 1139 1746 1182 scribis.
1798 1139 1846 1182 Id

80 1215 164 1252 erat
195 1210 354 1252 locutus
387 1225 544 1252 mecum
577 1210 717 1252 eodem
750 1209 868 1252 modo
901 1211 1054 1254 Balbus
1087 1212 1231 1253 minor.
1275 1215 1314 1254 2.
1349 1213 1457 1254 Novi
1490 1213 1592 1255 nihil
1627 1228 1734 1265 sane,
1769 1213 1847 1255 nisi

82 1283 262 1326 Hirtium
295 1298 386 1325 cum
420 1283 575 1336 Quinto
608 1284 798 1325 acerrime
832 1299 902 1340 pro
935 1300 998 1327 me
1030 1285 1225 1341 litigasse,
1260 1285 1447 1328 omnibus
1480 1301 1572 1328 eum
1594 1286 1692 1329 locis
1717 1287 1846 1330 furere
1886 1300 1900 1323 5

79 1356 329 1412 maximeque
362 1357 405 1398 in
438 1357 646 1408 conviviis,
682 1372 807 1412 quum
840 1357 968 1399 multa
1001 1357 1049 1400 de
1083 1374 1161 1409 me,
1195 1363 1283 1400 tum
1316 1358 1443 1400 redire
1478 1358 1528 1400 ad
1550 1364 1719 1416 patrem,
1742 1360 1845 1402 nihil

80 1435 214 1473 autem
247 1430 297 1473 ab
331 1446 377 1472 eo
410 1435 494 1472 tam
526 1426 832 1483 ἀξιοπίστως
866 1431 947 1474 dici
980 1447 1099 1487 quam
1128 1432 1392 1474 alienissimos
1415 1448 1487 1475 nos
1510 1448 1594 1475 esse
1618 1449 1640 1476 a
1663 1434 1845 1484 Caesare,

81 1504 197 1546 fidem
242 1504 359 1548 nobis
392 1505 619 1549 habendam
648 1521 730 1548 non
764 1522 862 1557 esse,
897 1522 960 1548 me
994 1523 1085 1549 vero
1119 1507 1240 1549 etiam
1274 1507 1496 1549 cavendum
1534 1534 1590 1538 —
1625 1504 1848 1568 φοβερὸν

80 1568 153 1631 ἦν,
186 1579 266 1620 uisi
288 1579 473 1625 ‚viderem
506 1581 606 1622 scire
639 1595 773 1636 regem
805 1596 868 1622 me
901 1581 1026 1623 animi
1059 1581 1162 1623 nihil
1194 1581 1340 1623 habere
1382 1607 1453 1633 -,
1489 1582 1722 1625 Ciceronem
1755 1597 1846 1624 vero

80 1666 213 1693 meum
262 1654 409 1695 vexari.
460 1652 537 1696 Sed
585 1653 628 1695 id
674 1653 836 1708 quidem
880 1654 1077 1696 arbitratu
1121 1670 1207 1697 suo.
1254 1657 1294 1696 3.
1340 1655 1632 1698 Laudationem
1681 1656 1846 1698 Porciae
1865 1671 1898 1698 ιο

79 1725 234 1780 gaudeo
282 1742 344 1768 me
385 1732 476 1769 ante
521 1727 676 1769 dedisse
723 1727 871 1783 Leptae
904 1727 1126 1780 tabellario,
1161 1744 1281 1784 quam
1314 1734 1405 1771 tuas
1439 1730 1658 1786 acceperim
1691 1730 1842 1772 literas.

80 1799 181 1840 Eam
212 1805 255 1841 tu
291 1800 429 1856 igitur,
465 1801 498 1842 si
540 1815 601 1841 me
635 1815 757 1852 amam,
801 1800 960 1842 curabis
994 1827 1051 1831 —
1087 1802 1120 1843 si
1155 1801 1273 1843 modo
1306 1803 1490 1845 mittetur
1525 1828 1581 1833 —
1614 1803 1692 1844 isto
1726 1803 1845 1845 modo

82 1873 317 1915 mittendam
351 1873 530 1915 Domitio
565 1878 606 1915 et
638 1874 779 1915 Bruto.
816 1876 856 1914 4.
891 1873 951 1915 De
985 1873 1290 1930 gladiatoribus,
1325 1874 1373 1916 de
1399 1876 1555 1927 ceteris,
1579 1890 1680 1932 quae
1703 1875 1845 1919 scribis

80 1942 451 2005 ἀνεμοφόρητα,
487 1946 608 1988 facies
641 1962 704 1988 me
738 1946 918 2002 quotidie
952 1948 1175 1990 certiorem.
1210 1948 1356 2000 Velim,
1392 1949 1425 1991 si
1463 1948 1539 1990 tibi
1572 1949 1744 2002 videtur,
1779 1966 1845 2007 ap-

80 2018 203 2074 pelles
235 2018 408 2060 Balbum
442 2024 483 2061 et
516 2019 696 2061 Ofih'um.
731 2020 791 2061 De
824 2021 1010 2062 auctione
1042 2021 1327 2077 proscribenda
1361 2021 1546 2078 equidem
1568 2022 1727 2065 locutus
1757 2039 1844 2066 sum
1866 2040 1898 2066 15

81 2108 172 2134 cum
215 2092 356 2135 Balbo.
410 2093 611 2136 Placebat.
662 2094 767 2136 Puto
808 2095 1034 2151 conscripta
1077 2095 1223 2138 habere
1257 2097 1422 2139 Ofilium
1456 2096 1615 2148 omnia;
1651 2096 1774 2139 habet
1806 2102 1847 2140 et

125 2239 164 2271 15
191 2239 325 2280 Offilium
348 2239 388 2270 cle
410 2239 557 2271 auctione
573 2240 815 2280 proscribenda.
839 2239 998 2283 Equidem.
1023 2260 1065 2265 —-
1088 2243 1127 2274 16
1153 2242 1285 2285 Offilium
1306 2263 1347 2268 —

123 2372 142 2411 ,ξ
165 2372 194 2402 1.
217 2371 361 2403 Videtur
387 2372 441 2413 agi
463 2373 504 2403 de
533 2373 684 2414 pecunia,
715 2382 814 2414 quam
843 2373 943 2405 Xeno
969 2366 971 2368 ¹
1033 2373 1209 2407 Oieeronem
1233 2386 1259 2407 v.
1283 2386 1380 2407 meum
1401 2376 1513 2408 oea-ari
1536 2387 1602 2408 0:81
1616 2386 1668 2409 me
1682 2377 1778 2414 male,
1799 2377 1847 2408 in-

84 2424 200 2456 Attico
221 2425 363 2457 debebat
385 2431 418 2457 et
439 2426 480 2457 de
502 2426 576 2457 aliis
593 2418 673 2464 Ϊῐ,
696 2426 731 2458 in
757 2427 859 2468 Epiro
875 2428 943 2459 exi·
989 2427 1090 2468 digne
1112 2428 1235 2461 haberi.
1269 2429 1310 2461 cf.
1333 2428 1520 2462 Gronovius
1549 2431 1636 2471 apud
1669 2429 1849 2462 Graevium

84 2479 210 2520 gendis.
233 2479 366 2511 Atticus
388 2480 520 2512 volebat
548 2490 586 2512 ea
621 2482 786 2513 numerari
827 2483 942 2514 Marco
989 2486 1022 2511 et
1044 2481 1078 2511 in
1101 2481 1194 2513 Lect.
1218 2482 1307 2513 Tull.
1330 2493 1361 2523 p.
1385 2483 1424 2514 12
1446 2492 1512 2524 seq.

82 2532 153 2563 filio
174 2532 330 2570 Athenis,
354 2537 391 2564 ut
413 2533 538 2564 Romae
559 2541 682 2574 apati-e
704 2534 872 2575 reciperet.
895 2533 943 2566 Cf.
1030 2533 1092 2565 Sed
1110 2534 1147 2566 id
1169 2535 1290 2576 quidem
1323 2535 1483 2567 arbitratu
1514 2546 1570 2567 suo
1605 2536 1727 2568 ‘'faciat
1763 2537 1847 2569 licet.

82 2585 182 2617 XIV.
206 2587 256 2625 16,
280 2587 310 2618 4.
333 2586 467 2618 Balbum
483 2586 630 2618 minorem
642 2598 710 2619 non
725 2588 942 2620 intervenisse
990 2586 1178 2620 Contemno
1201 2589 1325 2621 enim.''
1348 2588 1450 2621 Gron.

82 2638 135 2670 his
157 2639 302 2680 negotiis
324 2639 507 2681 suspicatus
530 2638 730 2677 Gronovius,
756 2650 832 2672 cum
854 2651 943 2683 seqq.
1031 2640 1049 2679 ξ
1073 2642 1102 2672 3.
1122 2641 1349 2673 Laudationem
1373 2642 1517 2674 Porciae.
1540 2643 1659 2674 Porcia
1680 2644 1761 2675 haec
1779 2652 1849 2675 erat

84 2692 144 2724 illa
165 2693 303 2724 nomina
324 2693 510 2731 coniunxit,
533 2694 594 2725 ita:
619 2692 742 2725 Balbus
764 2694 862 2725 minor
874 2695 946 2726 not-i
987 2695 1035 2726 M.
1060 2695 1195 2728 Catonis
1217 2707 1319 2735 soror,
1342 2697 1382 2729 L.
1397 2697 1536 2729 Domitii
1549 2697 1777 2735 Ahenobarbi,
1791 2699 1847 2739 qui

84 2745 167 2776 nihil
186 2755 266 2778 sane
287 2757 343 2788 np.
366 2747 487 2778 attulit.
517 2747 561 2778 Et
582 2756 641 2788 pro
664 2745 707 2778 Id
729 2750 800 2778 erat
821 2747 945 2778 locutus
988 2749 1022 2780 in
1053 2750 1122 2782 acie
1158 2750 1347 2782 Pharsalica
1379 2751 1507 2789 cecidit,
1541 2761 1629 2783 uxor
1672 2757 1846 2792 superstes,

85 2798 216 2830 scribit:
240 2798 276 2829 Is
297 2809 352 2841 np.
375 2798 475 2831 Xeno
498 2801 569 2830 erat
591 2799 723 2831 locutus.
766 2800 852 2831 Mihi
876 2810 944 2832 non
994 2801 1055 2834 Cn.
1077 2802 1217 2835 Domitii
1238 2808 1351 2842 mater,
1383 2804 1429 2835 M.
1453 2804 1551 2836 Bruti
1582 2805 1681 2836 amita
1717 2814 1847 2845 magna.

85 2851 266 2882 verisimile
289 2857 338 2883 est
358 2851 538 2884 Xenonem
559 2857 630 2883 tum
654 2852 689 2883 in
713 2852 812 2884 Italia
833 2851 943 2884 fuisse.
988 2857 1141 2889 Mulieris
1176 2857 1350 2889 defunctae
1394 2858 1617 2889 laudationem
1650 2858 1848 2899 scripserant

127 2905 147 2945 ξ
169 2906 199 2937 2.
227 2905 302 2938 Cum
329 2904 448 2942 Quinto
470 2907 550 2938 filio.
989 2909 1114 2947 Cicero,
1137 2911 1185 2942 M.
1209 2911 1318 2942 Varro
1341 2915 1373 2941 et
1395 2910 1525 2942 Lollius
1555 2911 1703 2951 quidam.
1733 2910 1774 2941 cf.
1797 2920 1846 2951 ep.

123 2949 364 3000 Ἀξιοπίστως,
393 2959 482 3000 quod
513 2959 577 2990 fide
613 2959 753 3000 dignum
787 2961 945 3000 videatur,
989 2965 1041 3002 48,
1065 2965 1095 2996 2.

87 3016 173 3054 quod
198 3021 312 3057 aptum
332 3016 375 3047 sit
398 3017 438 3047 ad
460 3016 734 3057 persuadendum.
1030 3017 1100 3050 Islo
1121 3018 1210 3050 modo
1233 3028 1266 3050 o:
1298 3019 1343 3050 ita
1366 3023 1401 3049 ut
1423 3019 1483 3050 tibi
1506 3019 1615 3059 placet
1636 3022 1825 3050 correctam.

129 3066 218 3099 Scire
238 3077 339 3110 reqem
361 3079 407 3100 me
428 3068 525 3099 animi
554 3068 636 3099 nihil
665 3069 779 3100 habere
802 3080 835 3101 o:
867 3070 944 3102 Cae·
1029 3073 1048 3112 ξ
1069 3073 1099 3103 4.
1124 3071 1172 3103 De
1201 3071 1349 3102 auctione
1374 3071 1611 3112 proscribenda.
1651 3071 1700 3102 De
1733 3072 1847 3102 eadem

87 3130 194 3152 sarem
215 3121 307 3160 scire,
329 3131 384 3154 me
407 3122 491 3153 nihil
514 3132 671 3154 ausurum
683 3132 754 3156 esse
772 3129 888 3156 contra
900 3133 944 3162 se,
986 3135 1021 3157 re
1043 3126 1175 3158 videtur
1197 3135 1306 3156 sermo
1327 3134 1397 3157 esse
1420 3125 1454 3156 in
1479 3134 1529 3166 ep.
1551 3126 1601 3161 45,
1626 3126 1644 3155 3
1668 3130 1699 3155 et
1732 3125 1783 3162 46,
1815 3127 1846 3157 3·

85 3184 104 3205 a
126 3183 179 3206 me
201 3174 286 3206 nihil
310 3175 494 3208 timendum
517 3184 598 3208 esse.
964 3190 968 3214 ι
994 3178 1125 3219 Ofilium
1150 3188 1219 3212 esse
1242 3178 1372 3217 Ictum,
1404 3178 1460 3219 qui
1495 3178 1683 3211 nominatur
1715 3189 1845 3220 quoque
