2062 3565
164 137 250 177 242

563 133 648 175 ΕΡ.
683 133 759 174 AD
791 131 838 172 T.
872 128 1225 172 POMPONIUM
1259 127 1527 170 ATTICUM.

160 268 341 319 lieribuS,
377 268 484 323 quod
515 268 573 309 ita
606 267 841 324 reperirent,
874 280 958 306 rem
989 279 1072 306 non
1105 264 1297 306 maiorem
1329 270 1433 305 uffo.
1469 263 1561 305 Hoc
1593 262 1734 319 putavi
1767 266 1808 304 te
1832 262 1933 304 scire

161 348 353 399 oportere.

406 345 446 382 2.
489 341 550 382 De
593 340 720 382 hortis
763 355 810 381 ex
857 339 940 380 tuis
982 338 1110 380 literis
1154 337 1323 392 cognovi
1369 341 1410 378 et
1450 336 1687 393 Chrysippo.

1737 336 1790 378 In
1821 334 1933 384 villa,

163 418 278 459 0111115
316 415 585 457 insulsitatem
625 413 727 455 bene
770 428 923 464 noram,
959 412 1074 454 video
1107 411 1211 454 nihil
1244 416 1316 452 aut
1348 426 1476 467 pauca
1507 415 1676 452 mutata.
1721 408 1934 451 Balnearia

161 495 296 531 tamen
327 488 467 543 laudat
499 489 662 539 maiora,
698 487 747 528 de
780 485 1004 528 minoribus
1037 486 1094 527 ait
1125 485 1295 527 hiberna
1328 485 1430 526 effici
1463 500 1592 541 posse.

1657 485 1781 526 Tecta
1812 483 1938 538 igitur

129 575 143 600 5
164 561 508 604 ambulatiuncula
540 560 724 602 addenda
757 566 832 612 est,
871 576 991 615 quam
1023 566 1072 602 ut
1102 564 1256 602 tantam
1287 559 1494 609 faciamus,
1513 563 1704 614 quantam
1721 558 1765 600 in
1787 558 1938 599 Tuscu-

162 635 255 677 lano
298 634 478 685 fecimus,
522 649 643 690 prope
687 633 856 691 dimidio
900 633 1066 674 minoris
1111 631 1314 674 constabit
1345 633 1424 673 isto
1455 631 1558 673 loco.

1610 631 1674 673 Ad
1706 631 1750 673 id
1785 635 1935 682 autem,

166 709 271 766 quod
317 709 514 759 volumus,
558 701 845 768 ἀφίδρυμα,
895 707 999 749 nihil
1032 707 1167 763 aptius
1200 706 1360 748 videtur
1395 721 1513 761 quam
1547 706 1678 756 lucus,
1713 720 1832 760 quem
1865 719 1939 760 ego

166 799 304 826 noram
315 802 325 835 ;

369 782 439 824 sed
482 782 755 824 celebritatem
800 782 952 824 nullam
1002 787 1090 823 tum
1139 780 1329 831 habebat,
1375 795 1483 822 nunc
1534 779 1655 821 audio
1709 779 1938 821 maximam.

167 858 285 900 Nihil
317 863 379 899 est
410 858 517 914 quod
551 873 624 913 ego
657 858 806 899 malim.
857 857 906 898 In
941 856 1018 897 1100
1065 853 1154 899 τὸν
1187 852 1347 910 torpor
1378 868 1478 911 μου
1512 850 1634 912 πρὸς
1670 852 1805 896 θεῶν
1836 865 1940 910 τρο-

117 945 149 972 1ο
168 928 470 990 ποφόρησον.
504 931 719 986 Reliquum
755 935 828 980 est,
863 930 897 971 si
932 929 1127 971 Faberius
1161 927 1278 970 nobis
1311 942 1458 969 nomen
1486 926 1588 968 illud
1621 926 1809 982 explicat.
1842 925 1941 968 Noli

170 1020 356 1060 quaerere
402 1006 543 1059 quanti
559 1023 565 1045 :

169 1083 282 1135 puto.

614 1003 818 1046 Othonem
863 1003 999 1044 vincas
1046 1002 1148 1043 volo.

332 1079 462 1120 Nosse
508 1078 614 1120 enim
658 1077 759 1118 mihi
803 1076 1007 1117 hominem
1051 1074 1202 1116 videor.

1201 1002 1288 1043 Nec
1332 1007 1467 1042 tamen
1511 999 1783 1041 insaniturum
1825 999 1942 1040 illum

1253 1074 1318 1116 Ita
1350 1074 1452 1115 male
1486 1078 1622 1114 autem
1655 1072 1776 1114 audio
1808 1073 1942 1128 ipsum

170 1167 254 1194 0550
286 1156 517 1202 tractatum,
551 1156 599 1192 ut
629 1151 730 1192 mihi
762 1150 830 1191 ille
863 1154 1017 1205 emptor
1049 1163 1131 1191 11011
1165 1163 1249 1190 0550
1283 1146 1482 1189 videatur.
1516 1145 1628 1198 Quid
1662 1146 1803 1188 enim?
1832 1150 1942 1202 pate-

169 1227 309 1269 retur?
355 1227 396 1267 3.
441 1225 520 1268 Sed
565 1224 662 1280 quid
708 1224 994 1279 argumentor?
1041 1223 1082 1264 Si
1128 1221 1397 1264 Faberianum
1442 1219 1631 1275 explicas,
1666 1234 1848 1262 emamus
1879 1219 1943 1261 vel

114 1318 150 1345 15
169 1315 329 1355 magnO,
364 1300 397 1340 si
430 1299 578 1349 minus,
613 1314 662 1340 110
696 1312 817 1354 parvo
852 1295 1017 1352 quidem
1050 1310 1277 1351 possumus.
1312 1293 1493 1352 Clodiam
1528 1292 1666 1348 igitur,
1703 1308 1725 1334 a
1754 1308 1830 1348 qua
1855 1293 1943 1349 ipsa

170 1373 221 1416 ob
254 1389 342 1416 eam
375 1388 536 1415 causam
569 1387 725 1428 sperare
759 1371 911 1422 videor,
948 1369 1055 1424 quod
1089 1374 1131 1411 et
1162 1368 1291 1410 multo
1325 1367 1502 1409 minoris
1525 1371 1621 1407 sunt
1643 1371 1684 1407 et
1708 1364 1942 1407 Dolabellae

168 1462 316 1489 nomen
356 1451 440 1488 tam
483 1445 716 1502 expeditum
761 1444 934 1494 videtur,
985 1448 1031 1484 ut
1065 1443 1185 1484 etiam
1218 1441 1582 1497 repraesentatione
1617 1439 1830 1480 confidam.
1882 1439 1943 1481 De

215 1582 254 1613 10
275 1581 432 1623 explica&
456 1580 523 1612 noti
544 1597 585 1602 —-
610 1579 647 1610 15
671 1579 722 1609 sin
745 1577 846 1609 minus
869 1596 911 1601 —
935 1577 972 1609 17
996 1576 1058 1607 iam
1083 1574 1257 1616 expeditam
1282 1592 1322 1598 -

215 1706 415 1744 Mulieribus,
438 1705 535 1737 matri
558 1710 591 1736 et
612 1705 675 1746 ipsi
699 1703 907 1736 Cornificiae.

216 1761 236 1800 ξ
259 1759 288 1791 2.
310 1759 352 1790 Et
379 1758 557 1800 Chrysippo.
588 1758 707 1790 Malim
738 1768 813 1789 cum
848 1756 975 1789 Orellio
1005 1757 1036 1786 et

175 1825 214 1846 ex
240 1813 421 1855 Chrysippo.

226 1871 320 1904 Video
342 1883 395 1913 np.
419 1882 436 1903 e
462 1872 565 1903 literis
587 1872 651 1902 tuis
673 1876 705 1902 et
728 1880 745 1901 e
767 1878 920 1901 sermone
936 1868 1037 1908 Chry-

178 1927 263 1968 sippi
299 1925 477 1957 architecti.
522 1924 587 1956 Per
615 1923 825 1955 insulsitatem
858 1922 959 1953 villae
990 1922 1037 1952 in-

178 1980 280 2011 dicari
301 1985 382 2020 puto
411 1978 526 2009 villain
559 1978 668 2019 inepte
698 1982 857 2013 ornatam,
889 1985 954 2006 non
987 1984 1039 2006 ve-

180 2038 322 2064 nustam.

222 2086 409 2118 Hibernas:
442 2086 605 2123 cubicula,
629 2085 685 2116 ubi
701 2085 812 2116 hieme
831 2093 865 2114 se
881 2084 1041 2114 lavarent.

222 2141 325 2181 Prope
347 2139 476 2171 dimidio
499 2138 637 2170 minoris.
660 2138 836 2170 Graeterus
853 2138 889 2168 in
905 2137 1041 2176 interpr.

181 2195 363 2226 Wielandii
402 2193 464 2225 VI.
498 2204 529 2234 p.
566 2194 607 2224 43
648 2192 870 2223 necessarium
907 2190 1043 2231 putabat

175 2260 274 2292 prope
295 2248 426 2280 dimidio
447 2248 585 2279 maioris.
615 2248 692 2278 Non
716 2247 799 2277 vidit
820 2249 855 2276 ut
876 2264 918 2268 —
931 2244 1043 2284 sacia·
1062 2263 1064 2273 .

183 2312 248 2334 mus
269 2302 396 2333 dictum
418 2310 488 2332 esse
515 2310 574 2341 pro
604 2299 662 2330 etsi
686 2316 726 2321 —-
740 2298 894 2339 facimus.
930 2298 1064 2337 Atque.

184 2354 312 2386 minoris
334 2353 499 2385 aedificari
521 2361 615 2393 posse
646 2352 680 2382 in
713 2351 913 2387 suburbano,
945 2359 1042 2390 quam

185 2409 220 2439 in
242 2408 441 2444 Tusculano,
455 2416 519 2447 quo
534 2411 566 2437 01
582 2414 700 2446 operae
715 2409 746 2435 et
760 2404 914 2434 materies
929 2402 1044 2443 procul

185 2462 377 2494 adducenda
399 2465 493 2497 esset,
516 2459 611 2490 facile
634 2458 843 2502 intelligitur.

225 2513 291 2550 Τὸν
318 2513 422 2560 τύφον
449 2525 514 2561 μου
540 2509 625 2559 πρὸς
660 2509 750 2544 ,θεῶν
789 2508 1045 2555 τροποφὸρησον

186 2584 218 2605 o:
243 2573 383 2606 vanitati
403 2580 497 2603 111000
518 2579 577 2612 per
598 2570 676 2600 deos
698 2568 846 2608 indulge.

228 2626 390 2666 Reliquum
425 2626 482 2655 est.
513 2623 589 2654 Hoc
619 2621 722 2661 vulgo
752 2620 920 2661 accipitur,
952 2619 1048 2660 quasi

187 2681 369 2722 scripsisset
391 2679 524 2711 Cicero:
555 2677 643 2718 quod
665 2675 831 2716 reliquum
855 2680 913 2711 est,
936 2675 976 2705 de
999 2683 1046 2705 re·
1068 2710 1069 2714 Ἰ
1865 2706 1869 2709 ⁴

1094 2727 1125 2752 te
1148 2725 1303 2760 exspecto
1319 2723 1377 2749 aut
1398 2726 1542 2753 causam,
1557 2725 1614 2746 cur
1629 2724 1698 2746 non
1714 2712 1860 2749 veneris;
1885 2721 1959 2742 eau-

187 2735 289 2776 liquo,
314 2733 409 2774 Belg.
433 2731 604 2770 over-iqens.
640 2729 714 2769 Ego
736 2737 814 2759 vero
837 2727 928 2758 aliud
959 2727 1047 2758 velle

187 2793 284 2829 puto:
308 2786 346 2818 Si
366 2784 527 2817 Faberius
549 2782 645 2813 nobis
667 2780 816 2812 debitum
827 2780 938 2818 solvit,
952 2790 1047 2821 pecu·
1068 2788 1069 2800 ³

1068 2830 1070 2840 ³
1094 2827 1183 2868 quod
1205 2825 1378 2866 negotium
1398 2822 1624 2854 Faberianum
1652 2820 1802 2851 nondum
1831 2817 1958 2849 confec-

187 2841 245 2872 nia
266 2839 399 2871 abundo
421 2843 452 2869 et
483 2836 558 2878 plus
586 2835 701 2871 habeo,
738 2843 838 2874 quam
872 2833 977 2869 horti¹
996 2833 1046 2863 illi

189 2893 396 2925 constabunt.
421 2890 518 2930 Belg.
545 2899 579 2920 er
600 2887 700 2918 schiet
729 2897 811 2917 orer.
849 2886 1044 2926 Interpune-

187 2947 314 2978 tionem
336 2955 379 2977 ex
400 2954 474 2976 mea
495 2948 607 2975 mente
628 2941 813 2973 necessario
836 2940 963 2970 mutavi
980 2940 1046 2980 ple-

189 3010 297 3042 neque
318 2998 460 3031 distinxi
480 3002 554 3039 post
576 2996 724 3036 explicat.

1126 1702 1210 1744 Quid
1238 1701 1348 1733 enim?
1379 1699 1574 1742 pateretur?
1610 1698 1844 1741 Imperfectam
1873 1707 1944 1730 esse

1082 1756 1282 1789 sententiam
1304 1754 1388 1786 vidit
1409 1754 1592 1785 Manutius.
1614 1753 1692 1784 Non
1710 1752 1797 1784 male
1815 1752 1860 1783 ita
1871 1761 1944 1792 sup—

1082 1810 1238 1851 pleveris:
1273 1823 1287 1834 n
1301 1808 1391 1847 Quid
1422 1806 1536 1839 enim?
1561 1811 1768 1848 patereturne
1799 1813 1834 1836 se
1855 1805 1943 1836 male

1083 1863 1225 1900 tractari,
1261 1862 1288 1893 si
1311 1861 1389 1893 satis
1411 1870 1589 1892 numorum
1610 1859 1748 1891 haberet
1769 1858 1811 1889 ad
1831 1858 1944 1890 hortos

1083 1917 1248 1958 quantivis
1279 1916 1436 1948 emendos
1446 1914 1485 1945 ‘1²⁹'
1514 1914 1715 1945 Faciliorem
1743 1910 1943 1944 sententiam

1083 1972 1291 2008 haberemus,
1314 1970 1343 2001 si
1365 1969 1413 2000 fas
1435 1974 1520 2001 esset
1541 1968 1722 2008 corrigere:
1754 1963 1945 2007 poteritne?

1128 2026 1146 2065 ξ
1170 2025 1198 2055 3.
1227 2023 1363 2056 Clodiam
1389 2022 1487 2062 iqitur
1510 2032 1566 2063 np.
1590 2020 1779 2061 aggredere,
1812 2023 1850 2049 ut
1876 2018 1946 2059 ipsa

1086 2088 1161 2109 suos
1184 2078 1296 2108 hortos
1319 2075 1401 2106 mihi
1425 2075 1557 2106 vendat.
1586 2072 1628 2104 cf.
1659 2071 1745 2103 XII.
1776 2071 1825 2108 38,
1855 2072 1886 2108 4,
1916 2074 1947 2101 et

1087 2131 1230 2172 saepius.

1130 2184 1170 2215 Et
1193 2184 1233 2215 D.
1256 2193 1363 2213 nomen
1381 2184 1446 2212 tam
1466 2179 1643 2221 expeditum
1659 2178 1794 2216 m'detur,
1807 2180 1842 2208 ut
1858 2176 1955 2208 etiam

1088 2236 1378 2278 repraesentatione
1400 2234 1569 2274 confidam.
1600 2233 1742 2264 Temere
1762 2230 1955 2263 Huschkius

1090 2289 1262 2329 (Zeitschr.
1288 2289 1310 2319 s.
1335 2288 1500 2320 Rechtsw.
1521 2286 1623 2317 XIV.
1652 2287 1683 2323 1,
1706 2296 1736 2326 p.
1753 2286 1796 2316 44
1811 2284 1886 2315 adn.
1910 2283 1954 2326 5),

1090 2343 1146 2374 ubi
1169 2344 1249 2374 haec
1272 2342 1373 2373 verba
1403 2341 1491 2378 citat,
1526 2340 1627 2371 verbo
1663 2336 1957 2380 repraesentatione

1090 2397 1278 2438 adscripsit:
1310 2396 1447 2427 fortasse
1469 2392 1708 2435 repraesentari
1728 2392 1852 2423 omne.''
1887 2389 1954 2422 Sed

1090 2457 1127 2481 ut
1150 2449 1314 2481 sententia
1348 2454 1436 2480 recte
1466 2448 1630 2489 procedat,
1662 2445 1800 2477 omnino
1829 2444 1893 2475 iam
1921 2443 1955 2474 in

1091 2508 1154 2535 tam
1176 2504 1372 2535 mutandum
1401 2508 1460 2540 est,
1494 2507 1532 2532 ut
1570 2500 1643 2532 feci.
1676 2499 1792 2531 Cicero
1820 2498 1958 2539 putabat

1092 2557 1301 2588 Dolabellam
1334 2563 1402 2587 tam
1434 2556 1558 2586 bonum
1595 2563 1665 2585 esse
1695 2552 1891 2588 debitorem,
1920 2555 1957 2582 ut

1092 2614 1146 2645 vel
1169 2620 1246 2645 ante
1269 2613 1358 2644 diem
1383 2612 1537 2643 solveret.

1140 2667 1218 2699 Cras
1241 2668 1297 2696 aut
1331 2668 1360 2696 te
1394 2666 1449 2695 aut
1478 2672 1604 2693 causam
1634 2665 1696 2692 cet.
1729 2670 1762 2691 οε
1798 2669 1869 2690 cras
1901 2662 1959 2689 aut

1093 2783 1163 2804 sam
1187 2778 1308 2809 autem,
1333 2779 1416 2811 quae
1438 2774 1471 2800 te
1493 2773 1650 2804 moretur,
1673 2767 1760 2798 hane
1777 2768 1857 2807 puto
1874 2763 1956 2801 fore,

1093 2886 1165 2911 tum
1189 2879 1242 2910 sit.
1265 2878 1421 2910 Ceterum
1445 2885 1628 2918 quamquam
1643 2873 1732 2905 video
1748 2871 1959 2904 scribendum

1070 2926 1071 2963 J
1096 2940 1188 2976 puto,
1211 2933 1299 2974 quod
1321 2933 1366 2963 ita
1388 2935 1560 2963 exaratum
1581 2939 1700 2971 quamq.
1724 2926 1812 2958 video
1829 2935 1958 2966 corrup-

1069 2996 1166 3029 tum
1188 2994 1236 3020 est
1258 2988 1293 3019 in
1316 2998 1407 3029 quam
1430 2986 1561 3029 quidem.
1601 2982 1808 3015 Faberianam
1838 2990 1958 3022 genere

231 3052 481 3084 Insaniturum
481 3051 633 3082 insanos
649 3052 798 3089 sumptus
810 3046 983 3078 facturum.
995 3045 1049 3076 IV
1095 3042 1386 3074 accommodarunt
1405 3041 1447 3071 ad
1461 3036 1702 3081 praecedentia.
1726 3035 1841 3067 Cicero
1859 3033 1959 3074 scrip-

191 3107 232 3138 ad
259 3106 341 3138 Her.
375 3105 432 3136 63:
477 3105 510 3134 in

191 3161 220 3193 I.
241 3160 269 3191 F
272 3183 279 3190 .
303 3158 403 3191 Gron.

551 3101 726 3133 Tusculano
759 3099 845 3140 coepi
873 3099 1036 3130 insanire.

1095 3097 1138 3128 sit
1162 3095 1381 3127 Faberianum.
