2062 3565
667 152 775 194 LIB.
812 152 934 194 XIII.
972 152 1054 194 ΕΡ.
1092 153 1163 193 50.
1202 154 1272 193 51.
1776 150 1858 191 267

95 288 231 329 sium?
273 292 314 328 et
358 287 519 342 quidem
562 287 611 330 ad
656 289 867 330 Murenam
916 289 964 329 dc
999 288 1173 345 hospitio
1208 289 1457 344 scripseram,
1492 287 1559 329 sed
1596 286 1737 342 opinor
1771 298 1860 325 cum

95 360 224 402 Matio
269 360 505 416 profectum.
562 362 761 403 Salustius
804 363 929 417 igitur
972 362 1196 418 urgebitur.
1244 365 1284 404 5.
1331 362 1489 418 Scripto
1532 362 1612 403 iam
1663 360 1865 417 superiore

95 433 305 484 versiculo,
349 434 451 475 Eros
492 434 590 476 mihi
635 434 739 476 dixit
781 435 859 478 sibi
905 437 1115 478 Murenam
1163 435 1440 478 liberalissime
1486 435 1752 491 respondisse.
1811 434 1865 475 Eo

93 506 218 562 igitur
250 511 426 549 utamur.
476 508 583 549 Nam
618 508 740 549 Silius
771 509 940 550 culcitas
974 525 1053 551 non
1091 509 1225 552 habet.
1268 509 1368 551 Dida
1401 514 1549 560 autem,
1585 509 1741 565 opinor,
1778 507 1866 550 lios-

93 579 248 637 pitibus
283 586 407 623 totam
445 581 579 623 villam
615 583 830 624 concessit.

151 645 165 669 ο

93 785 200 816 duukt
227 783 274 816 u?
310 785 366 816 het
397 791 501 817 moest
530 787 593 817 dun
619 788 684 828 zijn
710 797 789 818 naar
813 788 956 818 Alsium.
980 793 981 823 j
1004 787 1138 817 homine
1163 787 1290 818 videtur
1312 796 1383 818 esse
1405 787 1546 817 sermo.''
1585 785 1690 817 Orell.
1715 784 1868 815 Muretus

96 838 163 878 Qui
197 839 384 880 explicant:
417 855 430 866 υ
442 840 579 872 Alsium
609 852 722 882 usque,
759 853 824 874 non
848 843 958 874 ultra''
979 839 982 910 ι
1003 847 1175 881 propterea
1200 841 1248 872 bis
1282 840 1404 878 Silium,
1428 840 1594 872 Corradus
1618 839 1667 870 bis
1691 837 1869 870 Salustium

93 894 271 935 particulae
294 894 357 925 nisi
379 895 447 926 vim
471 895 630 934 tribuunt,
646 907 745 938 quam
763 907 830 928 non
847 897 956 929 habet,
1002 893 1212 925 scribendum
1249 894 1394 934 putabat.
1430 893 1550 924 Utrum
1574 892 1682 924 verius
1705 891 1763 923 alii
1785 891 1868 922 ‹liiu-

93 945 161 979 Sed
184 946 320 979 fortasse
343 957 386 979 ex
409 957 519 980 errore
541 949 799 981 describentium
823 949 886 981 nisi
908 961 957 982 or·
1002 946 1124 978 dicent·

95 1006 166 1032 tum
188 1006 246 1038 est,
270 1011 371 1042 quum
405 1002 564 1042 scriptum
587 1008 689 1034 esset:
717 1002 802 1043 Quid
822 1003 981 1034 censer&
1049 1001 1199 1032 fulcidas.
1235 1002 1274 1032 In
1312 1001 1351 1032 iis
1381 1000 1554 1032 dormituri
1591 999 1767 1031 cubabant.
1805 997 1869 1029 Eas

94 1053 172 1086 Misi
196 1054 329 1092 Alsium,
353 1057 383 1086 et
411 1074 441 1078 —
467 1056 657 1097 scripseram
680 1067 711 1088 οε
732 1057 808 1088 misi
820 1058 954 1089 Erotem
978 1048 981 1085 l
1003 1064 1100 1096 saepe
1133 1055 1282 1096 plumeas
1312 1055 1410 1087 fuisse
1442 1064 1458 1086 e
1494 1053 1656 1085 Varronis
1679 1052 1869 1093 fragmento

94 1119 170 1141 cum
194 1109 308 1142 literis.
329 1109 466 1142 Alsium
488 1116 598 1143 autem
609 1116 679 1143 erat
691 1113 848 1154 oppidum
860 1113 957 1144 Etru·
977 1094 981 1159 l
1002 1109 1091 1150 apud
1113 1110 1262 1141 Nonium
1286 1114 1318 1141 et
1340 1118 1357 1140 e
1380 1109 1478 1140 Tusc-
1502 1108 1569 1139 111.
1596 1107 1637 1139 46
1660 1106 1794 1138 scimus*

95 1163 162 1195 riae
193 1161 319 1194 XXIV
352 1163 445 1195 milia
474 1174 630 1205 passuum
653 1166 695 1196 ab
718 1166 798 1198 urbe
820 1166 956 1197 distans.
978 1169 981 1197 ἱ
1044 1163 1150 1196 Didae
1170 1174 1292 1196 nomen
1317 1165 1351 1196 in
1375 1163 1496 1196 Onom.
1519 1162 1623 1196 Orell.
1636 1162 1795 1194 omissum
1809 1167 1870 1193 est.

94 1215 205 1248 Hodie
226 1215 309 1247 Palo
331 1217 525 1259 appellatur.
978 1226 981 1263 g
1004 1217 1079 1248 Viri
1101 1227 1142 1248 an
1167 1217 1317 1249 mulieris
1340 1217 1382 1249 sit
1406 1216 1608 1257 ignoramus.

135 1267 293 1300 Salustius
336 1288 364 1293 -
397 1268 504 1302 Silius.
538 1285 551 1297 u
566 1270 753 1313 Utrobique
775 1272 816 1303 de
838 1272 954 1304 eodem
978 1267 981 1306 Ξ

715 1413 789 1454 LI.
857 1415 922 1466 (A.
965 1415 1010 1456 U.
1049 1417 1090 1456 C.
1130 1416 1247 1468 709.)

161 1556 199 1594 l.
249 1553 311 1595 Ad
356 1554 564 1595 Caesarem
610 1569 728 1609 quam
778 1555 870 1596 misi
903 1554 1128 1609 epistolam,
1163 1552 1250 1594 eius
1283 1551 1510 1607 exemplum
1545 1550 1651 1605 fugit
1685 1564 1746 1590 me
1781 1554 1868 1590 tum

94 1626 169 1668 tibi
205 1619 386 1678 mittere3
423 1641 496 1668 nec
528 1626 571 1668 id
605 1627 696 1677 fuit,
732 1627 840 1682 quod
875 1627 1106 1682 suspicaris,
1142 1630 1188 1667 ut
1221 1640 1283 1666 me
1318 1624 1489 1680 puderet
1520 1624 1596 1674 tui,
1629 1638 1680 1665 ne
1699 1622 1871 1664 ridicule

95 1700 282 1751 micillus,
333 1715 406 1742 nec
457 1699 682 1741 mehercule
730 1701 871 1756 scripsi
923 1699 1054 1750 aliter,
1101 1714 1146 1740 ac
1198 1699 1231 1739 si
1282 1695 1405 1757 πρὸς
1451 1698 1566 1742 ἴσον
1611 1693 1871 1753 &comasque

95 1772 323 1815 scriberem.
373 1774 482 1814 Bene
527 1773 635 1815 6111111
679 1773 865 1815 existimo
914 1773 963 1814 de
1012 1772 1092 1814 illis
1136 1771 1265 1823 libris,
1311 1776 1359 1813 ut
1405 1770 1483 1812 tibi
1529 1786 1676 1813 coram.
1727 1770 1871 1826 Itaque

95 1847 235 1902 scripsi
269 1851 310 1888 et
342 1843 686 1898 ἀκολακεύτως
719 1852 759 1888 et
791 1852 926 1888 tamen
961 1847 1032 1897 sic,
1068 1850 1114 1888 ut
1147 1845 1251 1887 nihil
1279 1860 1371 1887 eum
1407 1845 1633 1886 existimem
1667 1844 1868 1886 lecturum

92 1919 300 1962 libentius.
336 1924 376 1962 2.
413 1921 472 1962 De
506 1922 644 1962 Attica
686 1936 795 1962 nunc
829 1921 991 1962 demum
1024 1919 1126 1961 mihi
1159 1924 1221 1961 est
1257 1918 1526 1974 exploratum.
1571 1918 1715 1973 Itaque
1749 1916 1787 1958 ei
1820 1915 1870 1957 de

93 1994 250 2049 integro
293 1995 508 2049 gratulare.
552 1995 768 2049 Tigellium
807 2000 938 2045 totum
980 1994 1079 2035 mihi
1115 1999 1155 2034 et
1189 1992 1351 2047 quidem
1387 2007 1508 2047 quam
1541 1991 1743 2047 primum3
1777 2005 1871 2032 nam

94 2066 249 2123 pendeo
295 2068 431 2109 animi.
483 2069 614 2110 Narro
657 2067 754 2109 tibi:
791 2067 974 2114 Quintus
1019 2081 1119 2117 craS,
1166 2065 1234 2107 sed
1280 2065 1330 2107 ad
1375 2080 1438 2106 me
1473 2079 1524 2106 an
1558 2063 1608 2105 ad
1642 2068 1682 2105 te
1716 2063 1866 2105 nescio.

93 2140 200 2182 Mihi
241 2141 401 2197 scripsit
435 2141 602 2183 Romam
635 2155 735 2183 vm.
772 2141 863 2182 Kal.
898 2140 976 2183 Sed
1012 2140 1102 2182 misi
1136 2140 1207 2195 qui
1239 2139 1444 2181 invitaret.
1496 2138 1587 2179 Etsi
1622 2136 1754 2179 hercle
1788 2136 1869 2178 iam

97 2216 263 2258 Romam
297 2215 539 2258 veniendum
572 2221 647 2268 est,
681 2231 730 2257 116
763 2215 830 2257 1Π6
864 2220 956 2257 ante
990 2213 1162 2256 advolet.

138 2373 159 2402 4
180 2370 372 2408 kemicillus;
396 2380 453 2402 nec
474 2389 516 2395 —
540 2371 580 2403 10
602 2371 651 2403 Mi
672 2372 800 2412 scripsit
823 2390 864 2396 —

139 2531 157 2569 ξ
181 2531 210 2562 l·
236 2529 300 2562 Nec
320 2528 439 2570 idfm'l
464 2547 502 2552 -
525 2528 671 2560 Μὶθίῐίω·
697 2529 809 2561 Locus
831 2539 960 2570 corrup·
982 2532 985 2572 2
1006 2542 1105 2573 supra
1132 2533 1315 2573 scripserat,
1345 2531 1395 2568 50,
1427 2531 1456 2561 3.
1487 2528 1554 2560 Sed
1577 2537 1653 2560 verc
1676 2526 1871 2558 Wielandus

98 2592 162 2624 tus,
183 2594 283 2626 quem
304 2584 425 2626 partim
446 2588 626 2625 praeeunte
648 2584 837 2622 Tunstallo,
858 2584 960 2625 Epist.
1006 2587 1047 2619 ad
1069 2587 1100 2618 h.
1126 2587 1148 2618 l.
1171 2586 1213 2617 V.
1237 2596 1267 2627 p.
1290 2585 1352 2616 542
1374 2585 1415 2615 ad
1437 2583 1603 2624 scriptoris
1626 2581 1777 2612 animum
1789 2579 1871 2610 moi-

97 2639 167 2670 crit.
190 2649 221 2680 p.
247 2638 318 2676 165,
341 2638 462 2679 partim
473 2638 556 2668 duce
568 2636 738 2669 Gronovio
754 2638 799 2669 sic
812 2638 957 2678 corrigo:
1008 2642 1076 2674 lem
1097 2641 1297 2683 provocavit,

97 2701 154 2722 neb·
174 2690 305 2732 idfui&
327 2690 410 2732 quod
428 2690 610 2730 Susspiwris,
634 2692 670 2720 ut
692 2700 739 2721 me
753 2690 890 2731 puderet
902 2690 960 2721 lui·
1052 2695 1124 2726 Ille.
1147 2694 1234 2727 Cum
1272 2692 1428 2725 Manutio
1456 2691 1598 2731 aliisque
1629 2689 1670 2720 ad
1697 2690 1871 2720 Caesarem

97 2744 158 2776 Fui
186 2754 244 2776 nec
275 2744 411 2776 ridicule
432 2743 558 2775 humilis
579 2744 647 2781 (vel
669 2744 697 2775 si
718 2743 842 2776 Graece
865 2745 961 2776 malis
1010 2748 1126 2780 refero.
1164 2747 1202 2779 Si
1223 2748 1264 2778 de
1289 2746 1416 2785 Quinto
1439 2754 1547 2777 sermo
1570 2749 1664 2780 esset,
1688 2749 1868 2783 pronomen

97 2794 274 2842 μικκύλος,
297 2797 387 2838 quod
403 2796 556 2837 pusillum
569 2797 703 2834 indicat,
715 2802 752 2828 ut
763 2797 832 2829 fere
845 2796 961 2829 Schut-
983 2815 987 2834 ι
1012 2802 1126 2834 fuisset
1147 2802 1317 2834 omissum,

98 2854 168 2886 zius
191 2853 319 2895 edidit),
341 2863 400 2885 nec
421 2853 595 2885 mehercule
615 2853 738 2894 scripsi,
762 2864 801 2885 ac
823 2854 851 2886 si
879 2850 964 2899 πρὸς

96 2905 173 2942 ἴσον
199 2905 379 2955 {potensque
418 2908 595 2940 scriberem.
636 2908 674 2941 Si
703 2909 800 2942 aliter
832 2919 963 2942 servare

101 2967 199 2999 malis
220 2977 280 3008 pro
300 2975 358 2998 nec
379 2965 554 2997 mehercule
576 2966 789 2998 scribendum
810 2973 892 3009 puto
908 2967 966 2998 sed

100 3019 283 3052 mehercule.
306 3018 423 3052 Cicero
445 3018 527 3050 dicit
548 3027 584 3050 se
605 3019 754 3051 medium
774 3020 932 3052 tenuisse.

140 3073 188 3106 De
209 3074 277 3106 illis
297 3074 398 3111 libris,
421 3074 461 3105 de
484 3073 634 3106 Caesaris
656 3073 934 3107 anti-Catonibus.

141 3129 160 3167 ᾖ
186 3127 216 3158 2.
248 3126 413 3169 Tiqellim
447 3128 545 3158 totum
573 3126 649 3157 mihi
681 3137 736 3169 np.
767 3129 876 3165 redde,
912 3127 964 3159 vel

99 3182 201 3224 placa.
237 3181 380 3214 Minime
410 3181 472 3212 hoc
505 3181 662 3214 convenit
692 3192 768 3214 cum
801 3182 851 3220 iis,
880 3192 964 3223 quae

1909 591 1923 616 5

1893 2149 1926 2175 10
