2062 3565
702 142 808 184 LIB.
843 142 942 184 XII.
979 143 1061 185 ΕΡ.
1099 145 1295 184 25—27.
1797 143 1876 181 191

111 280 223 332 tiam,
271 278 603 322 consuetudinem
655 279 799 320 victus.
849 278 931 320 Cur
979 293 1073 334 ergo
1122 278 1181 320 illi
1226 278 1418 321 molestus
1458 293 1542 320 esse
1588 276 1720 328 velim,
1754 291 1878 332 quum

111 353 211 396 mihi
242 352 308 394 ille
340 351 545 394 iucundus
578 368 662 394 esse
698 368 777 394 non
810 353 966 408 possit?
1001 352 1201 394 Voluntas
1234 357 1368 394 tamen
1401 352 1488 394 eius
1523 351 1623 393 mihi
1655 355 1769 406 grata
1802 356 1876 391 est.

114 427 244 469 Unam
286 440 370 467 rem
415 424 465 467 ad
498 440 561 466 me
595 425 822 480 scripsisti,-
839 425 888 466 de
922 440 1002 481 qua
1033 424 1191 466 decrevi
1224 425 1328 467 nihil
1359 424 1436 467 tibi
1470 423 1700 467 rescribere.
1753 425 1877 480 Spero

111 500 218 542 enim
250 514 312 541 me
345 513 369 539 a
399 504 439 540 te
472 499 704 554 impetrasse
739 504 784 538 ut
819 499 994 553 privares
1028 514 1090 540 me
1123 498 1200 541 ista
1235 499 1430 541 molestia.
1483 498 1609 541 Piliae
1643 504 1684 539 et
1716 499 1876 540 Atticae

111 574 295 616 salutem.
1921 584 1934 607 ε

109 706 161 737 his
183 706 374 738 nominibus
395 707 623 748 designantur.
652 707 680 738 Ε
703 698 848 748 corporis
867 707 968 738 imbe-
1017 713 1259 740 testamentum.
1282 707 1324 739 cf.
1346 717 1396 750 ep.
1418 708 1468 746 22,
1495 708 1522 740 1.

111 759 247 792 cillitate
270 759 375 791 oritur
396 759 498 792 molle
520 765 553 792 et
577 759 718 790 anxium
741 759 828 791 vitae
851 769 967 800 genus.
1060 762 1262 794 Privares—
1287 764 1443 796 molestia.
1465 764 1506 796 cf.
1523 764 1649 805 privari
1671 764 1779 796 dolore
1804 763 1877 794 Fin.

157 814 253 846 Unam
277 825 339 846 rem
361 821 422 847 cet.
447 815 606 857 Spectant
627 813 709 846 haee
731 815 772 845 ad
794 814 970 846 Terentiae
1017 817 1044 848 I.
1067 816 1116 854 37,
1138 817 1256 848 iniuria
1280 817 1344 859 leg.
1367 828 1436 859 agr.
1460 819 1487 850 I.
1512 819 1562 849 13.

672 919 861 963 XXVII.
927 923 992 975 (A.
1034 923 1078 964 U.
1118 925 1160 965 C.
1197 925 1314 979 709.)

177 1040 215 1079 1.
250 1037 310 1079 De
343 1037 495 1080 Siliano
529 1037 707 1093 negotio,
742 1037 818 1079 etsi
850 1037 951 1079 mihi
985 1053 1067 1080 non
1099 1044 1160 1081 est
1191 1039 1330 1095 ignota
1363 1040 1556 1093 conditio,
1590 1047 1725 1084 tamen
1759 1041 1888 1083 hodie·

110 1110 172 1152 me
215 1126 264 1152 ex
309 1111 423 1153 Sicca
472 1110 642 1153 arbitror
685 1111 820 1152 omnia
864 1112 1135 1167 cogniturum.
1185 1113 1342 1163 Cottae,
1377 1115 1484 1170 quod
1518 1131 1641 1171 negas
1673 1122 1713 1158 te
1747 1132 1877 1167 nosse,

111 1185 215 1227 ultra
256 1184 449 1227 Silianam
481 1184 617 1226 villam
657 1190 732 1236 est,
767 1199 887 1240 quam
921 1190 1020 1241 puto
1052 1185 1130 1227 tibi
1163 1191 1300 1228 notam
1335 1202 1435 1239 esse,
1471 1188 1609 1231 villula
1643 1189 1805 1231 sordida
1837 1196 1878 1231 et

111 1258 224 1300 valde
271 1257 431 1314 pusssla,
477 1258 534 1299 nil
583 1258 684 1313 agri,
735 1257 785 1300 ad
834 1258 988 1300 nullam
1031 1275 1114 1300 rem
1165 1260 1242 1302 loci
1287 1261 1383 1302 satis
1426 1262 1504 1303 nisi
1534 1262 1584 1304 ad
1617 1278 1719 1314 eam,
1754 1277 1875 1318 quam
1922 1281 1936 1305 5

110 1346 271 1386 quaero.
321 1332 473 1387 Sequor
516 1331 803 1373 celebritatem.
870 1331 949 1374 Sed
1000 1333 1033 1374 si
1079 1334 1281 1389 perficitur
1315 1333 1363 1375 de
1397 1334 1523 1377 hortis
1558 1336 1660 1387 Silii,
1694 1336 1770 1378 hoc
1803 1341 1878 1387 est,

109 1406 144 1447 si
176 1405 332 1462 perficis
366 1430 423 1435 —
457 1411 519 1447 est
561 1405 668 1447 enim
711 1409 838 1446 totum
872 1406 1049 1460 positum
1081 1407 1125 1448 in
1160 1412 1197 1449 te
1233 1433 1305 1460 —‚
1341 1408 1444 1450 nihil
1477 1415 1537 1450 est
1569 1409 1736 1460 scilicet,
1772 1408 1878 1465 quod

109 1478 158 1520 de
191 1478 311 1520 Cotta
343 1480 578 1534 cogitemus.
622 1482 663 1521 2.
697 1479 758 1520 De
800 1479 1006 1531 Cicerone,
1041 1485 1088 1522 ut
1121 1481 1276 1534 scribis,
1312 1483 1367 1524 ita
1402 1482 1570 1524 faciam:
1605 1483 1684 1539 ipsi
1716 1483 1879 1539 permit-

109 1557 192 1594 tam
225 1551 274 1593 de
305 1556 497 1609 tempore,
530 1568 744 1595 numerum
779 1558 975 1607 quantum
1009 1569 1110 1610 opus
1139 1555 1214 1597 erit
1247 1561 1294 1598 ut
1326 1561 1590 1612 permutetur,
1625 1562 1672 1599 tu
1707 1556 1877 1599 videbis,

111 1629 174 1670 Ex
214 1627 387 1678 Alledio,
430 1627 537 1683 quod
578 1625 732 1678 scribis,
768 1626 802 1667 si
835 1626 933 1681 quid
965 1627 1180 1679 inveneris,
1215 1628 1380 1671 scribes.
1414 1630 1469 1671 Et
1502 1644 1575 1685 ego
1597 1645 1645 1672 ex
1677 1630 1760 1672 tuis
1793 1630 1934 1672 ani-10

110 1701 315 1744 madverto
357 1701 484 1743 literis
527 1705 568 1743 et
610 1700 787 1756 profecto
830 1705 877 1741 tu
920 1715 969 1741 ex
1016 1702 1115 1743 meis
1148 1702 1251 1744 nihil
1285 1702 1431 1745 habere
1464 1719 1552 1755 nos,
1587 1703 1695 1759 quod
1729 1703 1877 1745 scriba-

110 1791 222 1828 mus;
255 1775 393 1817 eadem
427 1773 622 1830 quotidie,
657 1788 758 1829 quae
792 1773 871 1814 iam
905 1773 1064 1829 iamque
1096 1774 1184 1830 ipsa
1218 1776 1392 1817 contrita
1425 1781 1540 1818 sunt:
1580 1782 1716 1819 tamen
1748 1776 1877 1818 facere

110 1864 193 1891 non
225 1863 402 1904 possum,
437 1848 537 1903 quin
570 1846 750 1901 quotidie
785 1845 835 1887 ad
867 1850 907 1887 te
940 1846 1113 1898 mittam,
1147 1853 1194 1889 ut
1225 1853 1316 1890 tuas
1349 1849 1559 1905 accipiam.
1595 1852 1637 1892 3.
1672 1851 1732 1893 De
1750 1851 1878 1893 Bruto

110 1928 260 1973 tamen,
294 1921 328 1963 si
359 1921 457 1976 quid
489 1919 670 1961 habebis.
716 1919 824 1960 Scire
858 1920 965 1961 enim
997 1920 1077 1961 iam
1111 1927 1210 1977 puto
1243 1921 1315 1963 ubi
1349 1922 1523 1965 Pansam
1556 1930 1774 1980 exspectet.
1821 1925 1878 1974 Si,

111 1999 158 2036 ut
200 1994 450 2036 consuetudo
493 1998 567 2043 est,
611 1993 655 2034 in
697 1993 834 2051 prima
868 1993 1087 2048 provincia,
1134 1995 1291 2036 circiter
1335 1996 1428 2037 Kal.
1475 1998 1672 2039 affuturus
1705 1997 1879 2039 videtur.
1901 2013 1934 2038 15

112 2067 267 2110 VeHem
309 2067 489 2119 tardius;
532 2065 645 2107 valde
693 2067 799 2108 enim
840 2065 981 2108 urbem
1024 2067 1136 2124 fugio
1180 2069 1328 2111 multas
1373 2069 1423 2111 ob
1457 2085 1611 2114 causas.
1662 2072 1805 2128 Itaque
1838 2071 1881 2113 id

111 2141 243 2197 ipsum
287 2140 430 2183 dubito
474 2156 525 2182 an
567 2140 865 2182 excusationem
909 2141 1085 2196 aliquam
1130 2143 1180 2184 ad
1222 2143 1339 2185 illum
1378 2159 1529 2200 parem,
1577 2145 1685 2201 quod
1718 2145 1883 2201 quidem

111 2213 228 2256 video
271 2214 388 2257 facile
430 2229 536 2266 esse3
581 2213 650 2256 sed
693 2213 888 2255 habemus
921 2215 1017 2257 satis
1050 2217 1242 2272 temporis
1275 2216 1325 2258 ad
1358 2217 1634 2273 cogitandum.
1683 2218 1810 2260 Piliae
1843 2223 1884 2260 et

113 2288 271 2330 Atticae
307 2288 489 2331 salutem.

156 2417 174 2456 ς
197 2417 227 2448 2.
255 2416 401 2448 Contrita
422 2420 496 2448 sunt
518 2428 552 2449 οι
591 2420 718 2461 saepius
748 2426 892 2460 tractata,
933 2423 975 2454 ad
996 2427 998 2465 ’,
1064 2422 1105 2454 In
1121 2423 1227 2464 prima
1243 2424 1414 2464 provincia
1437 2433 1470 2455 οε
1496 2439 1510 2449 u
1524 2423 1558 2455 in
1582 2423 1673 2454 aditu
1686 2423 1884 2464 provinciae,

114 2469 282 2502 fastidium
318 2471 464 2512 repetita.
503 2471 617 2504 Patrio
650 2483 802 2506 sermone
832 2476 974 2507 dicimus
1021 2476 1078 2507 ubi
1100 2476 1208 2508 solent
1230 2477 1288 2518 qui
1310 2477 1473 2509 decedunt
1503 2476 1744 2508 successoribus
1774 2485 1884 2506 occur—

112 2523 303 2566 ajsqezaaqd.
996 2543 998 2546 v
1021 2531 1126 2562 rere.''
1149 2531 1175 2562 1.
1198 2530 1236 2562 F.
1264 2530 1463 2563 Gronovius.

155 2576 174 2616 ξ
197 2577 227 2609 3.
249 2576 298 2608 De
320 2576 423 2610 Bruto
445 2585 506 2611 cet.
529 2578 570 2610 cf.
592 2581 633 2612 ad
655 2590 704 2622 ep.
731 2582 782 2620 19,
805 2584 834 2613 3.

661 2686 878 2731 XXVIII.
944 2690 1009 2742 (A.
1051 2691 1096 2732 U.
1134 2692 1177 2733 C.
1215 2692 1333 2746 709.)

181 2800 221 2840 1.
270 2799 332 2841 De
374 2801 472 2843 Silio
515 2802 598 2844 nilo
640 2803 754 2859 plura
802 2805 972 2860 cognovi
1014 2821 1062 2847 ex
1107 2811 1315 2862 praesente
1359 2807 1473 2849 Sicca
1519 2822 1638 2863 quam
1672 2822 1720 2848 ex
1754 2805 1881 2847 literis

116 2872 217 2914 eius.
267 2873 487 2929 Scripserat
529 2875 636 2917 enim
679 2876 908 2933 diligenter.
957 2878 1000 2920 Si
1042 2879 1167 2934 &tur
1211 2884 1258 2921 tu
1300 2879 1415 2922 illum
1450 2881 1698 2931 conveneris,
1733 2879 1881 2921 scribes

118 2948 168 2989 ad
210 2963 287 2999 me,
331 2948 366 2990 si
410 2948 508 3003 quid
551 2948 768 2992 videbitur.
818 2951 877 2993 De
920 2966 999 3006 quo
1041 2956 1158 3007 putas
1191 2952 1241 2994 ad
1275 2968 1337 2994 me
1370 2954 1537 2994 missum
1572 2968 1670 3004 esse,
1705 2953 1757 2993 sit
1790 2952 1880 2992 mis-

160 3111 178 3150 5
204 3111 231 3143 1.
254 3111 302 3143 De
323 3122 383 3154 quo
398 3115 499 3153 putas
519 3119 580 3144 cet.
603 3113 727 3154 Agitur
747 3115 789 3147 de
810 3115 978 3153 Terentia,

119 3173 203 3205 quae
228 3164 392 3196 indicatur
412 3166 663 3206 pronominibus
684 3167 737 3198 illi
759 3173 790 3199 et
802 3168 900 3200 illivs.
925 3168 979 3201 Ci-

1027 3125 1103 3148 cero
1125 3122 1221 3158 rogat
1241 3117 1394 3155 amicum,
1419 3123 1454 3148 ut
1475 3127 1551 3148 cum
1573 3116 1728 3148 Terentia
1750 3122 1826 3156 agat
1842 3115 1882 3146 de

1027 3175 1233 3207 testamento,
1258 3178 1289 3201 ct
1313 3171 1337 3200 si
1361 3170 1440 3210 quid
1472 3170 1512 3200 ab
1544 3180 1579 3201 ea
1616 3171 1812 3209 impetraret,
1847 3175 1881 3198 ut
