2062 3565
201 165 288 205 154
557 136 560 138 .
601 169 685 211 nr.
721 170 796 210 AD
829 170 875 211 T.
910 169 1262 212 POMPONIUM
1295 172 1559 214 ATTICUM.

197 302 387 359 Oppium.
437 304 527 345 Sive
576 305 683 346 enim
725 304 876 346 bellum
918 306 963 346 in
1006 305 1125 348 Italia
1157 306 1340 348 futurum
1369 312 1431 349 est
1464 308 1546 349 sive
1580 309 1776 352 classibus
1809 317 1958 363 utetur,

196 377 262 417 hic
304 391 388 418 esse
431 392 493 418 me
537 378 702 419 minime
743 379 954 430 convenit;
1001 394 1170 435 quorum
1214 380 1381 422 fortasse
1416 386 1633 437 utrumque
1665 384 1755 435 erit,
1790 385 1959 427 alterum

196 456 314 491 certe.
367 454 407 491 2.
451 450 640 493 Intellexi
689 452 852 493 omnino
898 468 947 494 ex
991 453 1115 509 Oppii
1156 469 1350 504 sermone,
1385 469 1505 510 quem
1537 461 1584 497 tu
1617 457 1717 498 1111111
1750 458 1959 514 scripsisti,

195 538 296 578 quae
337 523 507 565 istorum
550 525 610 566 ira
652 530 769 577 esset,
804 525 888 578 sed,
924 532 970 568 ut
1003 542 1090 568 eam
1123 527 1273 583 flectas,
1307 532 1347 569 te
1379 543 1490 583 rogo.
1535 529 1653 571 Nihil
1686 531 1849 572 omnino
1881 531 1962 574 iam

195 603 380 654 exspecto
422 598 503 639 11181
543 598 747 640 111180111111.
796 599 873 641 Sed
918 600 993 641 1100
1037 600 1248 656 perditius,
1293 602 1335 643 111
1381 617 1459 656 (1110
1502 617 1612 644 1111110
1646 618 1748 655 811111,
1782 604 1867 646 fieri
1899 605 1961 646 ni-

198 672 255 713 hil
289 678 433 727 potest.
484 672 619 724 Quare
663 678 703 714 et
748 688 840 715 011111
884 674 1063 716 Antonio
1106 675 1270 729 loquare
1315 676 1431 717 velim
1466 682 1506 718 et
1540 691 1631 718 cum
1663 677 1752 719 istis
1785 693 1883 728 rem,
1916 684 1961 719 ut

193 745 355 800 poteris,
406 745 592 801 expedias
641 752 681 787 et
725 747 824 788 mihi
868 763 987 802 quam
1035 748 1205 803 primum
1253 749 1300 790 de
1350 750 1537 791 omnibus
1584 750 1701 792 rebus
1750 750 1958 793 rescribas.

197 818 309 860 Vale.
345 831 427 859 xn.
462 817 555 859 Kal.
590 818 734 870 Quint.

235 985 255 1014 4
276 983 404 1014 istorum
425 982 478 1013 via
501 1001 542 1006 —
564 983 583 1013 6
605 983 678 1014 istis
701 987 731 1014 et
754 994 815 1015 rem
841 1002 880 1007 —

234 1145 252 1183 ξ
276 1144 304 1174 2.
332 1143 418 1184 Quae
440 1144 569 1176 istorum
594 1146 645 1176 via
668 1149 759 1176 esset.
787 1146 887 1178 Recte
910 1148 993 1178 vidit
1016 1147 1074 1179 C.'
1143 1150 1215 1177 (sum
1246 1147 1317 1177 istis
1347 1158 1380 1178 o:
1412 1157 1489 1178 cum
1519 1147 1734 1186 Caesarianis,
1763 1148 1822 1189 qui
1853 1153 1962 1180 tecum

193 1195 230 1228 F.
255 1197 469 1229 Hermannus
492 1199 525 1230 in
550 1198 673 1231 Philol.
696 1199 761 1231 III.
786 1211 818 1241 p.
844 1201 903 1231 106
927 1182 1074 1241 111-011ἱαῖ
1099 1200 1132 1230 in
1162 1200 1244 1231 urbe
1274 1205 1359 1231 suut.
1390 1200 1491 1232 Recte
1519 1200 1679 1232 Ernestus
1708 1203 1740 1231 et
1769 1201 1878 1232 deleto
1906 1200 1958 1232 his

193 1250 403 1282 scribendum
426 1261 495 1284 esse
519 1252 579 1289 ira,
604 1261 708 1294 eoque
737 1254 855 1285 ducere
878 1264 908 1284 v.
922 1248 1071 1295 flecta-n}
1096 1254 1249 1285 adiunxit
1272 1255 1460 1296 sequentia:
1484 1265 1556 1292 rem,
1585 1257 1620 1286 uc
1647 1255 1775 1296 poteris,
1798 1254 1958 1296 expedias.

790 1396 904 1437 XIX.
971 1398 1035 1446 (A.
1080 1398 1123 1437 U.
1163 1400 1204 1438 C.
1245 1399 1362 1445 707.)

259 1532 295 1571 l.
346 1532 483 1582 Quum
530 1532 610 1573 tuis
660 1533 752 1575 dare
796 1549 952 1589 possem
995 1535 1145 1583 literas,
1190 1552 1271 1577 non
1316 1537 1577 1592 praetermisi,
1623 1538 1698 1578 etsi
1731 1537 1829 1592 quid
1864 1537 1957 1579 scri-

192 1602 323 1645 berem
372 1620 454 1646 non
503 1605 712 1648 habebam.
768 1608 830 1649 Tu
874 1608 923 1649 ad
974 1624 1045 1649 nos
1095 1615 1135 1650 et-
1177 1610 1304 1651 rarius
1346 1609 1503 1660 scribis,
1551 1625 1670 1664 quam
1715 1609 1883 1661 solebas,
1918 1615 1958 1651 et

190 1676 364 1728 brevius,
410 1677 541 1729 credo,
591 1680 685 1734 quia
728 1680 830 1722 nihil
874 1680 1012 1731 habes,
1063 1682 1169 1737 quod
1216 1698 1275 1723 me
1326 1688 1442 1738 putes
1490 1681 1662 1724 libenter
1710 1682 1840 1739 legere
1887 1688 1957 1724 aut

156 1770 169 1793 ε,
189 1750 328 1792 audire
361 1767 489 1807 posse.
540 1753 827 1796 Verumtamen
861 1755 993 1806 velim,
1029 1757 1061 1797 si
1096 1756 1192 1811 quid
1227 1757 1315 1807 erit,
1351 1757 1630 1812 qualecunque
1664 1756 1754 1806 erit,
1789 1755 1954 1798 scribas.

136 2128 168 2152 10

188 1825 263 1866 Est
308 1830 441 1867 auten]
490 1841 630 1878 unum,
665 1828 770 1882 quod
807 1828 903 1870 mihi
938 1829 991 1870 sit
1023 1829 1259 1884 optandum,
1294 1830 1328 1871 si
1361 1829 1459 1885 quid
1492 1830 1558 1885 agi
1591 1829 1640 1871 de
1672 1844 1770 1886 pace
1803 1829 1953 1886 possit;

188 1896 294 1952 quod
328 1898 438 1940 nulla
481 1899 666 1954 equidem
708 1900 834 1943 habeo
875 1903 919 1944 in
952 1918 1032 1958 spe.
1085 1902 1177 1953 Sed,
1213 1903 1307 1959 quia
1339 1910 1386 1946 tu
1418 1903 1559 1945 leviter
1591 1903 1796 1945 interdum
1830 1903 1954 1959 signi—

186 1970 295 2021 ficas,
341 1972 449 2026 cogis
492 1987 555 2013 me
599 1988 768 2029 sperare,
814 1975 922 2030 quod
965 1975 1188 2031 optandum
1231 1976 1298 2018 vix
1343 1983 1416 2018 est.
1455 1979 1495 2018 2.
1530 1976 1774 2018 Philotimus
1806 1975 1955 2018 dicitur

187 2042 295 2085 Idib.
346 2044 454 2086 Sext.
504 2045 621 2087 Nihil
665 2046 793 2089 habeo
840 2048 888 2089 de
930 2049 1000 2090 illo
1044 2049 1229 2104 amplius.
1274 2050 1336 2091 Tu
1371 2049 1488 2091 velim
1523 2049 1571 2091 ad
1606 2065 1651 2091 ea
1682 2049 1783 2092 mihi
1815 2049 1954 2092 rescri-

188 2116 271 2168 bas,
316 2132 417 2172 qua-e
461 2118 510 2159 ad
554 2127 592 2159 te
639 2126 752 2161 antea
800 2121 954 2176 scripsi.
1003 2121 1108 2162 Mihi
1153 2128 1311 2163 tantum
1357 2123 1547 2177 temporis
1590 2122 1686 2163 satis
1732 2127 1805 2172 est,
1840 2122 1952 2173 dum,

230 2283 247 2311 ὖ
271 2281 372 2318 velim,
394 2281 477 2323 quod
499 2282 560 2312 erit
583 2299 623 2305 —

226 2443 243 2481 ς’
267 2443 293 2473 1.
319 2441 352 2472 Si
373 2442 449 2484 quid
469 2443 528 2473 erit
565 2445 605 2475 ln
628 2445 718 2476 Med.
728 2445 756 2474 n·
770 2445 942 2476 omittitur.
965 2444 1040 2475 Per·
1066 2454 1068 2485 1
1091 2452 1169 2473 vera
1192 2443 1278 2474 circa
1307 2443 1356 2474 Id.
1388 2444 1522 2474 demum
1553 2442 1645 2474 Sext.
1668 2442 1780 2473 literas
1803 2441 1952 2474 Caesaris

183 2506 295 2538 peram
316 2495 432 2527 Lamb.
457 2496 585 2536 scripsit
606 2497 689 2538 quo'd
711 2497 783 2528 en't.
808 2497 901 2529 Solet
925 2497 1040 2529 Cicero
1063 2490 1067 2527 J
1090 2495 1244 2527 Ciceroni
1270 2496 1362 2528 reddi
1393 2496 1528 2533 curavit,
1561 2496 1627 2526 vid.
1657 2495 1742 2526 Fam
1775 2494 1875 2526 XIV.
1901 2504 1940 2536 ep

183 2551 340 2582 seribere:
365 2551 394 2581 si
416 2550 493 2591 quid
514 2550 582 2581 erit.
610 2551 686 2582 Vid.
714 2561 762 2592 ep.
788 2552 836 2585 13,
858 2554 885 2582 5.
903 2553 941 2583 23
956 2558 1040 2583 extr.
1063 2537 1065 2562 ¹
1089 2548 1128 2578 23
1151 2555 1183 2579 et
1205 2550 1254 2586 24,
1279 2556 1389 2580 tamen
1421 2549 1527 2579 multo
1549 2548 1645 2579 citius
1667 2548 1785 2580 Rhodo
1810 2548 1952 2579 Brundi-

182 2605 223 2636 24
245 2612 320 2638 extr
1063 2617 1065 2621 ·
1089 2601 1175 2632 sium
1205 2602 1363 2642 navigare
1392 2601 1560 2642 potuisset.
1600 2600 1667 2631 Fac
1689 2600 1770 2631 olim
1792 2600 1951 2641 scriptum

225 2660 242 2699 ξ
265 2659 295 2690 2.
319 2659 506 2690 Philotimus
528 2659 645 2690 dicitur
661 2659 742 2690 Idib.
761 2659 844 2690 Sext.
860 2659 1039 2696 Manutius,
1063 2642 1065 2655 ι
1090 2655 1208 2686 fuisse:
1233 2655 1424 2686 Philotimus
1446 2655 1564 2685 dicitur
1582 2654 1673 2685 visus.
1697 2653 1749 2684 Set
1761 2654 1844 2685 nihil
1856 2654 1952 2685 habeo

182 2722 283 2754 quem
308 2713 408 2744 ceteri
440 2712 632 2752 interpretes
661 2718 852 2753 sequuntur,
883 2712 1040 2742 omissum
1064 2707 1065 2736 1
1089 2710 1128 2740 de
1157 2710 1214 2740 illo
1248 2709 1392 2749 amplius.
1425 2709 1607 2749 Postquam
1630 2708 1756 2739 librarii
1779 2708 1950 2739 oscitantia

181 2771 274 2807 putat
294 2764 468 2805 adfuturus
489 2765 543 2796 vel
565 2775 604 2795 er
628 2765 706 2795 Asia
730 2767 888 2795 venlurus.
922 2764 1040 2805 Neque
1063 2763 1066 2798 l]
1091 2762 1173 2794 visus
1196 2763 1278 2794 abiit
1299 2763 1334 2793 in
1356 2762 1438 2799 idus,
1460 2762 1549 2802 quod
1570 2762 1605 2792 in
1629 2761 1677 2792 ed.
1701 2761 1796 2792 Rom.
1819 2761 1950 2802 legitur,

181 2819 276 2849 aliter
296 2818 379 2849 haec
400 2817 558 2858 explicari
580 2818 660 2849 sinit
681 2817 878 2858 subscriptio
900 2816 952 2847 XI
968 2817 1041 2848 Kal.
1063 2807 1066 2855 1
1089 2817 1167 2847 111110
1202 2816 1325 2847 facturn
1358 2822 1405 2846 est
1428 2815 1545 2853 Idibus,
1568 2816 1622 2846 cui
1645 2814 1773 2846 nomini
1795 2820 1875 2846 tune
1897 2814 1950 2845 Set

182 2871 267 2902 Sext.
292 2871 359 2903 Sed
380 2881 483 2912 quum
505 2871 646 2902 sciamus
668 2881 711 2902 ex
734 2881 774 2912 ep
816 2872 866 2907 23,
889 2871 907 2901 2
929 2870 1039 2901 Philo·
1064 2892 1065 2906 1
1092 2879 1157 2900 una
1179 2869 1273 2901 litera
1295 2874 1428 2899 auctum
1449 2868 1573 2909 optime
1595 2867 1809 2907 congruebat.

181 2926 302 2956 timum
329 2935 405 2956 cum
435 2924 540 2956 literis
570 2925 610 2955 ad
633 2924 827 2956 Ciceronem
850 2934 878 2954 a.
901 2925 932 2954 d.
957 2924 1039 2954 VII.
1063 2921 1065 2962 ξ
1134 2921 1215 2951 ,mhi
1244 2923 1364 2951 tantum
1394 2921 1540 2961 temporis
1574 2926 1634 2952 cet.
1667 2920 1839 2952 Manutius
1867 2920 1949 2950 vidit

184 2979 234 3010 Id.
260 2979 376 3018 Quint.
399 2978 466 3009 iam
487 2977 641 3009 Rhodum
657 2978 796 3015 venisse,
813 2978 939 3009 ethaeo
960 2978 1039 3018 epis·
1063 2974 1066 3048 i
1090 2976 1144 3016 agi
1177 2976 1216 3006 de
1246 2975 1386 3006 consilio
1418 2975 1608 3006 discedendi
1642 2973 1830 3011 Brundisio,
1861 2973 1950 3014 quod

183 3033 251 3064 tola
278 3036 347 3063 tam
376 3032 433 3062 diu
455 3036 530 3062 ante
552 3031 629 3062 Idus
655 3030 746 3062 Sext⁴
771 3031 890 3071 scripta
913 3030 964 3067 sit,
987 3030 1039 3060 ad·
1063 3053 1066 3078 4
1090 3039 1139 3070 ep.
1174 3029 1223 3066 25,
1260 3029 1275 3059 l
1306 3029 1467 3060 indicarat
1495 3028 1546 3059 his
1579 3028 1705 3059 verbis:
1728 3026 1800 3057 dum
1823 3026 1884 3057 erit
1907 3027 1952 3057 ad

183 3086 318 3117 modum
341 3091 491 3126 suspecta
511 3084 594 3115 mihi
625 3090 672 3116 est
695 3084 850 3126 temporis
873 3084 1040 3121 indicatio,
1063 3083 1066 3118 1
1090 3092 1177 3123 quem
1212 3080 1278 3118 des,
1306 3080 1388 3122 quod
1416 3081 1538 3120 lonqum
1571 3089 1633 3110 >eon
1655 3078 1725 3116 erit,
1749 3084 1846 3120 atque
1867 3078 1947 3111 haec

169 3148 324 3181 eamque
351 3148 369 3170 e
400 3139 577 3180 scripturae
607 3144 778 3178 corruptae
808 3138 894 3169 mala
918 3147 1041 3169 correc-
1063 3119 1136 3174 [ita
1170 3135 1416 3175 interpretatur
1456 3148 1467 3160 -ι
1479 3133 1650 3165 Brundisii
1690 3142 1758 3163 non
1799 3136 1856 3171 est,
1890 3142 1948 3163 cur

184 3194 275 3226 tione
302 3201 410 3226 ortam
437 3199 525 3235 puto.
557 3193 627 3225 Etsi
661 3193 750 3225 euim
773 3192 972 3227 Philotimus
994 3201 1041 3225 10-
1064 3187 1066 3206 ²
1090 3187 1215 3221 diutius
1237 3187 1418 3225 ifloemuusj
1436 3187 1585 3224 miscet,
1598 3186 1778 3220 dummodo
1788 3184 1947 3228 tantisper
