2062 3565
720 136 826 178 Llss.
862 137 984 179 MH.
1025 138 1102 179 ΕΡ.
1141 141 1211 178 20.
1249 140 1318 179 21.
1815 143 1891 180 :2131

137 273 305 316 tentiam
340 287 468 324 suam,
503 273 570 314 sed
604 279 739 315 tamen
773 288 874 328 quae
907 279 993 315 tum
1029 280 1117 315 acta
1150 280 1258 325 sunt,
1294 290 1374 316 non
1410 290 1571 330 possum
1606 290 1682 316 non
1722 274 1899 330 probare,

137 353 178 390 et
219 352 352 390 tamen
399 362 478 389 non
525 361 661 389 curare
709 347 872 403 pulchre
919 363 1094 403 possum,
1139 349 1260 390 sicuti
1295 348 1409 390 facio.
1462 348 1538 390 Sed
1574 349 1741 390 nimium
1780 349 1901 389 multa

138 421 188 463 de
219 420 354 475 nugis.

740 546 855 586 XXI.
922 547 986 599 (A.
1030 547 1074 587 [J.
1114 548 1154 587 c.
1194 547 1311 599 709.)

202 665 240 704 1.

137 737 315 794 proxime
347 736 390 778 in
422 734 665 777 Tusculano.
701 734 825 785 Huic,
861 749 979 789 quam
1013 739 1060 776 tu
1093 735 1193 776 mihi
1216 735 1375 786 misisti,
1404 735 1617 777 rescribam
1637 736 1748 778 alias.
1783 737 1907 779 Nunc

139 811 217 853 alia
249 809 368 852 malo.
405 812 445 850 2.
479 807 590 861 Quid
624 822 785 864 possum
819 807 868 849 de
901 809 1117 864 Torquato,
1151 809 1231 850 uisi
1265 809 1417 865 aliquid
1452 826 1474 851 a
1512 810 1741 852 Dolabella?
1784 810 1906 858 Quod

137 885 258 927 simul
301 899 360 935 ac,
405 883 599 926 continuo
634 881 784 924 scietis.
836 882 1130 938 Exspectabam
1163 882 1282 924 hodie
1318 889 1388 925 aut
1420 899 1622 926 summum
1657 900 1742 926 cras
1777 884 1827 926 ab
1861 900 1907 926 eo
1929 900 1942 923 5

137 957 380 1008 tabellarios,
425 957 495 1012 qui
535 955 656 997 simul
699 969 745 997 ac
778 955 975 1006 venerint,
1010 955 1222 997 mittentur
1257 955 1306 996 ad
1340 960 1393 997 te.
1446 959 1480 997 A
1514 956 1671 1003 Quinto
1705 963 1905 1014 exspecto.

290 661 353 704 Ad
398 660 580 702 Hirtium
625 659 810 701 dederam
855 661 1064 716 epistolam
1109 676 1202 702 sane
1249 662 1455 718 grandem,
1503 678 1619 717 (piam
1668 664 1902 718 scripseram

139 1032 399 1075 Proficiscens
440 1032 547 1073 enim
591 1046 612 1072 e
655 1029 884 1072 Tusculano
930 1043 1012 1072 ΠΧ.
1059 1031 1167 1082 Kal„
1201 1036 1248 1072 ut
1281 1031 1372 1081 scis,
1408 1031 1498 1073 misi
1534 1031 1583 1073 ad
1617 1047 1707 1074 eum
1742 1031 1907 1073 tabella-

139 1107 231 1149 rios.
278 1108 319 1148 3.
366 1106 489 1148 Nunc
535 1103 585 1146 ad
625 1119 708 1146 rem
751 1108 799 1145 ut
841 1103 1014 1155 redeam,
1060 1104 1316 1146 inhibere
1349 1105 1451 1147 illud
1485 1111 1615 1158 tuum,
1651 1106 1758 1162 quod
1792 1106 1905 1148 valde

139 1180 238 1223 mihi
282 1179 482 1230 arriserat,
527 1177 783 1220 vehementer
823 1176 1023 1233 displicet.
1074 1178 1148 1219 Est
1180 1179 1285 1220 enim
1322 1178 1485 1220 verbum
1520 1184 1649 1221 totum
1683 1180 1906 1222 nauticum.

137 1254 396 1310 Quamquam
441 1252 483 1294 id
528 1251 691 1308 quidem
740 1250 930 1303 sciebam,
977 1251 1046 1293 sed
1092 1250 1315 1294 arbitrabar
1360 1253 1549 1294 sustineri
1594 1269 1735 1304 remos,
1782 1269 1907 1308 quum
1929 1267 1962 1293 ιο

137 1327 321 1371 inhibere
365 1331 498 1369 essent
541 1326 710 1382 remiges
753 1325 868 1367 iussi.
920 1324 969 1366 Id
1021 1339 1102 1366 non
1136 1340 1221 1366 esse
1254 1325 1451 1367 eiusmodi
1485 1326 1609 1368 didici
1643 1327 1745 1378 heri,
1782 1343 1906 1383 quum

138 1402 186 1444 ad
220 1401 356 1443 villam
389 1405 567 1442 nostram
602 1399 716 1442 navis
750 1397 1032 1454 appelleretur.
1067 1398 1162 1439 Non
1198 1399 1305 1440 enim
1339 1399 1556 1449 sustinent,
1591 1400 1660 1441 sed
1689 1401 1766 1442 alio
1790 1401 1907 1443 modo

139 1475 350 1530 remigant.
399 1473 448 1516 Id
492 1473 543 1515 ab
588 1470 745 1531 ἐποχῇ
787 1471 1098 1514 remotissimum
1142 1476 1216 1513 est.
1267 1472 1400 1524 Quare
1442 1472 1577 1523 facies,
1612 1478 1658 1515 ut
1690 1475 1746 1515 ita
1780 1475 1833 1516 sit
1865 1476 1906 1517 iu

138 1548 255 1600 libro,
289 1546 628 1603 quemadmodum
660 1545 753 1588 fuit.
788 1545 909 1588 Dices
941 1544 1017 1586 hoc
1050 1544 1157 1586 idem
1192 1545 1379 1595 Varroni,
1414 1546 1447 1587 si
1472 1545 1572 1588 forte
1598 1547 1784 1589 mutavit.
1820 1548 1906 1590 Nec

177 1716 197 1746 3
219 1716 283 1745 tum
305 1713 383 1744 mihi
403 1732 445 1738 —
466 1711 556 1744 Nunc
580 1715 597 1751 †
618 1713 703 1744 alias
726 1731 767 1737 —-

183 1872 201 1910 ξ
226 1872 254 1902 1.
281 1871 325 1902 Tu
347 1871 432 1903 mihi.
455 1870 578 1912 Scripsi
609 1881 627 1903 e
649 1872 739 1903 Med.
762 1872 843 1904 Post
866 1873 1005 1904 Bosium

141 1925 242 1966 vulgo
273 1926 364 1957 editt.
397 1927 460 1955 tum
489 1925 576 1958 mihi.
609 1925 686 1957 Non
717 1931 765 1957 est
787 1937 851 1968 quo
874 1928 936 1957 tum
960 1937 1006 1959 re-

140 1977 217 2009 ferri
239 1977 351 2018 possit.

183 2030 274 2061 Nunc
295 2030 364 2061 alia
387 2030 479 2061 malo.
503 2031 554 2062 Ita
576 2040 594 2063 e
617 2033 688 2063 cod.
705 2037 855 2064 notatum
872 2034 905 2064 in
925 2043 1006 2064 mar-

139 2084 217 2125 gine
239 2083 481 2115 Lambinianae
504 2093 532 2114 a.
557 2084 648 2116 1584.
663 2085 754 2117 Male
768 2086 802 2117 in
818 2086 908 2118 Med.
923 2085 1007 2117 alias

137 2138 296 2180 scriptum
327 2143 384 2176 est,
416 2149 474 2179 pro
505 2149 572 2180 quo
595 2139 736 2172 editores
759 2140 835 2171 aliis
858 2151 1006 2183 reposue-

140 2199 228 2226 runt.
250 2193 316 2226 Sed
339 2195 425 2226 illud
447 2200 600 2236 praestat.

181 2249 200 2288 ξ
229 2248 258 2279 2.
291 2248 338 2279 De
370 2247 524 2290 Torquato
556 2257 590 2279 o:
615 2248 721 2281 facere
744 2260 802 2290 pro
825 2250 1005 2290 Torquato.

140 2303 191 2335 Cf.
213 2303 254 2334 de
275 2303 336 2334 hac
359 2311 394 2334 re
416 2312 465 2344 ep.
488 2303 516 2340 9,
542 2302 569 2334 1.

184 2355 275 2396 Quod
293 2355 387 2386 simul
408 2365 456 2393 ac,
479 2355 625 2387 continuo
647 2356 764 2387 scietis.
794 2356 886 2388 Dura
907 2357 1001 2398 ellip-

140 2410 184 2441 sis
206 2409 308 2441 verbi.
325 2408 482 2450 Suspicor
497 2409 694 2442 Ciceronem
708 2411 893 2452 scripsisse:
914 2410 1006 2451 Quod

139 2462 233 2494 simul
253 2464 349 2504 atque
363 2462 535 2500 obtinuero,
550 2462 670 2493 scieris
693 2463 781 2494 Nam
794 2463 915 2504 plurali
929 2463 1005 2494 seie-
1024 2491 1025 2507 ἢ

139 2517 181 2548 tis
204 2517 262 2548 vix
285 2517 377 2548 locus
399 2523 458 2549 est.

182 2571 246 2603 Aut
275 2582 431 2602 summum.
461 2570 517 2603 Sic
539 2571 664 2608 Cicero,
695 2581 761 2602 non
784 2571 829 2602 ad
849 2582 1004 2602 summum.

142 2624 219 2656 Vid.
249 2623 334 2655 X11.
365 2625 415 2662 44,
439 2625 469 2655 3.
499 2622 697 2655 Garatonius
720 2625 761 2655 ad
783 2624 900 2656 Milon.
925 2634 951 2655 c.
977 2626 1005 2655 5.

139 2680 267 2712 Handii
289 2680 385 2711 Turs.
413 2680 441 2710 1.
465 2690 494 2720 p.
519 2679 580 2711 132
601 2689 648 2720 sq.

181 2732 263 2765 IIX.
286 2732 360 2764 Kal.
385 2731 562 2764 Schutzius
585 2742 627 2764 ex
649 2742 699 2774 ep.
724 2734 771 2770 10,
797 2734 814 2763 5
837 2743 920 2764 corr.
937 2719 1025 2765 h.1.'

139 2785 196 2816 XI
214 2785 288 2816 Kal.
311 2784 386 2823 Sed,
412 2790 449 2816 ut
470 2791 557 2817 recte
574 2785 705 2816 monuit
719 2784 873 2822 Orellius‚
899 2787 1006 2827 potuit

139 2840 230 2870 diem
250 2838 462 2880 profectionis
484 2844 620 2875 mutare,
650 2839 702 2870 vel
726 2838 758 2869 in
782 2838 842 2870 illo
864 2839 937 2870 loco
960 2840 1004 2870 vi-

141 2892 225 2923 tium
244 2891 361 2923 inesse.
1022 2873 1024 2928 l

184 2945 203 2982 ξ
234 2946 253 2976 3
295 2944 348 2976 Ad
377 2955 440 2976 rem
471 2947 504 2975 ut
533 2945 669 2976 redeam.
700 2945 794 2977 Nihil
825 2947 865 2978 tle
887 2947 948 2977 hac
973 2952 1024 2990 reg

1040 1872 1198 1902 tationem
1231 1872 1256 1902 1.
1290 1871 1327 1902 F.
1350 1871 1511 1903 Gronovii
1534 1870 1670 1904 Observ.
1694 1871 1757 1902 1V.
1780 1871 1829 1908 26,
1853 1873 1910 1912 qui

1038 1924 1149 1955 docuit
1172 1924 1262 1955 aliud
1284 1934 1354 1956 esse
1378 1924 1520 1956 inhibere
1542 1933 1651 1962 remos,
1668 1923 1758 1955 aliud
1769 1923 1911 1955 inhibere

1039 1977 1141 2009 remis.
1174 1978 1263 2008 Illud
1295 1978 1381 2009 valet
1409 1977 1571 2009 sustinere
1594 1987 1723 2014 navem,
1758 1975 1908 2022 ἐπέχειν,

1040 2032 1101 2063 hoc
1130 2042 1208 2064 vero
1240 2033 1416 2074 respondet
1437 2031 1493 2064 Gr.
1517 2023 1712 2078 κρούεσθαι
1737 2032 1907 2078 πρύμναν,

1041 2091 1130 2130 quod
1153 2090 1295 2131 remiges
1319 2090 1453 2127 faciunt,
1477 2099 1579 2130 quum
1601 2099 1721 2122 navem
1750 2091 1911 2123 reducunt

1040 2154 1138 2185 prora
1160 2144 1262 2176 littori
1286 2145 1339 2176 vel
1362 2145 1396 2175 in
1419 2155 1533 2185 pugna
1554 2144 1665 2176 navali
1687 2144 1835 2177 hostibus
1858 2146 1911 2177 ad-

1040 2206 1144 2228 versa.
1169 2197 1384 2237 Ignoratione
1408 2197 1570 2228 sermonis
1592 2197 1715 2228 nautici
1747 2204 1911 2230 erraverat

1040 2249 1183 2287 Atticus,
1214 2260 1314 2290 qutun
1346 2249 1499 2281 Ciceroni
1529 2255 1677 2282 suaserat
1708 2251 1800 2282 utin
1823 2251 1909 2283 Aca-

1039 2302 1244 2334 demicorum
1280 2303 1385 2344 prima
1414 2302 1615 2341 recensione,
1647 2303 1751 2343 (nunc
1783 2304 1829 2336 11.
1859 2305 1909 2341 29,

1038 2357 1090 2395 94)
1121 2367 1188 2388 non
1222 2365 1315 2397 equos
1336 2356 1495 2388 sustinebo
1527 2356 1693 2394 scriberet,
1718 2361 1755 2389 ut
1776 2358 1910 2399 scripse-

1037 2416 1095 2449 rat,
1119 2411 1176 2442 sed
1197 2410 1348 2442 inhibebo.
1372 2410 1489 2442 Cicero
1522 2411 1718 2452 probaverat
1739 2412 1909 2443 correctio—

1038 2475 1126 2503 nem,
1151 2465 1207 2497 sed
1230 2465 1367 2496 meliora
1399 2466 1533 2496 edoctus
1556 2475 1701 2497 errorem
1724 2476 1813 2497 nunc
1836 2466 1909 2498 tolli

1024 2515 1140 2572 ἰίιιὴθῑ,
1171 2520 1294 2551 oblitus
1324 2521 1466 2552 eundem
1498 2520 1665 2561 irrepsisse
1687 2520 1721 2551 in
1746 2520 1867 2551 librum
1892 2521 1909 2552 I

1024 2574 1079 2606 *de
1102 2572 1191 2606 Orat.
1216 2573 1276 2604 153
1300 2573 1357 2605 ubi
1379 2573 1420 2604 cf.
1446 2574 1556 2605 adnot.
1579 2573 1751 2605 Ellendtii.

1088 2625 1232 2657 Varroni.
1255 2626 1350 2657 Nihil
1372 2626 1479 2657 obstat
1500 2626 1679 2668 quominus
1701 2628 1795 2658 codd.
1818 2627 1907 2659 lecti-

1038 2687 1137 2710 onem
1167 2679 1376 2710 retineamus.
1408 2678 1496 2710 Nam
1519 2679 1609 2719 prior
1631 2679 1906 2711 Academicorum

1038 2731 1186 2763 recensio
1202 2731 1306 2772 potuit
1320 2740 1399 2762 sane
1412 2730 1446 2761 in
1461 2731 1621 2762 Varronis
1634 2727 1751 2763 manus
1767 2733 1906 2763 venisse.

1038 2785 1177 2817 Temere
1211 2785 1387 2817 Schutzius
1418 2786 1563 2817 malebat
1596 2785 1736 2817 Mariani
1765 2796 1782 2818 e
1813 2786 1906 2818 Fam.

1037 2838 1136 2870 XVI.
1162 2840 1189 2870 1.

1078 2892 1112 2923 Si
1125 2893 1220 2932 forte
1242 2893 1384 2923 mutavit.
1408 2892 1496 2924 Cave
1520 2901 1561 2923 ue
1585 2893 1618 2923 in
1634 2892 1703 2922 cod.
1719 2891 1806 2923 Med.
1820 2892 1904 2923 aliis-

1038 2955 1102 2987 que
1133 2947 1281 2978 eiusdem
1312 2946 1467 2984 familiae,
1491 2946 1549 2986 qui
1571 2947 1694 2977 habent
1716 2956 1809 2976 varro
1832 2946 1903 2983 nisi,

142 2999 316 3040 praecedit.
355 3000 471 3040 Itaque
506 3009 573 3030 non
605 2999 711 3038 video,
745 3002 912 3042 quomodo
943 3002 1005 3033 hoc
1038 3002 1254 3042 geminandas
1277 3011 1410 3033 censeas
1432 3001 1543 3032 literas
1566 3000 1608 3032 ni.
1642 2999 1813 3032 Sententia
1837 3006 1901 3032 est:

142 3058 228 3083 stare
249 3051 361 3092 possit.
391 3051 619 3091 Intelligerem
649 3052 695 3083 sic
717 3053 853 3095 scripta:
879 3054 922 3085 ad
943 3065 1006 3085 rem
1023 3053 1135 3098 {Dices
1158 3056 1219 3087 hoc
1244 3056 1398 3094 Varroni,
1422 3061 1459 3087 ut
1482 3057 1637 3087 mendum
1659 3055 1692 3086 in
1714 3064 1774 3086 suo
1794 3065 1903 3087 exem·

143 3108 177 3136 ut
199 3106 330 3136 veniam.
1023 3101 1094 3152 'plo
1115 3110 1268 3149 corrigat,
1290 3110 1317 3141 si
1340 3110 1422 3141 forte
1445 3120 1461 3141 a
1485 3115 1515 3141 te
1546 3109 1733 3141 admonitus
1755 3110 1902 3148 mutavit,

187 3158 342 3194 lambere.
365 3159 432 3196 Hic
454 3160 546 3191 locus
557 3161 747 3201 provocavit
756 3162 885 3194 doctam
897 3163 1006 3204 dispu-
1024 3166 1127 3207 :quod
1150 3171 1236 3197 recte
1258 3165 1461 3206 scripseram.
