<?xml version="1.0" encoding="UTF-8"?>
<!DOCTYPE html PUBLIC "-//W3C//DTD XHTML 1.0 Transitional//EN"
    "http://www.w3.org/TR/xhtml1/DTD/xhtml1-transitional.dtd">
<html xmlns="http://www.w3.org/1999/xhtml" xml:lang="en" lang="en">
 <head>
  <title>
</title>
<meta http-equiv="Content-Type" content="text/html;charset=utf-8" />
  <meta name='ocr-system' content='tesseract 3.04.00' />
  <meta name='ocr-capabilities' content='ocr_page ocr_carea ocr_par ocr_line ocrx_word'/>
</head>
<body>
  <div class='ocr_page' id='page_1' title='image "./epistolarumadtpo02ciceuoft_0117.png"; bbox 0 0 2062 3565; ppageno 0'>
   <div class='ocr_carea' id='block_1_1' title="bbox 0 2100 18 2385">
    <p class='ocr_par' dir='ltr' id='par_1_1' title="bbox 0 2100 18 2385">
     <span class='ocr_line' id='line_1_1' title="bbox 0 2100 18 2385; textangle 90"><span class='ocrx_word' id='word_1_1' title='bbox 0 2208 16 2385; x_wconf 61' lang='lat' dir='ltr'>v··-¹·&#39;=‘&#39;‘c·&#39;*-r·..</span> <span class='ocrx_word' id='word_1_2' title='bbox 0 2183 18 2199; x_wconf 68' lang='lat'>⁷,</span> <span class='ocrx_word' id='word_1_3' title='bbox 0 2142 17 2172; x_wconf 55' lang='grc' dir='ltr'>-λὲ</span> <span class='ocrx_word' id='word_1_4' title='bbox 0 2100 11 2115; x_wconf 73' lang='lat'><strong><em>⁴</em></strong></span> 
     </span>
    </p>
   </div>
   <div class='ocr_carea' id='block_1_2' title="bbox 0 2396 19 3084">
    <p class='ocr_par' dir='ltr' id='par_1_2' title="bbox 0 2396 19 3084">
     <span class='ocr_line' id='line_1_2' title="bbox 0 2396 19 3084; textangle 90"><span class='ocrx_word' id='word_1_5' title='bbox 4 3074 13 3084; x_wconf 81' lang='grc'><strong>.</strong></span> <span class='ocrx_word' id='word_1_6' title='bbox 0 3015 14 3039; x_wconf 82' lang='grc'>-.-.</span> <span class='ocrx_word' id='word_1_7' title='bbox 0 2981 19 3006; x_wconf 75' lang='lat'>·.&#39;</span> <span class='ocrx_word' id='word_1_8' title='bbox 0 2939 18 2962; x_wconf 64' lang='grc' dir='ltr'>ι.</span> <span class='ocrx_word' id='word_1_9' title='bbox 0 2910 9 2927; x_wconf 85' lang='grc'>-</span> <span class='ocrx_word' id='word_1_10' title='bbox 0 2396 18 2899; x_wconf 52' lang='grc' dir='ltr'>ιτ-κπκιγυεατν-ῑπῐτυ-ιηῑτιᾏ</span> 
     </span>
    </p>
   </div>
   <div class='ocr_carea' id='block_1_3' title="bbox 729 152 1838 196">
    <p class='ocr_par' dir='ltr' id='par_1_3' title="bbox 729 152 1838 196">
     <span class='ocr_line' id='line_1_3' title="bbox 729 152 1838 196; baseline -0.001 -2"><span class='ocrx_word' id='word_1_11' title='bbox 729 152 836 195; x_wconf 88' lang='lat' dir='ltr'>LIB.</span> <span class='ocrx_word' id='word_1_12' title='bbox 873 154 1044 196; x_wconf 45' lang='lat' dir='ltr'>XsEP.</span> <span class='ocrx_word' id='word_1_13' title='bbox 1082 159 1122 195; x_wconf 70' lang='lat'>8.</span> <span class='ocrx_word' id='word_1_14' title='bbox 1161 158 1199 194; x_wconf 77' lang='grc'>9.</span> <span class='ocrx_word' id='word_1_15' title='bbox 1755 154 1838 194; x_wconf 82' lang='grc'>107</span> 
     </span>
    </p>
   </div>
   <div class='ocr_carea' id='block_1_4' title="bbox 81 286 1850 490">
    <p class='ocr_par' dir='ltr' id='par_1_4' title="bbox 81 286 1850 490">
     <span class='ocr_line' id='line_1_4' title="bbox 84 286 1847 343; baseline -0.002 -12"><span class='ocrx_word' id='word_1_16' title='bbox 84 302 206 343; x_wconf 88' lang='lat' dir='ltr'>quum</span> <span class='ocrx_word' id='word_1_17' title='bbox 248 286 299 328; x_wconf 89' lang='lat' dir='ltr'>ab</span> <span class='ocrx_word' id='word_1_18' title='bbox 339 301 476 327; x_wconf 90' lang='lat' dir='ltr'>eorum</span> <span class='ocrx_word' id='word_1_19' title='bbox 521 286 700 328; x_wconf 77' lang='lat' dir='ltr'>consiliis</span> <span class='ocrx_word' id='word_1_20' title='bbox 733 286 869 329; x_wconf 88' lang='lat' dir='ltr'>abesse</span> <span class='ocrx_word' id='word_1_21' title='bbox 902 287 1091 329; x_wconf 84' lang='lat' dir='ltr'>iudicasti</span> <span class='ocrx_word' id='word_1_22' title='bbox 1128 312 1200 338; x_wconf 78' lang='lat'>-‚</span> <span class='ocrx_word' id='word_1_23' title='bbox 1234 288 1302 328; x_wconf 89' lang='lat' dir='ltr'>sed</span> <span class='ocrx_word' id='word_1_24' title='bbox 1337 303 1468 330; x_wconf 88' lang='lat' dir='ltr'>mcum</span> <span class='ocrx_word' id='word_1_25' title='bbox 1503 287 1665 343; x_wconf 83' lang='lat' dir='ltr'>aliquod</span> <span class='ocrx_word' id='word_1_26' title='bbox 1700 288 1847 328; x_wconf 85' lang='lat' dir='ltr'>sactum</span> 
     </span>
     <span class='ocr_line' id='line_1_5' title="bbox 82 360 1849 417; baseline -0.003 -13"><span class='ocrx_word' id='word_1_27' title='bbox 82 360 422 412; x_wconf 79' lang='lat' dir='ltr'>condemnavisse,</span> <span class='ocrx_word' id='word_1_28' title='bbox 467 375 547 415; x_wconf 88' lang='lat' dir='ltr'>quo</span> <span class='ocrx_word' id='word_1_29' title='bbox 583 360 684 402; x_wconf 84' lang='lat' dir='ltr'>mihi</span> <span class='ocrx_word' id='word_1_30' title='bbox 729 361 891 416; x_wconf 83' lang='lat' dir='ltr'>gravius</span> <span class='ocrx_word' id='word_1_31' title='bbox 934 360 1005 403; x_wconf 88' lang='lat' dir='ltr'>abs</span> <span class='ocrx_word' id='word_1_32' title='bbox 1049 367 1087 403; x_wconf 85' lang='lat' dir='ltr'>tc</span> <span class='ocrx_word' id='word_1_33' title='bbox 1134 361 1192 403; x_wconf 90' lang='lat' dir='ltr'>nil</span> <span class='ocrx_word' id='word_1_34' title='bbox 1237 362 1414 403; x_wconf 83' lang='lat' dir='ltr'>accidere</span> <span class='ocrx_word' id='word_1_35' title='bbox 1449 367 1593 417; x_wconf 86' lang='lat' dir='ltr'>potest.</span> <span class='ocrx_word' id='word_1_36' title='bbox 1645 360 1766 406; x_wconf 83' lang='lat' dir='ltr'>Quod</span> <span class='ocrx_word' id='word_1_37' title='bbox 1803 376 1849 401; x_wconf 66' lang='lat' dir='ltr'>nv,</span> 
     </span>
     <span class='ocr_line' id='line_1_6' title="bbox 81 432 1850 490; baseline -0.003 -13"><span class='ocrx_word' id='word_1_38' title='bbox 81 434 217 485; x_wconf 83' lang='lat' dir='ltr'>facias,</span> <span class='ocrx_word' id='word_1_39' title='bbox 251 447 324 489; x_wconf 89' lang='lat' dir='ltr'>pro</span> <span class='ocrx_word' id='word_1_40' title='bbox 357 433 443 474; x_wconf 90' lang='lat' dir='ltr'>iure</span> <span class='ocrx_word' id='word_1_41' title='bbox 477 438 637 474; x_wconf 89' lang='lat' dir='ltr'>nostrae</span> <span class='ocrx_word' id='word_1_42' title='bbox 671 434 870 475; x_wconf 73' lang='lat' dir='ltr'>amicitiae</span> <span class='ocrx_word' id='word_1_43' title='bbox 904 449 926 475; x_wconf 87' lang='lat' dir='ltr'>a</span> <span class='ocrx_word' id='word_1_44' title='bbox 959 438 998 476; x_wconf 87' lang='lat' dir='ltr'>te</span> <span class='ocrx_word' id='word_1_45' title='bbox 1031 440 1138 490; x_wconf 87' lang='lat' dir='ltr'>peto.</span> <span class='ocrx_word' id='word_1_46' title='bbox 1175 437 1216 475; x_wconf 74' lang='lat'>2.</span> <span class='ocrx_word' id='word_1_47' title='bbox 1252 434 1473 484; x_wconf 84' lang='lat' dir='ltr'>Postremo,</span> <span class='ocrx_word' id='word_1_48' title='bbox 1507 433 1604 489; x_wconf 88' lang='lat' dir='ltr'>quid</span> <span class='ocrx_word' id='word_1_49' title='bbox 1639 433 1722 475; x_wconf 91' lang='lat' dir='ltr'>viro</span> <span class='ocrx_word' id='word_1_50' title='bbox 1748 432 1850 474; x_wconf 81' lang='lat' dir='ltr'>bono</span> 
     </span>
    </p>
   </div>
   <div class='ocr_carea' id='block_1_5' title="bbox 22 505 1850 562">
    <p class='ocr_par' dir='ltr' id='par_1_5' title="bbox 22 505 1850 562">
     <span class='ocr_line' id='line_1_7' title="bbox 22 505 1850 562; baseline -0.001 -13"><span class='ocrx_word' id='word_1_51' title='bbox 22 541 27 548; x_wconf 88' lang='lat'>.</span> <span class='ocrx_word' id='word_1_52' title='bbox 81 511 123 549; x_wconf 87' lang='lat' dir='ltr'>et</span> <span class='ocrx_word' id='word_1_53' title='bbox 164 506 302 562; x_wconf 88' lang='lat' dir='ltr'>quieto</span> <span class='ocrx_word' id='word_1_54' title='bbox 351 510 392 548; x_wconf 92' lang='lat' dir='ltr'>et</span> <span class='ocrx_word' id='word_1_55' title='bbox 438 505 544 548; x_wconf 90' lang='lat' dir='ltr'>bono</span> <span class='ocrx_word' id='word_1_56' title='bbox 588 507 666 548; x_wconf 90' lang='lat' dir='ltr'>civi</span> <span class='ocrx_word' id='word_1_57' title='bbox 711 508 838 562; x_wconf 85' lang='lat' dir='ltr'>magis</span> <span class='ocrx_word' id='word_1_58' title='bbox 873 508 1061 549; x_wconf 87' lang='lat' dir='ltr'>convenit</span> <span class='ocrx_word' id='word_1_59' title='bbox 1094 523 1212 562; x_wconf 80' lang='lat' dir='ltr'>quani</span> <span class='ocrx_word' id='word_1_60' title='bbox 1247 507 1384 550; x_wconf 85' lang='lat' dir='ltr'>abesse</span> <span class='ocrx_word' id='word_1_61' title='bbox 1417 523 1440 549; x_wconf 89' lang='lat' dir='ltr'>a</span> <span class='ocrx_word' id='word_1_62' title='bbox 1473 506 1659 549; x_wconf 85' lang='lat' dir='ltr'>civilibus</span> <span class='ocrx_word' id='word_1_63' title='bbox 1691 511 1850 548; x_wconf 86' lang='lat' dir='ltr'>contro-</span> 
     </span>
    </p>
   </div>
   <div class='ocr_carea' id='block_1_6' title="bbox 79 577 1850 840">
    <p class='ocr_par' dir='ltr' id='par_1_6' title="bbox 79 577 1850 840">
     <span class='ocr_line' id='line_1_8' title="bbox 82 577 1848 636; baseline -0.001 -16"><span class='ocrx_word' id='word_1_64' title='bbox 82 577 251 620; x_wconf 84' lang='lat' dir='ltr'>versiis?</span> <span class='ocrx_word' id='word_1_65' title='bbox 281 578 402 630; x_wconf 81' lang='lat' dir='ltr'>Quod</span> <span class='ocrx_word' id='word_1_66' title='bbox 435 580 621 622; x_wconf 88' lang='lat' dir='ltr'>nonnulli</span> <span class='ocrx_word' id='word_1_67' title='bbox 645 595 768 635; x_wconf 88' lang='lat' dir='ltr'>quum</span> <span class='ocrx_word' id='word_1_68' title='bbox 793 580 1020 636; x_wconf 74' lang='lat' dir='ltr'>probarent,</span> <span class='ocrx_word' id='word_1_69' title='bbox 1047 581 1213 636; x_wconf 84' lang='lat' dir='ltr'>periculi</span> <span class='ocrx_word' id='word_1_70' title='bbox 1236 595 1355 621; x_wconf 86' lang='lat' dir='ltr'>causa</span> <span class='ocrx_word' id='word_1_71' title='bbox 1376 581 1490 636; x_wconf 81' lang='lat' dir='ltr'>sequi</span> <span class='ocrx_word' id='word_1_72' title='bbox 1512 595 1592 621; x_wconf 90' lang='lat' dir='ltr'>non</span> <span class='ocrx_word' id='word_1_73' title='bbox 1617 584 1848 635; x_wconf 76' lang='lat' dir='ltr'>potuerunt.</span> 
     </span>
     <span class='ocr_line' id='line_1_9' title="bbox 79 647 1850 708; baseline -0.001 -15"><span class='ocrx_word' id='word_1_74' title='bbox 79 647 165 693; x_wconf 71' lang='lat' dir='ltr'>Tu·</span> <span class='ocrx_word' id='word_1_75' title='bbox 179 651 383 708; x_wconf 84' lang='lat' dir='ltr'>explorato</span> <span class='ocrx_word' id='word_1_76' title='bbox 428 658 468 694; x_wconf 90' lang='lat' dir='ltr'>et</span> <span class='ocrx_word' id='word_1_77' title='bbox 499 652 605 694; x_wconf 87' lang='lat' dir='ltr'>vitae</span> <span class='ocrx_word' id='word_1_78' title='bbox 638 667 746 694; x_wconf 88' lang='lat' dir='ltr'>meae</span> <span class='ocrx_word' id='word_1_79' title='bbox 779 654 1010 695; x_wconf 86' lang='lat' dir='ltr'>testimonio</span> <span class='ocrx_word' id='word_1_80' title='bbox 1033 659 1073 694; x_wconf 87' lang='lat' dir='ltr'>et</span> <span class='ocrx_word' id='word_1_81' title='bbox 1106 653 1303 695; x_wconf 73' lang='lat' dir='ltr'>amicitiae</span> <span class='ocrx_word' id='word_1_82' title='bbox 1337 652 1488 694; x_wconf 89' lang='lat' dir='ltr'>iudicio</span> <span class='ocrx_word' id='word_1_83' title='bbox 1543 667 1670 706; x_wconf 85' lang='lat' dir='ltr'>neque</span> <span class='ocrx_word' id='word_1_84' title='bbox 1723 651 1850 692; x_wconf 77' lang='lat' dir='ltr'>tutius</span> 
     </span>
     <span class='ocr_line' id='line_1_10' title="bbox 81 722 1846 782; baseline -0.002 -16"><span class='ocrx_word' id='word_1_85' title='bbox 81 738 211 779; x_wconf 87' lang='lat' dir='ltr'>neque</span> <span class='ocrx_word' id='word_1_86' title='bbox 256 723 466 767; x_wconf 74' lang='lat' dir='ltr'>honestius</span> <span class='ocrx_word' id='word_1_87' title='bbox 510 726 681 782; x_wconf 81' lang='lat' dir='ltr'>reperies</span> <span class='ocrx_word' id='word_1_88' title='bbox 731 726 949 781; x_wconf 85' lang='lat' dir='ltr'>quidquam</span> <span class='ocrx_word' id='word_1_89' title='bbox 997 742 1114 782; x_wconf 87' lang='lat' dir='ltr'>quam</span> <span class='ocrx_word' id='word_1_90' title='bbox 1160 726 1209 767; x_wconf 83' lang='lat' dir='ltr'>ab</span> <span class='ocrx_word' id='word_1_91' title='bbox 1251 727 1360 767; x_wconf 88' lang='grc'><strong>0111111</strong></span> <span class='ocrx_word' id='word_1_92' title='bbox 1408 726 1662 768; x_wconf 68' lang='lat' dir='ltr'>contentione</span> <span class='ocrx_word' id='word_1_93' title='bbox 1696 722 1846 765; x_wconf 77' lang='lat' dir='ltr'>abesse.</span> 
     </span>
     <span class='ocr_line' id='line_1_11' title="bbox 82 796 722 840; baseline 0.005 -3"><span class='ocrx_word' id='word_1_94' title='bbox 82 809 156 838; x_wconf 79' lang='lat' dir='ltr'>xv,</span> <span class='ocrx_word' id='word_1_95' title='bbox 189 796 283 839; x_wconf 87' lang='lat' dir='ltr'>Kal.</span> <span class='ocrx_word' id='word_1_96' title='bbox 318 798 450 840; x_wconf 83' lang='lat' dir='ltr'>Maias</span> <span class='ocrx_word' id='word_1_97' title='bbox 481 813 531 840; x_wconf 81' lang='lat' dir='ltr'>ex</span> <span class='ocrx_word' id='word_1_98' title='bbox 563 799 722 840; x_wconf 90' lang='lat' dir='ltr'>itinere.</span> 
     </span>
    </p>
   </div>
   <div class='ocr_carea' id='block_1_7' title="bbox 81 903 267 910">
    <p class='ocr_par' dir='ltr' id='par_1_7' title="bbox 81 903 267 910">
     <span class='ocr_line' id='line_1_12' title="bbox 81 903 267 910; baseline 0 2655"><span class='ocrx_word' id='word_1_99' title='bbox 81 903 267 910; x_wconf 95' lang='lat' dir='ltr'> </span> 
     </span>
    </p>
   </div>
   <div class='ocr_carea' id='block_1_8' title="bbox 270 905 494 911">
    <p class='ocr_par' dir='ltr' id='par_1_8' title="bbox 270 905 494 911">
     <span class='ocr_line' id='line_1_13' title="bbox 270 905 494 911; baseline 0 0"><span class='ocrx_word' id='word_1_100' title='bbox 270 905 494 911; x_wconf 95' lang='lat' dir='ltr'> </span> 
     </span>
    </p>
   </div>
   <div class='ocr_carea' id='block_1_9' title="bbox 81 958 1851 1057">
    <p class='ocr_par' dir='ltr' id='par_1_9' title="bbox 81 958 1851 1057">
     <span class='ocr_line' id='line_1_14' title="bbox 122 958 1851 1003; baseline 0.001 -13"><span class='ocrx_word' id='word_1_101' title='bbox 122 958 281 991; x_wconf 60' lang='lat' dir='ltr'>ludia-asti</span> <span class='ocrx_word' id='word_1_102' title='bbox 296 969 331 992; x_wconf 81' lang='lat' dir='ltr'>o:</span> <span class='ocrx_word' id='word_1_103' title='bbox 354 961 538 1000; x_wconf 82' lang='lat' dir='ltr'>decrevisti,</span> <span class='ocrx_word' id='word_1_104' title='bbox 552 963 760 995; x_wconf 89' lang='lat' dir='ltr'>constituisti.</span> <span class='ocrx_word' id='word_1_105' title='bbox 785 963 825 994; x_wconf 87' lang='lat' dir='ltr'>cf.</span> <span class='ocrx_word' id='word_1_106' title='bbox 840 962 935 994; x_wconf 88' lang='lat' dir='ltr'>Fam.</span> <span class='ocrx_word' id='word_1_107' title='bbox 1026 963 1044 1003; x_wconf 64' lang='grc' dir='ltr'>ξ</span> <span class='ocrx_word' id='word_1_108' title='bbox 1067 962 1096 993; x_wconf 80' lang='lat'>2.</span> <span class='ocrx_word' id='word_1_109' title='bbox 1120 962 1260 993; x_wconf 81' lang='lat' dir='ltr'>Pericali</span> <span class='ocrx_word' id='word_1_110' title='bbox 1281 971 1388 999; x_wconf 77' lang='lat' dir='ltr'>caasa,</span> <span class='ocrx_word' id='word_1_111' title='bbox 1413 962 1489 1003; x_wconf 89' lang='lat' dir='ltr'>quia</span> <span class='ocrx_word' id='word_1_112' title='bbox 1512 962 1652 993; x_wconf 82' lang='lat' dir='ltr'>alterum</span> <span class='ocrx_word' id='word_1_113' title='bbox 1666 966 1774 992; x_wconf 85' lang='lat' dir='ltr'>utrum</span> <span class='ocrx_word' id='word_1_114' title='bbox 1789 962 1851 992; x_wconf 87' lang='lat' dir='ltr'>vic-</span> 
     </span>
     <span class='ocr_line' id='line_1_15' title="bbox 81 1011 1818 1057; baseline 0.001 -13"><span class='ocrx_word' id='word_1_115' title='bbox 81 1011 162 1045; x_wconf 87' lang='lat' dir='ltr'>vn.</span> <span class='ocrx_word' id='word_1_116' title='bbox 185 1012 236 1051; x_wconf 83' lang='lat'>33,</span> <span class='ocrx_word' id='word_1_117' title='bbox 259 1012 294 1045; x_wconf 77' lang='lat'>2:</span> <span class='ocrx_word' id='word_1_118' title='bbox 319 1013 395 1045; x_wconf 81' lang='lat' dir='ltr'>mihi</span> <span class='ocrx_word' id='word_1_119' title='bbox 416 1014 590 1047; x_wconf 79' lang='lat' dir='ltr'>iudicatum</span> <span class='ocrx_word' id='word_1_120' title='bbox 612 1018 658 1048; x_wconf 80' lang='lat' dir='ltr'>est</span> <span class='ocrx_word' id='word_1_121' title='bbox 682 1016 746 1047; x_wconf 88' lang='lat' dir='ltr'>otio</span> <span class='ocrx_word' id='word_1_122' title='bbox 758 1015 843 1057; x_wconf 83' lang='lat' dir='ltr'>frui.</span> <span class='ocrx_word' id='word_1_123' title='bbox 958 1029 960 1050; x_wconf 73' lang='grc'>1</span> <span class='ocrx_word' id='word_1_124' title='bbox 982 1021 1086 1048; x_wconf 89' lang='lat' dir='ltr'>torem</span> <span class='ocrx_word' id='word_1_125' title='bbox 1108 1016 1278 1053; x_wconf 81' lang='lat' dir='ltr'>timebant,</span> <span class='ocrx_word' id='word_1_126' title='bbox 1301 1016 1342 1047; x_wconf 73' lang='lat' dir='ltr'>ad</span> <span class='ocrx_word' id='word_1_127' title='bbox 1363 1016 1502 1048; x_wconf 79' lang='lat' dir='ltr'>alterum</span> <span class='ocrx_word' id='word_1_128' title='bbox 1525 1025 1558 1047; x_wconf 85' lang='lat' dir='ltr'>se</span> <span class='ocrx_word' id='word_1_129' title='bbox 1581 1015 1818 1057; x_wconf 79' lang='lat' dir='ltr'>applicuerunt.</span> 
     </span>
    </p>
   </div>
   <div class='ocr_carea' id='block_1_10' title="bbox 698 1145 1239 1199">
    <p class='ocr_par' dir='ltr' id='par_1_10' title="bbox 698 1145 1239 1199">
     <span class='ocr_line' id='line_1_16' title="bbox 698 1145 1239 1199; baseline -0.002 -13"><span class='ocrx_word' id='word_1_130' title='bbox 698 1145 776 1186; x_wconf 77' lang='lat' dir='ltr'>IX.</span> <span class='ocrx_word' id='word_1_131' title='bbox 845 1146 910 1198; x_wconf 82' lang='lat' dir='ltr'>(A.</span> <span class='ocrx_word' id='word_1_132' title='bbox 955 1145 1001 1185; x_wconf 82' lang='lat' dir='ltr'>U.</span> <span class='ocrx_word' id='word_1_133' title='bbox 1040 1146 1082 1185; x_wconf 81' lang='lat' dir='ltr'>C.</span> <span class='ocrx_word' id='word_1_134' title='bbox 1122 1145 1239 1199; x_wconf 83' lang='lat'>705.)</span> 
     </span>
    </p>
   </div>
   <div class='ocr_carea' id='block_1_11' title="bbox 80 1269 1850 1472">
    <p class='ocr_par' dir='ltr' id='par_1_11' title="bbox 80 1269 1850 1472">
     <span class='ocr_line' id='line_1_17' title="bbox 145 1269 1850 1326; baseline 0.001 -16"><span class='ocrx_word' id='word_1_135' title='bbox 145 1271 185 1310; x_wconf 89' lang='lat'>1.</span> <span class='ocrx_word' id='word_1_136' title='bbox 230 1269 443 1312; x_wconf 87' lang='lat' dir='ltr'>Adventus</span> <span class='ocrx_word' id='word_1_137' title='bbox 489 1271 699 1312; x_wconf 86' lang='lat' dir='ltr'>Philotimi</span> <span class='ocrx_word' id='word_1_138' title='bbox 741 1295 798 1301; x_wconf 85' lang='lat'>——-</span> <span class='ocrx_word' id='word_1_139' title='bbox 845 1276 886 1312; x_wconf 92' lang='lat' dir='ltr'>at</span> <span class='ocrx_word' id='word_1_140' title='bbox 929 1271 1044 1312; x_wconf 84' lang='lat' dir='ltr'>cuius</span> <span class='ocrx_word' id='word_1_141' title='bbox 1093 1271 1281 1322; x_wconf 88' lang='lat' dir='ltr'>hominis,</span> <span class='ocrx_word' id='word_1_142' title='bbox 1332 1286 1451 1326; x_wconf 91' lang='lat' dir='ltr'>quam</span> <span class='ocrx_word' id='word_1_143' title='bbox 1484 1271 1626 1312; x_wconf 83' lang='lat' dir='ltr'>insulsi</span> <span class='ocrx_word' id='word_1_144' title='bbox 1659 1278 1700 1312; x_wconf 86' lang='lat' dir='ltr'>et</span> <span class='ocrx_word' id='word_1_145' title='bbox 1732 1287 1850 1325; x_wconf 79' lang='lat' dir='ltr'>quani</span> 
     </span>
     <span class='ocr_line' id='line_1_18' title="bbox 81 1320 1849 1399; baseline 0 -15"><span class='ocrx_word' id='word_1_146' title='bbox 81 1357 198 1398; x_wconf 83' lang='lat' dir='ltr'>saepe</span> <span class='ocrx_word' id='word_1_147' title='bbox 241 1357 313 1398; x_wconf 85' lang='lat' dir='ltr'>pro</span> <span class='ocrx_word' id='word_1_148' title='bbox 361 1343 554 1399; x_wconf 91' lang='lat' dir='ltr'>Pompeio</span> <span class='ocrx_word' id='word_1_149' title='bbox 598 1343 833 1385; x_wconf 85' lang='lat' dir='ltr'>mentientis</span> <span class='ocrx_word' id='word_1_150' title='bbox 878 1369 934 1373; x_wconf 92' lang='lat'>—</span> <span class='ocrx_word' id='word_1_151' title='bbox 970 1343 1215 1384; x_wconf 85' lang='lat' dir='ltr'>exanimavit</span> <span class='ocrx_word' id='word_1_152' title='bbox 1245 1358 1396 1394; x_wconf 84' lang='lat' dir='ltr'>omnes,</span> <span class='ocrx_word' id='word_1_153' title='bbox 1433 1320 1689 1397; x_wconf 35' lang='lat' dir='ltr'>quiinecum</span> <span class='ocrx_word' id='word_1_154' title='bbox 1723 1350 1849 1385; x_wconf 77' lang='lat' dir='ltr'>erant.</span> 
     </span>
     <span class='ocr_line' id='line_1_19' title="bbox 80 1415 1850 1472; baseline 0.001 -15"><span class='ocrx_word' id='word_1_155' title='bbox 80 1416 187 1458; x_wconf 89' lang='lat' dir='ltr'>Nam</span> <span class='ocrx_word' id='word_1_156' title='bbox 218 1415 305 1472; x_wconf 89' lang='lat' dir='ltr'>ipse</span> <span class='ocrx_word' id='word_1_157' title='bbox 338 1415 526 1457; x_wconf 83' lang='lat' dir='ltr'>obdurui.</span> <span class='ocrx_word' id='word_1_158' title='bbox 572 1415 798 1458; x_wconf 87' lang='lat' dir='ltr'>Dubitabat</span> <span class='ocrx_word' id='word_1_159' title='bbox 830 1422 1014 1458; x_wconf 90' lang='lat' dir='ltr'>nostrum</span> <span class='ocrx_word' id='word_1_160' title='bbox 1047 1431 1177 1466; x_wconf 86' lang='lat' dir='ltr'>nemo,</span> <span class='ocrx_word' id='word_1_161' title='bbox 1213 1417 1312 1471; x_wconf 90' lang='lat' dir='ltr'>quin</span> <span class='ocrx_word' id='word_1_162' title='bbox 1345 1416 1491 1457; x_wconf 84' lang='lat' dir='ltr'>Caesar</span> <span class='ocrx_word' id='word_1_163' title='bbox 1524 1416 1669 1458; x_wconf 88' lang='lat' dir='ltr'>itinera</span> <span class='ocrx_word' id='word_1_164' title='bbox 1701 1432 1850 1472; x_wconf 85' lang='lat' dir='ltr'>repres-</span> 
     </span>
    </p>
   </div>
   <div class='ocr_carea' id='block_1_12' title="bbox 80 1490 1903 1546">
    <p class='ocr_par' dir='ltr' id='par_1_12' title="bbox 80 1490 1903 1546">
     <span class='ocr_line' id='line_1_20' title="bbox 80 1490 1903 1546; baseline -0.001 -14"><span class='ocrx_word' id='word_1_165' title='bbox 80 1490 216 1533; x_wconf 84' lang='lat' dir='ltr'>sisset:</span> <span class='ocrx_word' id='word_1_166' title='bbox 262 1491 394 1533; x_wconf 84' lang='lat' dir='ltr'>volare</span> <span class='ocrx_word' id='word_1_167' title='bbox 439 1491 602 1533; x_wconf 89' lang='lat' dir='ltr'>dicitur.</span> <span class='ocrx_word' id='word_1_168' title='bbox 650 1491 839 1546; x_wconf 90' lang='lat' dir='ltr'>(Dicitur)</span> <span class='ocrx_word' id='word_1_169' title='bbox 887 1492 1070 1533; x_wconf 83' lang='lat' dir='ltr'>Petreius</span> <span class='ocrx_word' id='word_1_170' title='bbox 1116 1506 1207 1532; x_wconf 90' lang='lat' dir='ltr'>cum</span> <span class='ocrx_word' id='word_1_171' title='bbox 1251 1491 1420 1533; x_wconf 77' lang='lat' dir='ltr'>Afranio</span> <span class='ocrx_word' id='word_1_172' title='bbox 1468 1490 1723 1532; x_wconf 82' lang='lat' dir='ltr'>coniunxisse</span> <span class='ocrx_word' id='word_1_173' title='bbox 1757 1491 1847 1544; x_wconf 78' lang='lat' dir='ltr'>(se):</span> <span class='ocrx_word' id='word_1_174' title='bbox 1891 1509 1903 1531; x_wconf 59' lang='grc' dir='ltr'>,ς</span> 
     </span>
    </p>
   </div>
   <div class='ocr_carea' id='block_1_13' title="bbox 81 1562 1851 2132">
    <p class='ocr_par' dir='ltr' id='par_1_13' title="bbox 81 1562 1851 2132">
     <span class='ocr_line' id='line_1_21' title="bbox 81 1562 1850 1625; baseline -0.002 -19"><span class='ocrx_word' id='word_1_175' title='bbox 81 1563 183 1606; x_wconf 80' lang='lat' dir='ltr'>nihi]</span> <span class='ocrx_word' id='word_1_176' title='bbox 225 1565 340 1625; x_wconf 81' lang='lat' dir='ltr'>affert</span> <span class='ocrx_word' id='word_1_177' title='bbox 384 1563 596 1605; x_wconf 88' lang='lat' dir='ltr'>eiusmodi.</span> <span class='ocrx_word' id='word_1_178' title='bbox 641 1563 752 1616; x_wconf 77' lang='lat' dir='ltr'>Quid</span> <span class='ocrx_word' id='word_1_179' title='bbox 797 1564 986 1619; x_wconf 79' lang='lat' dir='ltr'>quaeris?</span> <span class='ocrx_word' id='word_1_180' title='bbox 1035 1564 1169 1605; x_wconf 86' lang='lat' dir='ltr'>Etiam</span> <span class='ocrx_word' id='word_1_181' title='bbox 1201 1564 1303 1605; x_wconf 80' lang='lat' dir='ltr'>fflud</span> <span class='ocrx_word' id='word_1_182' title='bbox 1336 1568 1421 1605; x_wconf 86' lang='lat' dir='ltr'>erat</span> <span class='ocrx_word' id='word_1_183' title='bbox 1453 1578 1699 1618; x_wconf 87' lang='lat' dir='ltr'>persuasum,</span> <span class='ocrx_word' id='word_1_184' title='bbox 1734 1562 1850 1602; x_wconf 89' lang='lat' dir='ltr'>Pom-</span> 
     </span>
     <span class='ocr_line' id='line_1_22' title="bbox 83 1634 1848 1694; baseline -0.003 -14"><span class='ocrx_word' id='word_1_185' title='bbox 83 1638 217 1694; x_wconf 89' lang='lat' dir='ltr'>peium</span> <span class='ocrx_word' id='word_1_186' title='bbox 261 1653 353 1680; x_wconf 91' lang='lat' dir='ltr'>cum</span> <span class='ocrx_word' id='word_1_187' title='bbox 397 1637 553 1693; x_wconf 85' lang='lat' dir='ltr'>magnis</span> <span class='ocrx_word' id='word_1_188' title='bbox 597 1637 722 1693; x_wconf 86' lang='lat' dir='ltr'>copiis</span> <span class='ocrx_word' id='word_1_189' title='bbox 766 1637 842 1678; x_wconf 87' lang='lat' dir='ltr'>iter</span> <span class='ocrx_word' id='word_1_190' title='bbox 885 1638 927 1679; x_wconf 89' lang='lat' dir='ltr'>in</span> <span class='ocrx_word' id='word_1_191' title='bbox 977 1637 1235 1679; x_wconf 84' lang='lat' dir='ltr'>Germaniam</span> <span class='ocrx_word' id='word_1_192' title='bbox 1269 1652 1338 1693; x_wconf 89' lang='lat' dir='ltr'>per</span> <span class='ocrx_word' id='word_1_193' title='bbox 1371 1637 1576 1692; x_wconf 80' lang='lat' dir='ltr'>Elyricum</span> <span class='ocrx_word' id='word_1_194' title='bbox 1611 1635 1749 1677; x_wconf 86' lang='lat' dir='ltr'>fecisse</span> <span class='ocrx_word' id='word_1_195' title='bbox 1764 1654 1774 1686; x_wconf 87' lang='lat'>;</span> <span class='ocrx_word' id='word_1_196' title='bbox 1810 1634 1848 1675; x_wconf 90' lang='lat' dir='ltr'>id</span> 
     </span>
     <span class='ocr_line' id='line_1_23' title="bbox 83 1708 1849 1767; baseline -0.002 -14"><span class='ocrx_word' id='word_1_197' title='bbox 83 1711 191 1754; x_wconf 87' lang='lat' dir='ltr'>enim</span> <span class='ocrx_word' id='word_1_198' title='bbox 225 1708 543 1761; x_wconf 68' lang='grc' dir='ltr'><strong><em>αὐθεντικῶς</em></strong></span> <span class='ocrx_word' id='word_1_199' title='bbox 575 1710 856 1753; x_wconf 84' lang='lat' dir='ltr'>nuntiabatur.</span> <span class='ocrx_word' id='word_1_200' title='bbox 890 1711 1075 1753; x_wconf 83' lang='lat' dir='ltr'>Melitam</span> <span class='ocrx_word' id='word_1_201' title='bbox 1107 1712 1246 1767; x_wconf 86' lang='lat' dir='ltr'>igitur,</span> <span class='ocrx_word' id='word_1_202' title='bbox 1282 1711 1436 1767; x_wconf 86' lang='lat' dir='ltr'>opinor,</span> <span class='ocrx_word' id='word_1_203' title='bbox 1471 1725 1736 1765; x_wconf 80' lang='lat' dir='ltr'>capessamuS,</span> <span class='ocrx_word' id='word_1_204' title='bbox 1755 1709 1849 1750; x_wconf 92' lang='lat' dir='ltr'>dum</span> 
     </span>
     <span class='ocr_line' id='line_1_24' title="bbox 83 1781 1851 1840; baseline -0.002 -14"><span class='ocrx_word' id='word_1_205' title='bbox 83 1784 180 1840; x_wconf 89' lang='lat' dir='ltr'>quid</span> <span class='ocrx_word' id='word_1_206' title='bbox 225 1785 268 1826; x_wconf 89' lang='lat' dir='ltr'>in</span> <span class='ocrx_word' id='word_1_207' title='bbox 318 1784 534 1840; x_wconf 83' lang='lat' dir='ltr'>Hispania,</span> <span class='ocrx_word' id='word_1_208' title='bbox 577 1784 685 1839; x_wconf 90' lang='lat' dir='ltr'>quod</span> <span class='ocrx_word' id='word_1_209' title='bbox 729 1783 893 1839; x_wconf 92' lang='lat' dir='ltr'>quidem</span> <span class='ocrx_word' id='word_1_210' title='bbox 934 1783 1220 1840; x_wconf 85' lang='lat' dir='ltr'>propemodum</span> <span class='ocrx_word' id='word_1_211' title='bbox 1263 1783 1400 1825; x_wconf 89' lang='lat' dir='ltr'>videor</span> <span class='ocrx_word' id='word_1_212' title='bbox 1431 1798 1479 1824; x_wconf 83' lang='lat' dir='ltr'>ex</span> <span class='ocrx_word' id='word_1_213' title='bbox 1513 1782 1693 1824; x_wconf 88' lang='lat' dir='ltr'>Caesaris</span> <span class='ocrx_word' id='word_1_214' title='bbox 1726 1781 1851 1822; x_wconf 85' lang='lat' dir='ltr'>literis</span> 
     </span>
     <span class='ocr_line' id='line_1_25' title="bbox 82 1854 1851 1913; baseline -0.002 -15"><span class='ocrx_word' id='word_1_215' title='bbox 82 1857 210 1913; x_wconf 90' lang='lat' dir='ltr'>ipsius</span> <span class='ocrx_word' id='word_1_216' title='bbox 253 1857 459 1899; x_wconf 89' lang='lat' dir='ltr'>voluntate</span> <span class='ocrx_word' id='word_1_217' title='bbox 508 1857 636 1900; x_wconf 85' lang='lat' dir='ltr'>facere</span> <span class='ocrx_word' id='word_1_218' title='bbox 683 1872 812 1913; x_wconf 89' lang='lat' dir='ltr'>posse,</span> <span class='ocrx_word' id='word_1_219' title='bbox 859 1857 929 1912; x_wconf 91' lang='lat' dir='ltr'>qui</span> <span class='ocrx_word' id='word_1_220' title='bbox 971 1862 1093 1912; x_wconf 86' lang='lat' dir='ltr'>negat</span> <span class='ocrx_word' id='word_1_221' title='bbox 1132 1871 1264 1911; x_wconf 89' lang='lat' dir='ltr'>neque</span> <span class='ocrx_word' id='word_1_222' title='bbox 1308 1855 1516 1897; x_wconf 86' lang='lat' dir='ltr'>honestius</span> <span class='ocrx_word' id='word_1_223' title='bbox 1560 1869 1690 1910; x_wconf 91' lang='lat' dir='ltr'>neque</span> <span class='ocrx_word' id='word_1_224' title='bbox 1723 1854 1851 1896; x_wconf 90' lang='lat' dir='ltr'>tutius</span> 
     </span>
     <span class='ocr_line' id='line_1_26' title="bbox 81 1926 1850 1985; baseline -0.002 -14"><span class='ocrx_word' id='word_1_225' title='bbox 81 1929 183 1972; x_wconf 81' lang='lat' dir='ltr'>mihi</span> <span class='ocrx_word' id='word_1_226' title='bbox 233 1929 452 1985; x_wconf 81' lang='lat' dir='ltr'>quidquam</span> <span class='ocrx_word' id='word_1_227' title='bbox 499 1945 583 1972; x_wconf 87' lang='lat' dir='ltr'>esse</span> <span class='ocrx_word' id='word_1_228' title='bbox 623 1945 743 1985; x_wconf 90' lang='lat' dir='ltr'>quam</span> <span class='ocrx_word' id='word_1_229' title='bbox 787 1929 838 1970; x_wconf 90' lang='lat' dir='ltr'>ab</span> <span class='ocrx_word' id='word_1_230' title='bbox 872 1929 981 1971; x_wconf 89' lang='lat' dir='ltr'>omni</span> <span class='ocrx_word' id='word_1_231' title='bbox 1015 1929 1271 1971; x_wconf 88' lang='lat' dir='ltr'>contentione</span> <span class='ocrx_word' id='word_1_232' title='bbox 1307 1928 1457 1970; x_wconf 87' lang='lat' dir='ltr'>abesse.</span> <span class='ocrx_word' id='word_1_233' title='bbox 1495 1930 1535 1968; x_wconf 81' lang='lat'>2.</span> <span class='ocrx_word' id='word_1_234' title='bbox 1570 1927 1703 1977; x_wconf 85' lang='lat' dir='ltr'>Dices,</span> <span class='ocrx_word' id='word_1_235' title='bbox 1746 1926 1850 1977; x_wconf 67' lang='lat' dir='ltr'>,subi</span> 
     </span>
     <span class='ocr_line' id='line_1_27' title="bbox 84 1999 1850 2058; baseline -0.002 -14"><span class='ocrx_word' id='word_1_236' title='bbox 84 2017 177 2057; x_wconf 86' lang='lat' dir='ltr'>ergo</span> <span class='ocrx_word' id='word_1_237' title='bbox 219 2006 316 2044; x_wconf 87' lang='lat' dir='ltr'>tuus</span> <span class='ocrx_word' id='word_1_238' title='bbox 362 2003 428 2044; x_wconf 82' lang='grc'><strong>1110</strong></span> <span class='ocrx_word' id='word_1_239' title='bbox 474 2003 646 2054; x_wconf 88' lang='lat' dir='ltr'>animus,</span> <span class='ocrx_word' id='word_1_240' title='bbox 692 2018 826 2058; x_wconf 84' lang='lat' dir='ltr'>quem.</span> <span class='ocrx_word' id='word_1_241' title='bbox 852 2003 1042 2058; x_wconf 82' lang='lat' dir='ltr'>proximis</span> <span class='ocrx_word' id='word_1_242' title='bbox 1074 2003 1202 2044; x_wconf 87' lang='lat' dir='ltr'>literis</span> <span class='ocrx_word' id='word_1_243' title='bbox 1213 2002 1261 2044; x_wconf 77' lang='lat'>?”</span> <span class='ocrx_word' id='word_1_244' title='bbox 1296 2001 1423 2043; x_wconf 84' lang='lat' dir='ltr'>Adest</span> <span class='ocrx_word' id='word_1_245' title='bbox 1455 2005 1496 2042; x_wconf 90' lang='lat' dir='ltr'>et</span> <span class='ocrx_word' id='word_1_246' title='bbox 1526 2000 1632 2042; x_wconf 88' lang='lat' dir='ltr'>idem</span> <span class='ocrx_word' id='word_1_247' title='bbox 1665 2006 1738 2041; x_wconf 87' lang='lat' dir='ltr'>est.</span> <span class='ocrx_word' id='word_1_248' title='bbox 1774 1999 1850 2040; x_wconf 87' lang='lat' dir='ltr'>Sed</span> 
     </span>
     <span class='ocr_line' id='line_1_28' title="bbox 84 2072 1849 2132; baseline -0.003 -14"><span class='ocrx_word' id='word_1_249' title='bbox 84 2076 240 2118; x_wconf 90' lang='lat' dir='ltr'>utinam</span> <span class='ocrx_word' id='word_1_250' title='bbox 286 2091 374 2118; x_wconf 88' lang='lat' dir='ltr'>meo</span> <span class='ocrx_word' id='word_1_251' title='bbox 419 2076 547 2118; x_wconf 88' lang='lat' dir='ltr'>solum</span> <span class='ocrx_word' id='word_1_252' title='bbox 588 2077 718 2132; x_wconf 89' lang='lat' dir='ltr'>capite</span> <span class='ocrx_word' id='word_1_253' title='bbox 759 2076 1034 2118; x_wconf 85' lang='lat' dir='ltr'>decernerem!</span> <span class='ocrx_word' id='word_1_254' title='bbox 1081 2076 1287 2118; x_wconf 86' lang='lat' dir='ltr'>Lacrimae</span> <span class='ocrx_word' id='word_1_255' title='bbox 1332 2088 1508 2116; x_wconf 88' lang='lat' dir='ltr'>meorum</span> <span class='ocrx_word' id='word_1_256' title='bbox 1554 2089 1615 2115; x_wconf 87' lang='lat' dir='ltr'>mc</span> <span class='ocrx_word' id='word_1_257' title='bbox 1648 2072 1849 2114; x_wconf 87' lang='lat' dir='ltr'>interdum</span> 
     </span>
    </p>
   </div>
   <div class='ocr_carea' id='block_1_14' title="bbox 125 2239 1328 2280">
    <p class='ocr_par' dir='ltr' id='par_1_14' title="bbox 125 2239 1328 2280">
     <span class='ocr_line' id='line_1_29' title="bbox 125 2239 1328 2280; baseline 0 -10"><span class='ocrx_word' id='word_1_258' title='bbox 125 2240 146 2270; x_wconf 87' lang='lat'>4</span> <span class='ocrx_word' id='word_1_259' title='bbox 168 2239 370 2280; x_wconf 74' lang='lat' dir='ltr'>repressisset</span> <span class='ocrx_word' id='word_1_260' title='bbox 394 2258 433 2263; x_wconf 92' lang='lat'>——</span> <span class='ocrx_word' id='word_1_261' title='bbox 456 2241 565 2272; x_wconf 81' lang='lat' dir='ltr'>volare</span> <span class='ocrx_word' id='word_1_262' title='bbox 587 2241 707 2272; x_wconf 79' lang='lat' dir='ltr'>dicitur</span> <span class='ocrx_word' id='word_1_263' title='bbox 730 2260 779 2279; x_wconf 81' lang='lat'>—,</span> <span class='ocrx_word' id='word_1_264' title='bbox 802 2240 956 2278; x_wconf 74' lang='lat' dir='ltr'>Petreius,</span> <span class='ocrx_word' id='word_1_265' title='bbox 980 2259 1020 2264; x_wconf 86' lang='lat'>—</span> <span class='ocrx_word' id='word_1_266' title='bbox 1043 2239 1257 2272; x_wconf 69' lang='lat' dir='ltr'>coniunxisset</span> <span class='ocrx_word' id='word_1_267' title='bbox 1279 2249 1328 2270; x_wconf 90' lang='lat' dir='ltr'>se.-</span> 
     </span>
    </p>
   </div>
   <div class='ocr_carea' id='block_1_15' title="bbox 84 2395 1852 2599">
    <p class='ocr_par' dir='ltr' id='par_1_15' title="bbox 84 2395 1852 2599">
     <span class='ocr_line' id='line_1_30' title="bbox 126 2395 1852 2438; baseline -0.002 -10"><span class='ocrx_word' id='word_1_268' title='bbox 126 2397 144 2436; x_wconf 78' lang='lat'>§</span> <span class='ocrx_word' id='word_1_269' title='bbox 168 2398 198 2429; x_wconf 85' lang='lat'>1.</span> <span class='ocrx_word' id='word_1_270' title='bbox 222 2396 384 2428; x_wconf 73' lang='lat' dir='ltr'>Adventus</span> <span class='ocrx_word' id='word_1_271' title='bbox 398 2396 458 2428; x_wconf 86' lang='lat' dir='ltr'>Plz.</span> <span class='ocrx_word' id='word_1_272' title='bbox 472 2398 665 2430; x_wconf 62' lang='lat' dir='ltr'>exanimavit</span> <span class='ocrx_word' id='word_1_273' title='bbox 681 2409 795 2430; x_wconf 78' lang='lat' dir='ltr'>omnes.</span> <span class='ocrx_word' id='word_1_274' title='bbox 821 2413 835 2425; x_wconf 76' lang='lat' dir='ltr'><em>n</em></span> <span class='ocrx_word' id='word_1_275' title='bbox 846 2398 944 2437; x_wconf 81' lang='lat' dir='ltr'>Quia,</span> <span class='ocrx_word' id='word_1_276' title='bbox 994 2399 1150 2430; x_wconf 85' lang='lat' dir='ltr'>dubitans</span> <span class='ocrx_word' id='word_1_277' title='bbox 1173 2404 1283 2429; x_wconf 82' lang='lat' dir='ltr'>utrum</span> <span class='ocrx_word' id='word_1_278' title='bbox 1307 2407 1398 2438; x_wconf 85' lang='lat' dir='ltr'>pron.</span> <span class='ocrx_word' id='word_1_279' title='bbox 1428 2407 1461 2427; x_wconf 88' lang='lat' dir='ltr'>se</span> <span class='ocrx_word' id='word_1_280' title='bbox 1484 2398 1517 2427; x_wconf 88' lang='lat' dir='ltr'>in</span> <span class='ocrx_word' id='word_1_281' title='bbox 1539 2398 1614 2434; x_wconf 85' lang='lat' dir='ltr'>fine,</span> <span class='ocrx_word' id='word_1_282' title='bbox 1639 2406 1680 2427; x_wconf 88' lang='lat' dir='ltr'>an</span> <span class='ocrx_word' id='word_1_283' title='bbox 1705 2402 1774 2436; x_wconf 80' lang='lat' dir='ltr'>post</span> <span class='ocrx_word' id='word_1_284' title='bbox 1802 2395 1852 2425; x_wconf 79' lang='lat' dir='ltr'>Pe·</span> 
     </span>
     <span class='ocr_line' id='line_1_31' title="bbox 85 2439 1590 2515; baseline -0.002 -33"><span class='ocrx_word' id='word_1_285' title='bbox 85 2460 190 2492; x_wconf 89' lang='lat' dir='ltr'>quum</span> <span class='ocrx_word' id='word_1_286' title='bbox 210 2461 270 2492; x_wconf 87' lang='lat' dir='ltr'>pro</span> <span class='ocrx_word' id='word_1_287' title='bbox 292 2456 381 2483; x_wconf 83' lang='lat' dir='ltr'>certo</span> <span class='ocrx_word' id='word_1_288' title='bbox 403 2451 598 2483; x_wconf 84' lang='lat' dir='ltr'>haberemus</span> <span class='ocrx_word' id='word_1_289' title='bbox 622 2451 795 2484; x_wconf 85' lang='lat' dir='ltr'>Caesarem</span> <span class='ocrx_word' id='word_1_290' title='bbox 819 2453 852 2483; x_wconf 93' lang='lat' dir='ltr'>in</span> <span class='ocrx_word' id='word_1_291' title='bbox 868 2452 944 2483; x_wconf 90' lang='lat' dir='ltr'>His·</span> <span class='ocrx_word' id='word_1_292' title='bbox 967 2439 971 2515; x_wconf 55' lang='lat' dir='ltr'>f</span> <span class='ocrx_word' id='word_1_293' title='bbox 994 2451 1094 2482; x_wconf 69' lang='lat' dir='ltr'>treta-5</span> <span class='ocrx_word' id='word_1_294' title='bbox 1120 2451 1282 2483; x_wconf 87' lang='lat' dir='ltr'>excidisse</span> <span class='ocrx_word' id='word_1_295' title='bbox 1304 2451 1348 2482; x_wconf 85' lang='lat' dir='ltr'>sit</span> <span class='ocrx_word' id='word_1_296' title='bbox 1369 2450 1590 2481; x_wconf 78' lang='lat' dir='ltr'>statuendum.</span> 
     </span>
     <span class='ocr_line' id='line_1_32' title="bbox 84 2501 1851 2544; baseline -0.003 -10"><span class='ocrx_word' id='word_1_297' title='bbox 84 2503 219 2544; x_wconf 87' lang='lat' dir='ltr'>paniam</span> <span class='ocrx_word' id='word_1_298' title='bbox 239 2503 501 2544; x_wconf 86' lang='lat' dir='ltr'>proficiscentem</span> <span class='ocrx_word' id='word_1_299' title='bbox 536 2504 655 2536; x_wconf 83' lang='lat' dir='ltr'>itinera</span> <span class='ocrx_word' id='word_1_300' title='bbox 684 2505 809 2536; x_wconf 83' lang='lat' dir='ltr'>tardius</span> <span class='ocrx_word' id='word_1_301' title='bbox 838 2505 943 2536; x_wconf 85' lang='lat' dir='ltr'>facere</span> <span class='ocrx_word' id='word_1_302' title='bbox 967 2520 969 2528; x_wconf 49' lang='grc' dir='ltr'><strong><em>ι</em></strong></span> <span class='ocrx_word' id='word_1_303' title='bbox 1035 2503 1076 2534; x_wconf 83' lang='lat' dir='ltr'>In</span> <span class='ocrx_word' id='word_1_304' title='bbox 1102 2503 1311 2535; x_wconf 80' lang='lat' dir='ltr'>Germaniam.</span> <span class='ocrx_word' id='word_1_305' title='bbox 1334 2504 1447 2535; x_wconf 83' lang='lat' dir='ltr'>Antea</span> <span class='ocrx_word' id='word_1_306' title='bbox 1469 2503 1638 2543; x_wconf 84' lang='lat' dir='ltr'>scripserat</span> <span class='ocrx_word' id='word_1_307' title='bbox 1653 2502 1684 2531; x_wconf 80' lang='lat' dir='ltr'>in</span> <span class='ocrx_word' id='word_1_308' title='bbox 1704 2501 1851 2537; x_wconf 77' lang='lat' dir='ltr'>Galliam,</span> 
     </span>
     <span class='ocr_line' id='line_1_33' title="bbox 87 2532 1194 2599; baseline -0.002 -11"><span class='ocrx_word' id='word_1_309' title='bbox 87 2557 243 2598; x_wconf 81' lang='lat' dir='ltr'>coepisse,</span> <span class='ocrx_word' id='word_1_310' title='bbox 265 2556 435 2588; x_wconf 85' lang='lat' dir='ltr'>Petreium</span> <span class='ocrx_word' id='word_1_311' title='bbox 458 2567 533 2588; x_wconf 88' lang='lat' dir='ltr'>cum</span> <span class='ocrx_word' id='word_1_312' title='bbox 556 2557 699 2590; x_wconf 82' lang='lat' dir='ltr'>Afranio</span> <span class='ocrx_word' id='word_1_313' title='bbox 728 2558 838 2599; x_wconf 87' lang='lat' dir='ltr'>copias</span> <span class='ocrx_word' id='word_1_314' title='bbox 871 2569 945 2590; x_wconf 87' lang='lat' dir='ltr'>con-</span> <span class='ocrx_word' id='word_1_315' title='bbox 966 2532 969 2578; x_wconf 70' lang='lat' dir='ltr'>l</span> <span class='ocrx_word' id='word_1_316' title='bbox 993 2566 1033 2598; x_wconf 88' lang='lat' dir='ltr'>ep</span> <span class='ocrx_word' id='word_1_317' title='bbox 1067 2557 1086 2586; x_wconf 90' lang='lat'><strong>6</strong></span> <span class='ocrx_word' id='word_1_318' title='bbox 1109 2561 1194 2588; x_wconf 84' lang='lat' dir='ltr'>extr.</span> 
     </span>
    </p>
   </div>
   <div class='ocr_carea' id='block_1_16' title="bbox 1874 1872 1904 1898">
    <p class='ocr_par' dir='ltr' id='par_1_16' title="bbox 1874 1872 1904 1898">
     <span class='ocr_line' id='line_1_34' title="bbox 1874 1872 1904 1898; baseline -0.067 0"><span class='ocrx_word' id='word_1_319' title='bbox 1874 1872 1904 1898; x_wconf 91' lang='lat'>10</span> 
     </span>
    </p>
   </div>
   <div class='ocr_carea' id='block_1_17' title="bbox 87 2604 1879 2652">
    <p class='ocr_par' dir='ltr' id='par_1_17' title="bbox 87 2604 1879 2652">
     <span class='ocr_line' id='line_1_35' title="bbox 87 2604 1879 2652; baseline -0.003 -11"><span class='ocrx_word' id='word_1_320' title='bbox 87 2610 245 2647; x_wconf 87' lang='lat' dir='ltr'>iunxisse,</span> <span class='ocrx_word' id='word_1_321' title='bbox 268 2610 338 2651; x_wconf 85' lang='lat' dir='ltr'>ipse</span> <span class='ocrx_word' id='word_1_322' title='bbox 360 2610 445 2641; x_wconf 84' lang='lat' dir='ltr'>nihil</span> <span class='ocrx_word' id='word_1_323' title='bbox 469 2611 579 2642; x_wconf 82' lang='lat' dir='ltr'>attulit</span> <span class='ocrx_word' id='word_1_324' title='bbox 600 2611 779 2648; x_wconf 80' lang='lat' dir='ltr'>eiusmodi3</span> <span class='ocrx_word' id='word_1_325' title='bbox 803 2612 894 2652; x_wconf 89' lang='lat' dir='ltr'>quod</span> <span class='ocrx_word' id='word_1_326' title='bbox 906 2621 945 2643; x_wconf 86' lang='lat' dir='ltr'>eo</span> <span class='ocrx_word' id='word_1_327' title='bbox 966 2604 969 2644; x_wconf 76' lang='grc' dir='ltr'><em>Ξ</em></span> <span class='ocrx_word' id='word_1_328' title='bbox 1033 2609 1112 2640; x_wconf 77' lang='lat' dir='ltr'>Dum</span> <span class='ocrx_word' id='word_1_329' title='bbox 1135 2608 1211 2651; x_wconf 77' lang='lat' dir='ltr'>quid</span> <span class='ocrx_word' id='word_1_330' title='bbox 1231 2608 1265 2639; x_wconf 76' lang='lat' dir='ltr'>in</span> <span class='ocrx_word' id='word_1_331' title='bbox 1288 2608 1457 2649; x_wconf 76' lang='lat' dir='ltr'>Hispania.</span> <span class='ocrx_word' id='word_1_332' title='bbox 1483 2607 1635 2648; x_wconf 79' lang='lat' dir='ltr'>Elliptica</span> <span class='ocrx_word' id='word_1_333' title='bbox 1657 2607 1777 2638; x_wconf 77' lang='lat' dir='ltr'>locutio</span> <span class='ocrx_word' id='word_1_334' title='bbox 1807 2606 1850 2635; x_wconf 64' lang='lat' dir='ltr'>sic</span> <span class='ocrx_word' id='word_1_335' title='bbox 1874 2616 1879 2620; x_wconf 93' lang='lat'>·</span> 
     </span>
    </p>
   </div>
   <div class='ocr_carea' id='block_1_18' title="bbox 85 2647 1854 3182">
    <p class='ocr_par' dir='ltr' id='par_1_18' title="bbox 85 2647 1851 2758">
     <span class='ocr_line' id='line_1_36' title="bbox 85 2647 1851 2731; baseline -0.003 -37"><span class='ocrx_word' id='word_1_336' title='bbox 85 2664 286 2695; x_wconf 89' lang='lat' dir='ltr'>credendum</span> <span class='ocrx_word' id='word_1_337' title='bbox 317 2663 434 2704; x_wconf 84' lang='lat' dir='ltr'>magis,</span> <span class='ocrx_word' id='word_1_338' title='bbox 472 2663 549 2704; x_wconf 87' lang='lat' dir='ltr'>quia</span> <span class='ocrx_word' id='word_1_339' title='bbox 578 2664 700 2695; x_wconf 81' lang='lat' dir='ltr'>scimus</span> <span class='ocrx_word' id='word_1_340' title='bbox 729 2674 805 2696; x_wconf 90' lang='lat' dir='ltr'>eum</span> <span class='ocrx_word' id='word_1_341' title='bbox 839 2665 945 2696; x_wconf 90' lang='lat' dir='ltr'>solere</span> <span class='ocrx_word' id='word_1_342' title='bbox 966 2647 970 2731; x_wconf 61' lang='grc'>1</span> <span class='ocrx_word' id='word_1_343' title='bbox 991 2664 1157 2705; x_wconf 83' lang='lat' dir='ltr'>explenda</span> <span class='ocrx_word' id='word_1_344' title='bbox 1177 2663 1251 2695; x_wconf 81' lang='lat' dir='ltr'>dum</span> <span class='ocrx_word' id='word_1_345' title='bbox 1266 2663 1410 2700; x_wconf 74' lang='lat' dir='ltr'>sciamus,</span> <span class='ocrx_word' id='word_1_346' title='bbox 1423 2662 1498 2704; x_wconf 83' lang='lat' dir='ltr'>quid</span> <span class='ocrx_word' id='word_1_347' title='bbox 1508 2662 1542 2692; x_wconf 81' lang='lat' dir='ltr'>in</span> <span class='ocrx_word' id='word_1_348' title='bbox 1557 2661 1713 2702; x_wconf 79' lang='lat' dir='ltr'>Hispania</span> <span class='ocrx_word' id='word_1_349' title='bbox 1725 2663 1851 2701; x_wconf 61' lang='lat' dir='ltr'>affatur.</span> 
     </span>
     <span class='ocr_line' id='line_1_37' title="bbox 87 2714 1851 2758; baseline -0.003 -11"><span class='ocrx_word' id='word_1_350' title='bbox 87 2725 146 2756; x_wconf 87' lang='lat' dir='ltr'>pro</span> <span class='ocrx_word' id='word_1_351' title='bbox 167 2715 330 2757; x_wconf 89' lang='lat' dir='ltr'>Pompeio</span> <span class='ocrx_word' id='word_1_352' title='bbox 351 2715 518 2746; x_wconf 84' lang='lat' dir='ltr'>mentiri.&#39;&#39;</span> <span class='ocrx_word' id='word_1_353' title='bbox 539 2716 632 2747; x_wconf 81' lang='lat' dir='ltr'>Man.</span> <span class='ocrx_word' id='word_1_354' title='bbox 1032 2718 1052 2758; x_wconf 66' lang='grc' dir='ltr'><strong>ξ</strong></span> <span class='ocrx_word' id='word_1_355' title='bbox 1074 2717 1105 2748; x_wconf 77' lang='lat'>2.</span> <span class='ocrx_word' id='word_1_356' title='bbox 1133 2716 1256 2748; x_wconf 82' lang='lat' dir='ltr'>Utinam</span> <span class='ocrx_word' id='word_1_357' title='bbox 1280 2726 1345 2747; x_wconf 87' lang='lat' dir='ltr'>meo</span> <span class='ocrx_word' id='word_1_358' title='bbox 1380 2716 1478 2747; x_wconf 83' lang='lat' dir='ltr'>solum</span> <span class='ocrx_word' id='word_1_359' title='bbox 1511 2715 1613 2756; x_wconf 82' lang='lat' dir='ltr'>capite</span> <span class='ocrx_word' id='word_1_360' title='bbox 1649 2714 1851 2745; x_wconf 85' lang='lat' dir='ltr'>deeernerem.</span> 
     </span>
    </p>

    <p class='ocr_par' dir='ltr' id='par_1_19' title="bbox 89 2766 1853 2867">
     <span class='ocr_line' id='line_1_38' title="bbox 129 2766 1852 2809; baseline -0.002 -11"><span class='ocrx_word' id='word_1_361' title='bbox 129 2768 254 2799; x_wconf 80' lang='lat' dir='ltr'>Itinera</span> <span class='ocrx_word' id='word_1_362' title='bbox 283 2767 485 2809; x_wconf 69' lang='lat' dir='ltr'>repressisset</span> <span class='ocrx_word' id='word_1_363' title='bbox 507 2778 541 2799; x_wconf 74' lang='grc' dir='ltr'>οι</span> <span class='ocrx_word' id='word_1_364' title='bbox 576 2770 781 2807; x_wconf 82' lang='lat' dir='ltr'>retardasset,</span> <span class='ocrx_word' id='word_1_365' title='bbox 816 2770 945 2801; x_wconf 88' lang='lat' dir='ltr'>minore</span> <span class='ocrx_word' id='word_1_366' title='bbox 967 2766 969 2806; x_wconf 60' lang='grc' dir='ltr'>ἶ</span> <span class='ocrx_word' id='word_1_367' title='bbox 991 2771 1099 2802; x_wconf 90' lang='lat' dir='ltr'>Nemo</span> <span class='ocrx_word' id='word_1_368' title='bbox 1122 2770 1286 2801; x_wconf 87' lang='lat' dir='ltr'>editorum</span> <span class='ocrx_word' id='word_1_369' title='bbox 1308 2769 1389 2800; x_wconf 86' lang='lat' dir='ltr'>haec</span> <span class='ocrx_word' id='word_1_370' title='bbox 1411 2768 1512 2800; x_wconf 84' lang='lat' dir='ltr'>verba</span> <span class='ocrx_word' id='word_1_371' title='bbox 1526 2768 1635 2807; x_wconf 80' lang='lat' dir='ltr'>attigit</span> <span class='ocrx_word' id='word_1_372' title='bbox 1655 2766 1852 2806; x_wconf 74' lang='lat' dir='ltr'>fueruntque</span> 
     </span>
     <span class='ocr_line' id='line_1_39' title="bbox 89 2814 1853 2867; baseline -0.001 -15"><span class='ocrx_word' id='word_1_373' title='bbox 89 2820 256 2852; x_wconf 84' lang='lat' dir='ltr'>celeritate</span> <span class='ocrx_word' id='word_1_374' title='bbox 276 2824 424 2852; x_wconf 82' lang='lat' dir='ltr'>uteretur</span> <span class='ocrx_word' id='word_1_375' title='bbox 444 2821 478 2851; x_wconf 88' lang='lat' dir='ltr'>in</span> <span class='ocrx_word' id='word_1_376' title='bbox 501 2821 676 2852; x_wconf 83' lang='lat' dir='ltr'>itineribus</span> <span class='ocrx_word' id='word_1_377' title='bbox 697 2821 870 2853; x_wconf 87' lang='lat' dir='ltr'>faciundis.</span> <span class='ocrx_word' id='word_1_378' title='bbox 967 2814 970 2867; x_wconf 65' lang='lat' dir='ltr'>l</span> <span class='ocrx_word' id='word_1_379' title='bbox 992 2825 1090 2856; x_wconf 85' lang='lat' dir='ltr'>credo</span> <span class='ocrx_word' id='word_1_380' title='bbox 1114 2824 1148 2854; x_wconf 91' lang='lat' dir='ltr'>in</span> <span class='ocrx_word' id='word_1_381' title='bbox 1172 2833 1211 2855; x_wconf 86' lang='lat' dir='ltr'>ea</span> <span class='ocrx_word' id='word_1_382' title='bbox 1232 2823 1390 2864; x_wconf 81' lang='lat' dir='ltr'>opinione</span> <span class='ocrx_word' id='word_1_383' title='bbox 1413 2823 1475 2853; x_wconf 89' lang='lat' dir='ltr'>hoc</span> <span class='ocrx_word' id='word_1_384' title='bbox 1508 2823 1588 2853; x_wconf 85' lang='lat' dir='ltr'>dici:</span> <span class='ocrx_word' id='word_1_385' title='bbox 1624 2821 1749 2852; x_wconf 87' lang='lat' dir='ltr'>utinam</span> <span class='ocrx_word' id='word_1_386' title='bbox 1782 2829 1853 2850; x_wconf 83' lang='lat' dir='ltr'>mea</span> 
     </span>
    </p>

    <p class='ocr_par' dir='ltr' id='par_1_20' title="bbox 87 2868 1854 3182">
     <span class='ocr_line' id='line_1_40' title="bbox 129 2868 1854 2916; baseline -0.003 -7"><span class='ocrx_word' id='word_1_387' title='bbox 129 2873 288 2915; x_wconf 66' lang='lat' dir='ltr'>(Dicitur)</span> <span class='ocrx_word' id='word_1_388' title='bbox 312 2873 347 2903; x_wconf 89' lang='grc' dir='ltr'>Ρ-</span> <span class='ocrx_word' id='word_1_389' title='bbox 372 2883 438 2904; x_wconf 74' lang='lat' dir='ltr'>cum</span> <span class='ocrx_word' id='word_1_390' title='bbox 456 2873 708 2905; x_wconf 65' lang='lat' dir='ltr'>A-Coniuntiawe</span> <span class='ocrx_word' id='word_1_391' title='bbox 725 2875 799 2916; x_wconf 70' lang='lat' dir='ltr'>(se).</span> <span class='ocrx_word' id='word_1_392' title='bbox 822 2874 946 2908; x_wconf 85' lang='lat' dir='ltr'>Omnes</span> <span class='ocrx_word' id='word_1_393' title='bbox 967 2868 970 2904; x_wconf 76' lang='lat' dir='ltr'>l</span> <span class='ocrx_word' id='word_1_394' title='bbox 992 2878 1063 2910; x_wconf 87' lang='lat' dir='ltr'>sola</span> <span class='ocrx_word' id='word_1_395' title='bbox 1085 2878 1153 2909; x_wconf 88' lang='lat' dir='ltr'>vita</span> <span class='ocrx_word' id='word_1_396' title='bbox 1175 2878 1210 2908; x_wconf 92' lang='lat' dir='ltr'>in</span> <span class='ocrx_word' id='word_1_397' title='bbox 1233 2877 1423 2909; x_wconf 85' lang='lat' dir='ltr'>discrimine</span> <span class='ocrx_word' id='word_1_398' title='bbox 1447 2882 1540 2913; x_wconf 86' lang='lat' dir='ltr'>esset,</span> <span class='ocrx_word' id='word_1_399' title='bbox 1565 2881 1599 2907; x_wconf 89' lang='lat' dir='ltr'>ut</span> <span class='ocrx_word' id='word_1_400' title='bbox 1621 2876 1648 2906; x_wconf 95' lang='grc' dir='ltr'>Ι.</span> <span class='ocrx_word' id='word_1_401' title='bbox 1671 2874 1708 2905; x_wconf 89' lang='lat' dir='ltr'>F.</span> <span class='ocrx_word' id='word_1_402' title='bbox 1730 2874 1854 2904; x_wconf 82' lang='lat' dir='ltr'>Grono-</span> 
     </span>
     <span class='ocr_line' id='line_1_41' title="bbox 87 2925 1852 2969; baseline -0.001 -11"><span class='ocrx_word' id='word_1_403' title='bbox 87 2930 161 2966; x_wconf 83' lang='lat' dir='ltr'>post</span> <span class='ocrx_word' id='word_1_404' title='bbox 193 2925 332 2957; x_wconf 86' lang='lat' dir='ltr'>Bosium</span> <span class='ocrx_word' id='word_1_405' title='bbox 364 2926 566 2966; x_wconf 83' lang='lat' dir='ltr'>scripserunt</span> <span class='ocrx_word' id='word_1_406' title='bbox 597 2926 820 2965; x_wconf 66' lang='lat' dir='ltr'>coniunxisset,</span> <span class='ocrx_word' id='word_1_407' title='bbox 852 2928 947 2968; x_wconf 84' lang='lat' dir='ltr'>quasi</span> <span class='ocrx_word' id='word_1_408' title='bbox 993 2931 1066 2962; x_wconf 81' lang='lat' dir='ltr'>vius</span> <span class='ocrx_word' id='word_1_409' title='bbox 1090 2931 1123 2962; x_wconf 90' lang='lat' dir='ltr'>in</span> <span class='ocrx_word' id='word_1_410' title='bbox 1147 2931 1270 2962; x_wconf 83' lang='lat' dir='ltr'>adnott.</span> <span class='ocrx_word' id='word_1_411' title='bbox 1294 2930 1386 2967; x_wconf 89' lang='lat' dir='ltr'>Mss.,</span> <span class='ocrx_word' id='word_1_412' title='bbox 1417 2929 1623 2969; x_wconf 83' lang='lat' dir='ltr'>Mongaltius</span> <span class='ocrx_word' id='word_1_413' title='bbox 1655 2933 1686 2958; x_wconf 85' lang='lat' dir='ltr'>et</span> <span class='ocrx_word' id='word_1_414' title='bbox 1707 2926 1852 2957; x_wconf 86' lang='lat' dir='ltr'>Wielan-</span> 
     </span>
     <span class='ocr_line' id='line_1_42' title="bbox 87 2977 1851 3023; baseline 0 -15"><span class='ocrx_word' id='word_1_415' title='bbox 87 2977 168 3009; x_wconf 86' lang='lat' dir='ltr'>haee</span> <span class='ocrx_word' id='word_1_416' title='bbox 191 2978 291 3010; x_wconf 81' lang='lat' dir='ltr'>verba</span> <span class='ocrx_word' id='word_1_417' title='bbox 312 2978 354 3008; x_wconf 86' lang='lat' dir='ltr'>ab</span> <span class='ocrx_word' id='word_1_418' title='bbox 383 2978 450 3008; x_wconf 86' lang='lat' dir='ltr'>illis</span> <span class='ocrx_word' id='word_1_419' title='bbox 478 2977 642 3009; x_wconf 74' lang='lat' dir='ltr'>dubitabat</span> <span class='ocrx_word' id='word_1_420' title='bbox 678 2982 817 3011; x_wconf 81' lang='lat' dir='ltr'>nostrum</span> <span class='ocrx_word' id='word_1_421' title='bbox 850 2990 946 3018; x_wconf 78' lang='lat' dir='ltr'>nemo,</span> <span class='ocrx_word' id='word_1_422' title='bbox 993 2983 1055 3014; x_wconf 81' lang='lat' dir='ltr'>dus</span> <span class='ocrx_word' id='word_1_423' title='bbox 1084 2982 1288 3023; x_wconf 73' lang='lat' dir='ltr'>interpretati</span> <span class='ocrx_word' id='word_1_424' title='bbox 1317 2987 1403 3013; x_wconf 82' lang='lat' dir='ltr'>sunt.</span> <span class='ocrx_word' id='word_1_425' title='bbox 1435 2980 1500 3013; x_wconf 74' lang='lat' dir='ltr'>Sed</span> <span class='ocrx_word' id='word_1_426' title='bbox 1531 2987 1567 3011; x_wconf 84' lang='lat' dir='ltr'>ut</span> <span class='ocrx_word' id='word_1_427' title='bbox 1599 2979 1718 3010; x_wconf 82' lang='lat' dir='ltr'>dicitur</span> <span class='ocrx_word' id='word_1_428' title='bbox 1747 2977 1851 3013; x_wconf 84' lang='lat' dir='ltr'>armis,</span> 
     </span>
     <span class='ocr_line' id='line_1_43' title="bbox 87 3030 1851 3077; baseline -0.001 -15"><span class='ocrx_word' id='word_1_429' title='bbox 87 3030 160 3073; x_wconf 82' lang='lat' dir='ltr'>quin</span> <span class='ocrx_word' id='word_1_430' title='bbox 182 3032 326 3073; x_wconf 80' lang='lat' dir='ltr'>pendere</span> <span class='ocrx_word' id='word_1_431' title='bbox 347 3036 490 3073; x_wconf 83' lang='lat' dir='ltr'>possent.</span> <span class='ocrx_word' id='word_1_432' title='bbox 513 3033 562 3064; x_wconf 84' lang='lat' dir='ltr'>At</span> <span class='ocrx_word' id='word_1_433' title='bbox 585 3033 784 3075; x_wconf 86' lang='lat' dir='ltr'>interpositis</span> <span class='ocrx_word' id='word_1_434' title='bbox 807 3033 875 3065; x_wconf 84' lang='lat' dir='ltr'>illis</span> <span class='ocrx_word' id='word_1_435' title='bbox 897 3043 947 3064; x_wconf 82' lang='lat' dir='ltr'>vo·</span> <span class='ocrx_word' id='word_1_436' title='bbox 989 3036 1096 3077; x_wconf 76' lang='lat' dir='ltr'>firro,</span> <span class='ocrx_word' id='word_1_437' title='bbox 1121 3036 1260 3076; x_wconf 87' lang='lat' dir='ltr'>aliisque</span> <span class='ocrx_word' id='word_1_438' title='bbox 1283 3035 1380 3066; x_wconf 87' lang='lat' dir='ltr'>rebus</span> <span class='ocrx_word' id='word_1_439' title='bbox 1402 3043 1486 3075; x_wconf 85' lang='lat' dir='ltr'>quae</span> <span class='ocrx_word' id='word_1_440' title='bbox 1509 3032 1715 3064; x_wconf 78' lang='lat' dir='ltr'>insti-umenti</span> <span class='ocrx_word' id='word_1_441' title='bbox 1748 3031 1851 3062; x_wconf 81' lang='lat' dir='ltr'>vicem</span> 
     </span>
     <span class='ocr_line' id='line_1_44' title="bbox 87 3083 1852 3127; baseline -0.001 -13"><span class='ocrx_word' id='word_1_442' title='bbox 87 3083 157 3115; x_wconf 79' lang='lat' dir='ltr'>lare</span> <span class='ocrx_word' id='word_1_443' title='bbox 177 3083 295 3115; x_wconf 80' lang='lat' dir='ltr'>dicitur</span> <span class='ocrx_word' id='word_1_444' title='bbox 318 3089 408 3115; x_wconf 85' lang='lat' dir='ltr'>recte</span> <span class='ocrx_word' id='word_1_445' title='bbox 429 3085 501 3115; x_wconf 85' lang='lat' dir='ltr'>fieri</span> <span class='ocrx_word' id='word_1_446' title='bbox 524 3094 610 3126; x_wconf 84' lang='lat' dir='ltr'>nego</span> <span class='ocrx_word' id='word_1_447' title='bbox 644 3086 752 3117; x_wconf 86' lang='lat' dir='ltr'>Malui</span> <span class='ocrx_word' id='word_1_448' title='bbox 775 3086 947 3126; x_wconf 81' lang='lat' dir='ltr'>geminare</span> <span class='ocrx_word' id='word_1_449' title='bbox 995 3090 1156 3126; x_wconf 80' lang='lat' dir='ltr'>obtinent,</span> <span class='ocrx_word' id='word_1_450' title='bbox 1179 3088 1358 3127; x_wconf 79' lang='lat' dir='ltr'>decernere,</span> <span class='ocrx_word' id='word_1_451' title='bbox 1382 3088 1428 3119; x_wconf 84' lang='lat' dir='ltr'>sic</span> <span class='ocrx_word' id='word_1_452' title='bbox 1451 3087 1603 3118; x_wconf 84' lang='lat' dir='ltr'>dicebant</span> <span class='ocrx_word' id='word_1_453' title='bbox 1625 3085 1793 3116; x_wconf 82' lang='lat' dir='ltr'>decernere</span> <span class='ocrx_word' id='word_1_454' title='bbox 1815 3084 1852 3113; x_wconf 79' lang='lat' dir='ltr'>de</span> 
     </span>
     <span class='ocr_line' id='line_1_45' title="bbox 87 3133 1851 3182; baseline 0.001 -17"><span class='ocrx_word' id='word_1_455' title='bbox 87 3144 117 3167; x_wconf 89' lang='lat' dir='ltr'>v.</span> <span class='ocrx_word' id='word_1_456' title='bbox 140 3134 267 3174; x_wconf 79' lang='lat' dir='ltr'>dicitur,</span> <span class='ocrx_word' id='word_1_457' title='bbox 285 3136 478 3182; x_wconf 85' lang='lat' dir='ltr'>retineoque</span> <span class='ocrx_word' id='word_1_458' title='bbox 496 3145 513 3167; x_wconf 88' lang='grc'>0</span> <span class='ocrx_word' id='word_1_459' title='bbox 526 3137 618 3168; x_wconf 79' lang='lat' dir='ltr'>codd.</span> <span class='ocrx_word' id='word_1_460' title='bbox 637 3138 723 3170; x_wconf 87' lang='lat' dir='ltr'>notis</span> <span class='ocrx_word' id='word_1_461' title='bbox 737 3137 946 3177; x_wconf 70' lang='lat' dir='ltr'>coniunxisse,</span> <span class='ocrx_word' id='word_1_462' title='bbox 969 3133 972 3179; x_wconf 62' lang='lat' dir='ltr'>i</span> <span class='ocrx_word' id='word_1_463' title='bbox 996 3142 1073 3179; x_wconf 79' lang='lat' dir='ltr'>vita,</span> <span class='ocrx_word' id='word_1_464' title='bbox 1099 3142 1139 3173; x_wconf 84' lang='lat' dir='ltr'>de</span> <span class='ocrx_word' id='word_1_465' title='bbox 1161 3141 1282 3180; x_wconf 74' lang='lat' dir='ltr'>salute,</span> <span class='ocrx_word' id='word_1_466' title='bbox 1304 3139 1343 3171; x_wconf 85' lang='lat' dir='ltr'>de</span> <span class='ocrx_word' id='word_1_467' title='bbox 1365 3139 1466 3181; x_wconf 77' lang='lat' dir='ltr'>capite</span> <span class='ocrx_word' id='word_1_468' title='bbox 1485 3138 1565 3175; x_wconf 86' lang='lat' dir='ltr'>(Cic.</span> <span class='ocrx_word' id='word_1_469' title='bbox 1582 3138 1651 3170; x_wconf 86' lang='lat' dir='ltr'>Att.</span> <span class='ocrx_word' id='word_1_470' title='bbox 1666 3137 1806 3173; x_wconf 77' lang='lat' dir='ltr'>V111.5,</span> <span class='ocrx_word' id='word_1_471' title='bbox 1824 3137 1851 3173; x_wconf 73' lang='lat'>2,</span> 
     </span>
    </p>
   </div>
  </div>
 </body>
</html>
