2062 3565
149 130 231 170 216
548 126 633 166 ΕΡ.
668 124 744 165 ΑΒ
777 124 824 164 Τ.
859 122 1211 164 ΡΟΜΡΟΝΙΕΜ
1244 121 1509 164 ATTICUM.

148 263 264 305 facile
310 262 451 317 patior.
501 260 804 309 Verumtamen,
839 257 946 313 quod
978 257 1081 298 mihi
1113 272 1269 299 summo
1301 257 1496 299 beneficio
1528 273 1617 300 meo
1649 270 1795 312 magna
1827 270 1920 298 cum

150 335 340 378 fiatribus
382 334 492 374 illius
534 331 788 374 necessitudo
832 337 907 382 est,
952 331 1080 373 invito
1126 347 1219 374 eum
1251 347 1321 388 per
1352 331 1503 383 literas,
1536 336 1584 373 ut
1617 330 1726 388 apud
1757 345 1820 372 me
1853 329 1920 372 de-

150 413 340 451 versetur.
386 406 451 447 Ad
495 420 580 446 eam
624 419 708 446 rein
752 419 878 460 quum
910 403 1111 445 mitterem
1146 404 1435 455 Alexandrum,
1469 404 1542 447 has
1575 405 1612 446 ei
1646 403 1739 445 dedi
1770 403 1921 445 literas.

153 485 192 522 ³3.
238 482 334 522 Cras
378 480 503 534 igitur
549 479 682 520 auctio
726 477 941 520 Peducaei.
990 477 1128 529 Quum
1174 479 1321 533 poteris
1355 493 1462 534 ergo.
1497 479 1588 521 Etsi
1619 477 1815 534 impediet
1845 476 1923 519 for-

121 572 131 592 .·
150 563 254 597 tasse
289 552 497 596 Faberius.
533 551 611 594 Sed
643 558 779 593 tamen
814 566 938 606 quum
971 550 1124 592 licebit.
1159 551 1378 607 Dionysius
1416 557 1552 594 noster
1585 551 1758 608 graviter
1792 550 1922 606 queri·

150 634 229 679 tur,
275 633 315 668 et
357 632 492 668 tamen
535 625 636 675 iure,
681 640 703 665 a
753 624 963 679 discipulis
999 623 1135 665 abesse
1167 629 1249 666 tam
1284 625 1370 667 diu.
1420 626 1564 667 Multis
1598 624 1730 667 verbis
1763 624 1925 680 scripsit

151 702 199 743 ad
243 716 320 748 me,
366 698 484 741 credo
527 699 621 739 item
665 698 715 739 ad
748 703 802 739 te.
854 697 959 738 Mihi
993 697 1157 752 quidem
1190 698 1349 740 videtur
1382 698 1503 741 etiam
1538 698 1692 741 diutius
1726 697 1924 741 afuturus.

152 778 211 817 Ac
247 773 416 824 nollem;
453 771 567 813 valde
601 771 708 813 enim
743 771 947 813 hominem
981 769 1179 814 desidero.

153 964 190 994 P.
213 962 350 999 Sestius,
377 971 477 1002 quem
511 960 629 992 Cicero
661 970 753 991 reum
782 961 933 992 oratione
963 962 1016 993 de·
1038 991 1041 1010 ,Ι
1062 963 1172 1000 diisse,
1194 963 1235 994 de
1258 972 1323 1003 quo
1346 963 1380 993 in
1405 962 1552 1003 epistolis
1573 972 1601 993 a.
1626 962 1685 994 705
1709 962 1752 993 ad
1774 961 1925 993 Atticum

156 1017 271 1049 fendit.
298 1016 405 1046 Vocat
427 1015 539 1046 iocans
561 1015 650 1046 hunc
668 1015 842 1055 paroc-hum
851 1014 1022 1055 publicum,
1066 1017 1152 1047 datis
1176 1025 1272 1057 saepe
1294 1020 1429 1057 questus
1453 1023 1513 1047 est.

154 1071 230 1112 quia
253 1079 347 1109 reges
370 1069 541 1108 legatosve
565 1073 753 1099 exterarum
771 1068 948 1099 nationum
966 1068 1021 1099 do·
1040 1071 1042 1075 '
1106 1069 1134 1098 A
1157 1068 1335 1109 discipulis.
1378 1069 1478 1100 uNon
1503 1068 1718 1100 Ciceronibus
1739 1067 1830 1102 filiis.
1852 1077 1929 1108 quo-

155 1135 247 1156 mum
282 1134 376 1155 suam
410 1123 598 1164 recipiebat.
643 1123 693 1154 De
722 1123 855 1164 parochi
887 1132 1044 1171 munere3
1064 1133 1138 1154 rum
1160 1123 1244 1154 alter
1267 1128 1335 1154 erat
1352 1123 1387 1154 in
1408 1123 1581 1164 Hispania,
1601 1123 1684 1154 alter
1702 1121 1857 1160 Athenis,
1873 1122 1932 1153 sed

155 1178 326 1218 disputant
357 1176 419 1207 viri
454 1175 543 1207 docti
572 1176 613 1206 ad
642 1176 675 1206 h.
699 1176 720 1206 l.
751 1182 783 1207 et
816 1176 857 1206 ad
890 1175 1023 1207 Horatii
1066 1189 1085 1209 a
1106 1189 1159 1210 me
1181 1179 1252 1219 ipso
1276 1178 1438 1219 discipulo
1462 1177 1539 1219 (IV.
1564 1179 1614 1216 15,
1639 1177 1692 1217 10)
1707 1181 1739 1209 et
1753 1175 1836 1214 aliis,
1849 1185 1931 1218 quos

156 1231 224 1263 Sat.
249 1231 275 1261 I.
299 1231 327 1266 5,
350 1230 401 1260 46.
419 1229 625 1270 Scripturam
635 1229 787 1270 parochis
798 1229 938 1270 publicis
951 1229 1023 1260 nul·
1042 1259 1044 1264 ,
1064 1233 1200 1264 habet,”
1225 1232 1399 1264 Corradus.

156 1286 221 1317 lius
255 1285 333 1315 boni
363 1284 485 1315 codicis
517 1284 709 1315 auctoritate
742 1285 905 1315 munitam
935 1281 1045 1322 recte}
1110 1286 1156 1316 Ac
1178 1285 1291 1316 nollem
1312 1295 1347 1316 a:
1372 1295 1408 1316 ac
1433 1290 1544 1316 tamen
1560 1285 1696 1316 nollem.
1721 1284 1859 1316 Poterat
1870 1283 1932 1314 1100

157 1337 370 1379 repudiarunt
394 1336 574 1375 Victorius,
597 1337 794 1378 Malasp‘ma,
818 1337 886 1368 alii.
928 1335 1045 1383 Paro-J
1067 1340 1224 1381 exemplo
1249 1340 1299 1371 uti
1319 1339 1476 1371 Handius
1498 1339 1533 1370 in
1557 1339 1652 1370 Turs.
1676 1339 1704 1370 I.
1736 1349 1768 1380 p.
1790 1338 1852 1369 488
1874 1347 1932 1379 sq„

157 1393 215 1423 cha
240 1393 325 1433 apud
354 1392 492 1423 Latinos
525 1393 697 1433 scriptores
728 1393 877 1423 nondum
908 1393 1022 1424 inven·
1043 1408 1046 1424 ι
1066 1393 1123 1424 ubi
1146 1393 1270 1424 Donati
1293 1397 1502 1434 praeceptum
1525 1394 1618 1434 alque
1639 1402 1699 1433 pro
1729 1393 1834 1423 lamen
1866 1390 1932 1423 dici

159 1454 230 1477 tum
253 1451 310 1477 est.
334 1445 375 1476 cf.
400 1445 660 1485 Wesenbergius
685 1446 824 1477 Einend.
849 1457 878 1487 p.
903 1446 953 1477 96.
1068 1451 1161 1478 caute
1186 1446 1418 1487 accipiendum
1441 1455 1511 1477 esse
1534 1446 1640 1476 docet.
1677 1444 1807 1476 Diutius
1828 1444 1935 1486 afutu-

201 1500 219 1539 §
243 1501 272 1530 3.
302 1498 403 1534 Quum
420 1498 542 1540 poteris
564 1510 636 1540 erqo
659 1509 701 1530 sc.
717 1509 814 1531 enies.
829 1500 900 1531 Alii
925 1500 1022 1531 omis-
1067 1511 1121 1531 rus
1148 1509 1186 1530 ac
1209 1500 1330 1537 vellem,
1369 1501 1457 1541 quod
1480 1498 1644 1531 Corradus
1667 1499 1820 1537 malebat,
1842 1508 1934 1540 repu-

160 1562 233 1583 suin
255 1558 392 1593 put-ant:
415 1551 461 1582 ad
481 1562 527 1582 me
549 1552 664 1583 venies.
1045 1594 1047 1599 Α
1067 1560 1148 1596 gnat
1172 1555 1407 1586 consuetudini
1430 1555 1616 1592 Tullianae,
1647 1555 1706 1596 qui
1727 1565 1766 1586 ac
1788 1558 1821 1586 et
1841 1555 1936 1596 atque

204 1606 374 1647 Dionysius
390 1612 442 1637 cet
475 1606 566 1636 Hinc
583 1614 715 1647 apparet
739 1607 1134 1647 Cice1·0ne1ncum.3non
1170 1610 1278 1650 posuit
1308 1616 1380 1651 post
1409 1609 1660 1651 comparativos.
1698 1608 1748 1641 Cf.
1780 1607 1934 1640 Handius

162 1661 296 1692 homine
329 1661 434 1699 docto,
470 1661 527 1692 sed
560 1661 690 1702 ingrato
724 1661 757 1692 iu
792 1662 933 1702 gratiam
975 1670 1020 1693 re·
1046 1663 1124 1694 ›l.l.
1147 1673 1177 1705 p.
1200 1663 1272 1696 472.

776 1794 862 1834 HJ.
932 1795 997 1846 (A.
1041 1794 1085 1834 U.
1124 1794 1166 1834 ο.
1206 1793 1324 1847 709.)

231 1921 270 1961 1.
316 1922 351 1960 A
395 1929 434 1960 te
478 1919 611 1961 literas
657 1920 949 1976 exspectabam,
986 1921 1164 1962 nondum
1202 1921 1368 1962 scilicet.
1404 1921 1510 1962 Nam
1545 1921 1616 1962 has
1649 1935 1764 1961 mane
1799 1921 1935 1962 rescri-

167 1992 325 2034 bebam.
370 1993 457 2047 Ego
501 2008 592 2034 vero
625 1993 703 2034 ista
736 1994 899 2035 nomina
933 1995 989 2035 sic
1023 1994 1162 2050 probo,
1196 1999 1244 2036 ut
1277 1993 1380 2035 nihil
1413 1993 1523 2035 aliud
1543 2009 1619 2035 ‚me
1653 1998 1824 2044 moveat,
1857 1994 1936 2035 nisi

169 2065 275 2121 quod
309 2072 354 2106 tu
393 2066 540 2108 videris
584 2067 793 2119 dubitare3
828 2068 929 2110 iliud
965 2069 1072 2110 enim
1106 2084 1186 2110 non
1221 2068 1374 2124 accipio
1408 2068 1451 2109 in
1486 2068 1633 2109 bonam
1667 2073 1836 2123 partem.
1871 2067 1936 2109 Ad

169 2156 231 2181 me
275 2140 409 2181 refers.
459 2141 598 2193 Quid?
641 2143 725 2197 ipse
770 2143 978 2196 negotium
1024 2158 1155 2184 meum
1200 2157 1378 2204 gererem
1413 2142 1492 2183 nisi
1526 2141 1694 2183 consilio
1726 2143 1826 2184 tuo?>
1860 2141 1937 2183 Sed

170 2220 304 2255 tamen
343 2213 526 2268 intelligo
574 2215 702 2269 magis
744 2221 783 2256 te
827 2215 869 2256 id
914 2216 1041 2256 facere
1087 2215 1311 2270 diligentia,
1348 2231 1426 2270 qua
1459 2230 1612 2271 semper
1646 2216 1783 2266 uteris,
1819 2230 1937 2270 quam

171 2287 279 2343 quod
312 2287 473 2329 dubites
507 2287 554 2329 de
589 2288 822 2330 nominibus
855 2290 959 2330 istis.
994 2290 1153 2331 Etenim
1188 2289 1368 2331 Caelium
1401 2304 1483 2331 non
1518 2288 1675 2344 probas,
1710 2288 1825 2344 plura
1856 2303 1938 2330 non

172 2361 245 2402 vis.
290 2362 515 2416 Utrumque
558 2361 692 2403 laudo.
745 2362 822 2403 His
865 2363 989 2417 igitur
1033 2363 1230 2404 utendum
1271 2369 1345 2403 est.
1397 2363 1518 2403 Praes
1563 2361 1777 2417 aliquando
1812 2361 1939 2403 factus

216 2531 236 2559 4
258 2527 413 2559 dubitare.
445 2527 536 2558 Illud
555 2527 636 2558 enim
659 2537 719 2557 non
741 2527 862 2568 accipio
885 2527 918 2558 in
941 2528 1049 2559 bonam
1066 2531 1201 2568 partem,
1225 2529 1307 2570 quod
1327 2529 1371 2559 ad
1393 2538 1438 2559 me
1462 2528 1580 2568 refers,-
1613 2527 1676 2570 qui,
1709 2526 1737 2557 si
1759 2526 1824 2567 ipse
1846 2537 1939 2567 neqo-

175 2582 251 2612 tium
275 2591 370 2610 meum
391 2590 541 2621 yet-erem,
565 2580 647 2610 nihil
664 2590 806 2621 yererem
830 2580 892 2611 nisi
915 2580 1045 2611 oonsilio
1068 2583 1131 2611 tuo.

219 2730 235 2768 ξ
262 2729 289 2759 1.
313 2729 484 2760 Manutius
507 2728 586 2759 satis
611 2729 693 2759 bene
705 2728 1030 2768 sententianiepisto-
1082 2730 1146 2760 tico
1170 2739 1236 2760 non
1261 2739 1329 2760 esse
1354 2739 1440 2760 nunc
1475 2739 1594 2760 aurum
1627 2735 1844 2769 argentumve
1874 2728 1936 2759 fac-

176 2783 226 2814 lae
251 2782 420 2822 explicuit.
454 2781 578 2821 Agitur
600 2781 640 2811 de
662 2781 828 2821 emptione
851 2781 1033 2812 hortorum.
1082 2789 1150 2814 tum
1174 2793 1251 2814 eum
1275 2781 1387 2814 Caelio
1411 2783 1665 2824 permutandum
1686 2781 1742 2822 (cf.
1765 2781 1847 2812 XII.
1865 2783 1893 2818 5,
1909 2781 1938 2812 2.

177 2838 242 2870 Sed
266 2848 368 2878 quum
395 2838 510 2868 Cicero
526 2837 692 2877 praesenti
705 2837 843 2877 pecunia
860 2837 1033 2877 indigeret,
1056 2864 1057 2867 ,
1081 2836 1109 2873 6,
1135 2837 1178 2875 l),
1202 2845 1310 2876 neque
1324 2836 1420 2876 plura
1437 2836 1572 2867 nomina
1584 2835 1782 2876 quaerenda.
1806 2833 1935 2865 Verba:

176 2891 290 2922 Attico
312 2891 536 2927 mandaverat,
558 2896 595 2920 ut
617 2890 727 2930 aliquo
742 2891 840 2920 modo
859 2889 1033 2929 pecuniam

177 2944 239 2974 sibi
261 2944 445 2974 conficeret.
490 2943 557 2974 Hic
579 2943 681 2983 igitur
706 2953 775 2973 non
798 2944 839 2973 ab
865 2953 942 2979 uno,
977 2943 1035 2974 sed

177 3008 195 3028 a
218 2997 367 3038 pluribus
389 3007 456 3028 11011
480 2997 614 3038 quidem
629 2997 814 3037 pecuniam,
838 2997 895 3027 sed
909 2997 1033 3026 nomina

178 3057 249 3091 post
272 3050 406 3090 aliquod
428 3056 558 3090 tempus
581 3049 743 3089 exigenda
768 3049 914 3090 accipere
933 3059 1035 3090 quum

179 3109 295 3143 pos=et‚
318 3103 358 3133 ‹le
381 3112 417 3133 ea
439 3112 474 3133 re
498 3102 690 3134 Ciceronem
712 3103 932 3133 consuluerat.
957 3102 1034 3132 Pro-

181 3156 233 3185 bat
257 3155 371 3186 cicero
393 3155 450 3186 illa
481 3155 626 3193 uomina,
657 3166 758 3196 quum
787 3155 944 3187 concedat
977 3156 1034 3186 At-

1075 2899 1172 2928 praes
1194 2888 1365 2930 aliquando
1378 2889 1494 2929 sactus
1516 2898 1600 2920 esses
1622 2893 1736 2919 votum
1757 2886 1938 2924 continent,

1056 2946 1057 2979 j
1080 2945 1245 2986 simulque
1268 2946 1350 2976 levis
1383 2945 1470 2976 inest
1503 2945 1601 2976 amici
1632 2942 1852 2984 reprehensio,
1882 2943 1938 2984 qui

1081 2998 1206 3028 nullius
1228 3008 1375 3038 unquam
1400 3008 1492 3039 praes
1522 2997 1627 3028 factus
1659 3001 1716 3033 est,
1754 3001 1790 3026 ut
1828 2996 1940 3026 scribit

1082 3051 1256 3082 Cornelius
1279 3052 1313 3082 in
1337 3052 1408 3082 eius
1431 3052 1508 3089 vita,
1533 3062 1560 3082 c.
1586 3051 1615 3082 6.

1131 3103 1253 3135 Videris
1276 3104 1439 3141 dubitare5
1471 3104 1556 3135 illud
1576 3103 1656 3134 enim
1679 3113 1739 3133 non
1763 3101 1883 3142 accipio
1905 3101 1938 3132 in

1082 3159 1187 3189 bouum
1205 3160 1342 3199 parlem.
1367 3158 1419 3189 Ad
1438 3170 1484 3189 mc
1507 3158 1616 3199 refer-5.
1642 3156 1750 3198 Quid?
1774 3155 1837 3196 ipse
1851 3166 1939 3200 noyv-
