<?xml version="1.0" encoding="UTF-8"?>
<!DOCTYPE html PUBLIC "-//W3C//DTD XHTML 1.0 Transitional//EN"
    "http://www.w3.org/TR/xhtml1/DTD/xhtml1-transitional.dtd">
<html xmlns="http://www.w3.org/1999/xhtml" xml:lang="en" lang="en">
 <head>
  <title>
</title>
<meta http-equiv="Content-Type" content="text/html;charset=utf-8" />
  <meta name='ocr-system' content='tesseract 3.04.00' />
  <meta name='ocr-capabilities' content='ocr_page ocr_carea ocr_par ocr_line ocrx_word'/>
</head>
<body>
  <div class='ocr_page' id='page_1' title='image "./epistolarumadtpo02ciceuoft_0076.png"; bbox 0 0 2062 3565; ppageno 0'>
   <div class='ocr_carea' id='block_1_1' title="bbox 207 135 1562 181">
    <p class='ocr_par' dir='ltr' id='par_1_1' title="bbox 207 135 1562 181">
     <span class='ocr_line' id='line_1_1' title="bbox 207 135 1562 181; baseline -0.004 0"><span class='ocrx_word' id='word_1_1' title='bbox 207 144 258 181; x_wconf 73' lang='lat'><strong>(56</strong></span> <span class='ocrx_word' id='word_1_2' title='bbox 608 139 689 180; x_wconf 86' lang='grc' dir='ltr'><strong>ΕΡ.</strong></span> <span class='ocrx_word' id='word_1_3' title='bbox 727 139 801 179; x_wconf 78' lang='lat' dir='ltr'><strong>AD</strong></span> <span class='ocrx_word' id='word_1_4' title='bbox 834 138 880 178; x_wconf 88' lang='lat' dir='ltr'><strong>T.</strong></span> <span class='ocrx_word' id='word_1_5' title='bbox 917 135 1266 178; x_wconf 87' lang='lat' dir='ltr'>POMPONIUM</span> <span class='ocrx_word' id='word_1_6' title='bbox 1298 135 1562 176; x_wconf 74' lang='lat' dir='ltr'><strong>A‘PHCUM.</strong></span> 
     </span>
    </p>
   </div>
   <div class='ocr_carea' id='block_1_2' title="bbox 152 267 2062 2078">
    <p class='ocr_par' dir='ltr' id='par_1_2' title="bbox 152 267 2062 2078">
     <span class='ocr_line' id='line_1_2' title="bbox 206 267 1973 329; baseline -0.002 -14"><span class='ocrx_word' id='word_1_7' title='bbox 206 273 304 329; x_wconf 85' lang='lat' dir='ltr'><strong>quid</strong></span> <span class='ocrx_word' id='word_1_8' title='bbox 338 273 414 314; x_wconf 89' lang='lat' dir='ltr'><strong>feci</strong></span> <span class='ocrx_word' id='word_1_9' title='bbox 445 287 526 313; x_wconf 93' lang='grc'>11011</span> <span class='ocrx_word' id='word_1_10' title='bbox 559 270 947 312; x_wconf 78' lang='lat' dir='ltr'><strong>consideratissime?</strong></span> <span class='ocrx_word' id='word_1_11' title='bbox 990 270 1032 311; x_wconf 92' lang='lat' dir='ltr'><strong>Si</strong></span> <span class='ocrx_word' id='word_1_12' title='bbox 1067 269 1175 310; x_wconf 91' lang='lat' dir='ltr'><strong>enim</strong></span> <span class='ocrx_word' id='word_1_13' title='bbox 1207 267 1311 309; x_wconf 83' lang='lat' dir='ltr'>nihil</span> <span class='ocrx_word' id='word_1_14' title='bbox 1343 273 1497 324; x_wconf 88' lang='lat' dir='ltr'><strong>praeter</strong></span> <span class='ocrx_word' id='word_1_15' title='bbox 1531 268 1668 324; x_wconf 79' lang='lat' dir='ltr'><strong>fugam</strong></span> <span class='ocrx_word' id='word_1_16' title='bbox 1702 276 1973 325; x_wconf 79' lang='lat' dir='ltr'><strong>quaereretur,</strong></span> 
     </span>
     <span class='ocr_line' id='line_1_3' title="bbox 206 341 1974 401; baseline -0.001 -14"><span class='ocrx_word' id='word_1_17' title='bbox 206 346 397 401; x_wconf 78' lang='lat' dir='ltr'><strong>fugissem</strong></span> <span class='ocrx_word' id='word_1_18' title='bbox 447 343 726 394; x_wconf 76' lang='lat' dir='ltr'><strong>libentissime,</strong></span> <span class='ocrx_word' id='word_1_19' title='bbox 777 343 845 384; x_wconf 87' lang='lat' dir='ltr'><strong>sed</strong></span> <span class='ocrx_word' id='word_1_20' title='bbox 894 357 1021 397; x_wconf 82' lang='lat' dir='ltr'><strong>genus</strong></span> <span class='ocrx_word' id='word_1_21' title='bbox 1070 341 1165 382; x_wconf 91' lang='lat' dir='ltr'><strong>belli</strong></span> <span class='ocrx_word' id='word_1_22' title='bbox 1214 341 1482 383; x_wconf 87' lang='lat' dir='ltr'><strong>crudelissimi</strong></span> <span class='ocrx_word' id='word_1_23' title='bbox 1547 347 1588 383; x_wconf 88' lang='lat' dir='ltr'><strong>et</strong></span> <span class='ocrx_word' id='word_1_24' title='bbox 1638 343 1816 394; x_wconf 83' lang='lat' dir='ltr'><strong>maximi,</strong></span> <span class='ocrx_word' id='word_1_25' title='bbox 1865 343 1974 398; x_wconf 88' lang='lat' dir='ltr'><strong>quod</strong></span> 
     </span>
     <span class='ocr_line' id='line_1_4' title="bbox 207 414 1975 470; baseline -0.001 -11"><span class='ocrx_word' id='word_1_26' title='bbox 207 418 386 460; x_wconf 80' lang='lat' dir='ltr'><strong>nonduin</strong></span> <span class='ocrx_word' id='word_1_27' title='bbox 434 415 572 457; x_wconf 88' lang='lat' dir='ltr'><strong>vident</strong></span> <span class='ocrx_word' id='word_1_28' title='bbox 605 415 786 456; x_wconf 86' lang='lat' dir='ltr'><strong>homines</strong></span> <span class='ocrx_word' id='word_1_29' title='bbox 833 415 950 470; x_wconf 90' lang='lat' dir='ltr'><strong>quale</strong></span> <span class='ocrx_word' id='word_1_30' title='bbox 983 414 1165 455; x_wconf 85' lang='lat' dir='ltr'><strong>futurum</strong></span> <span class='ocrx_word' id='word_1_31' title='bbox 1198 414 1264 464; x_wconf 87' lang='lat' dir='ltr'><strong>sit,</strong></span> <span class='ocrx_word' id='word_1_32' title='bbox 1298 414 1523 470; x_wconf 86' lang='lat' dir='ltr'><strong>perhorrui.</strong></span> <span class='ocrx_word' id='word_1_33' title='bbox 1573 415 1688 467; x_wconf 77' lang='lat' dir='ltr'><strong>Quae</strong></span> <span class='ocrx_word' id='word_1_34' title='bbox 1722 416 1854 458; x_wconf 89' lang='lat' dir='ltr'><strong>minae</strong></span> <span class='ocrx_word' id='word_1_35' title='bbox 1887 431 1975 458; x_wconf 92' lang='lat' dir='ltr'><strong>mu-</strong></span> 
     </span>
     <span class='ocr_line' id='line_1_5' title="bbox 206 487 1975 546; baseline -0.002 -13"><span class='ocrx_word' id='word_1_36' title='bbox 206 491 380 546; x_wconf 85' lang='lat' dir='ltr'><strong>nicipiis,</strong></span> <span class='ocrx_word' id='word_1_37' title='bbox 415 505 516 545; x_wconf 90' lang='lat' dir='ltr'><strong>quae</strong></span> <span class='ocrx_word' id='word_1_38' title='bbox 549 489 788 530; x_wconf 88' lang='lat' dir='ltr'><strong>nominatim</strong></span> <span class='ocrx_word' id='word_1_39' title='bbox 832 489 928 529; x_wconf 70' lang='lat' dir='ltr'><strong>viris</strong></span> <span class='ocrx_word' id='word_1_40' title='bbox 961 487 1092 539; x_wconf 90' lang='lat' dir='ltr'><strong>bonis,</strong></span> <span class='ocrx_word' id='word_1_41' title='bbox 1138 503 1240 542; x_wconf 86' lang='lat' dir='ltr'><strong>quae</strong></span> <span class='ocrx_word' id='word_1_42' title='bbox 1273 488 1447 543; x_wconf 88' lang='lat' dir='ltr'><strong>denique</strong></span> <span class='ocrx_word' id='word_1_43' title='bbox 1480 488 1682 540; x_wconf 89' lang='lat' dir='ltr'><strong>omnibus,</strong></span> <span class='ocrx_word' id='word_1_44' title='bbox 1717 488 1788 544; x_wconf 90' lang='lat' dir='ltr'><strong>qui</strong></span> <span class='ocrx_word' id='word_1_45' title='bbox 1820 503 1975 529; x_wconf 85' lang='lat' dir='ltr'><strong>reman-</strong></span> 
     </span>
     <span class='ocr_line' id='line_1_6' title="bbox 171 560 1976 617; baseline -0.001 -13"><span class='ocrx_word' id='word_1_46' title='bbox 171 578 185 603; x_wconf 83' lang='lat'>5</span> <span class='ocrx_word' id='word_1_47' title='bbox 207 563 371 604; x_wconf 78' lang='lat' dir='ltr'><strong>sissent!</strong></span> <span class='ocrx_word' id='word_1_48' title='bbox 423 577 543 616; x_wconf 87' lang='lat' dir='ltr'><strong>quam</strong></span> <span class='ocrx_word' id='word_1_49' title='bbox 587 560 725 602; x_wconf 89' lang='lat' dir='ltr'><strong>crebro</strong></span> <span class='ocrx_word' id='word_1_50' title='bbox 769 561 895 602; x_wconf 87' lang='lat' dir='ltr'><strong>illud:</strong></span> <span class='ocrx_word' id='word_1_51' title='bbox 949 561 1095 611; x_wconf 61' lang='lat' dir='ltr'><strong>ssSulla</strong></span> <span class='ocrx_word' id='word_1_52' title='bbox 1138 561 1286 616; x_wconf 87' lang='lat' dir='ltr'><strong>potuit,</strong></span> <span class='ocrx_word' id='word_1_53' title='bbox 1331 576 1405 616; x_wconf 85' lang='lat' dir='ltr'><strong>ego</strong></span> <span class='ocrx_word' id='word_1_54' title='bbox 1450 577 1529 603; x_wconf 90' lang='lat' dir='ltr'><strong>non</strong></span> <span class='ocrx_word' id='word_1_55' title='bbox 1563 562 1758 617; x_wconf 79' lang='lat' dir='ltr'><strong>potero?&#39;&#39;</strong></span> <span class='ocrx_word' id='word_1_56' title='bbox 1794 563 1835 602; x_wconf 82' lang='lat'><strong>3.</strong></span> <span class='ocrx_word' id='word_1_57' title='bbox 1869 561 1976 604; x_wconf 91' lang='lat' dir='ltr'><strong>Mihi</strong></span> 
     </span>
     <span class='ocr_line' id='line_1_7' title="bbox 207 633 1976 690; baseline -0.001 -13"><span class='ocrx_word' id='word_1_58' title='bbox 207 641 340 677; x_wconf 84' lang='lat' dir='ltr'><strong>autem</strong></span> <span class='ocrx_word' id='word_1_59' title='bbox 388 635 603 676; x_wconf 87' lang='lat' dir='ltr'><strong>haeserunt</strong></span> <span class='ocrx_word' id='word_1_60' title='bbox 650 634 742 676; x_wconf 81' lang='lat' dir='ltr'><strong>illa:</strong></span> <span class='ocrx_word' id='word_1_61' title='bbox 791 633 893 675; x_wconf 86' lang='lat' dir='ltr'><strong>male</strong></span> <span class='ocrx_word' id='word_1_62' title='bbox 937 634 1196 689; x_wconf 77' lang='lat' dir='ltr'><strong>Tarquinius,</strong></span> <span class='ocrx_word' id='word_1_63' title='bbox 1241 634 1312 689; x_wconf 91' lang='lat' dir='ltr'><strong>qui</strong></span> <span class='ocrx_word' id='word_1_64' title='bbox 1362 634 1595 685; x_wconf 87' lang='lat' dir='ltr'><strong>Porsenam,</strong></span> <span class='ocrx_word' id='word_1_65' title='bbox 1640 635 1710 690; x_wconf 92' lang='lat' dir='ltr'><strong>qui</strong></span> <span class='ocrx_word' id='word_1_66' title='bbox 1760 635 1976 677; x_wconf 85' lang='lat' dir='ltr'><strong>Octavium</strong></span> 
     </span>
     <span class='ocr_line' id='line_1_8' title="bbox 207 705 1977 763; baseline 0 -15"><span class='ocrx_word' id='word_1_67' title='bbox 207 707 435 749; x_wconf 86' lang='lat' dir='ltr'><strong>Mamilium</strong></span> <span class='ocrx_word' id='word_1_68' title='bbox 478 712 616 748; x_wconf 87' lang='lat' dir='ltr'><strong>contra</strong></span> <span class='ocrx_word' id='word_1_69' title='bbox 659 706 843 762; x_wconf 83' lang='lat' dir='ltr'><strong>patriam,</strong></span> <span class='ocrx_word' id='word_1_70' title='bbox 891 706 1014 761; x_wconf 86' lang='lat' dir='ltr'><strong>impie</strong></span> <span class='ocrx_word' id='word_1_71' title='bbox 1059 705 1307 757; x_wconf 85' lang='lat' dir='ltr'><strong>Coriolanus,</strong></span> <span class='ocrx_word' id='word_1_72' title='bbox 1345 707 1414 762; x_wconf 91' lang='lat' dir='ltr'><strong>qui</strong></span> <span class='ocrx_word' id='word_1_73' title='bbox 1448 707 1643 748; x_wconf 80' lang='lat' dir='ltr'><strong>auxilium</strong></span> <span class='ocrx_word' id='word_1_74' title='bbox 1677 708 1795 763; x_wconf 90' lang='lat' dir='ltr'><strong>petiit</strong></span> <span class='ocrx_word' id='word_1_75' title='bbox 1827 723 1850 749; x_wconf 86' lang='lat' dir='ltr'><strong>a</strong></span> <span class='ocrx_word' id='word_1_76' title='bbox 1887 707 1977 748; x_wconf 90' lang='lat' dir='ltr'><strong>Vol-</strong></span> 
     </span>
     <span class='ocr_line' id='line_1_9' title="bbox 207 778 1978 836; baseline 0 -14"><span class='ocrx_word' id='word_1_77' title='bbox 207 781 297 831; x_wconf 85' lang='lat' dir='ltr'><strong>scis,</strong></span> <span class='ocrx_word' id='word_1_78' title='bbox 342 785 447 821; x_wconf 85' lang='lat' dir='ltr'><strong>recte</strong></span> <span class='ocrx_word' id='word_1_79' title='bbox 490 779 792 829; x_wconf 88' lang='lat' dir='ltr'><strong>Themistocles,</strong></span> <span class='ocrx_word' id='word_1_80' title='bbox 844 779 913 834; x_wconf 87' lang='lat' dir='ltr'><strong>qui</strong></span> <span class='ocrx_word' id='word_1_81' title='bbox 960 778 1059 820; x_wconf 88' lang='lat' dir='ltr'><strong>mori</strong></span> <span class='ocrx_word' id='word_1_82' title='bbox 1108 778 1265 829; x_wconf 83' lang='lat' dir='ltr'><strong>maluit,</strong></span> <span class='ocrx_word' id='word_1_83' title='bbox 1310 778 1486 821; x_wconf 85' lang='lat' dir='ltr'><strong>nefarius</strong></span> <span class='ocrx_word' id='word_1_84' title='bbox 1537 780 1725 836; x_wconf 90' lang='lat' dir='ltr'><strong>Hippias,</strong></span> <span class='ocrx_word' id='word_1_85' title='bbox 1774 778 1978 822; x_wconf 82' lang='lat' dir='ltr'><strong>Pisistrati</strong></span> 
     </span>
     <span class='ocr_line' id='line_1_10' title="bbox 206 852 1980 909; baseline 0 -14"><span class='ocrx_word' id='word_1_86' title='bbox 206 854 326 904; x_wconf 88' lang='lat' dir='ltr'><strong>filius,</strong></span> <span class='ocrx_word' id='word_1_87' title='bbox 361 853 430 908; x_wconf 84' lang='lat' dir='ltr'><strong>qui</strong></span> <span class='ocrx_word' id='word_1_88' title='bbox 460 853 504 894; x_wconf 92' lang='lat' dir='ltr'><strong>in</strong></span> <span class='ocrx_word' id='word_1_89' title='bbox 537 852 794 894; x_wconf 82' lang='lat' dir='ltr'><strong>Marathonia</strong></span> <span class='ocrx_word' id='word_1_90' title='bbox 842 868 977 908; x_wconf 83' lang='lat' dir='ltr'><strong>pugna</strong></span> <span class='ocrx_word' id='word_1_91' title='bbox 1011 852 1171 903; x_wconf 88' lang='lat' dir='ltr'><strong>cecidit,</strong></span> <span class='ocrx_word' id='word_1_92' title='bbox 1207 868 1316 894; x_wconf 83' lang='lat' dir='ltr'><strong>arma</strong></span> <span class='ocrx_word' id='word_1_93' title='bbox 1350 858 1489 894; x_wconf 89' lang='lat' dir='ltr'><strong>contra</strong></span> <span class='ocrx_word' id='word_1_94' title='bbox 1522 853 1693 909; x_wconf 86' lang='lat' dir='ltr'><strong>patriam</strong></span> <span class='ocrx_word' id='word_1_95' title='bbox 1728 852 1872 895; x_wconf 86' lang='lat' dir='ltr'><strong>ferens.</strong></span> <span class='ocrx_word' id='word_1_96' title='bbox 1924 855 1980 895; x_wconf 93' lang='lat' dir='ltr'><strong>At</strong></span> 
     </span>
     <span class='ocr_line' id='line_1_11' title="bbox 152 925 2039 983; baseline 0.001 -18"><span class='ocrx_word' id='word_1_97' title='bbox 152 939 187 965; x_wconf 90' lang='lat'><strong>10</strong></span> <span class='ocrx_word' id='word_1_98' title='bbox 207 927 331 978; x_wconf 85' lang='lat' dir='ltr'><strong>Sulla,</strong></span> <span class='ocrx_word' id='word_1_99' title='bbox 376 932 417 968; x_wconf 90' lang='lat' dir='ltr'><strong>at</strong></span> <span class='ocrx_word' id='word_1_100' title='bbox 457 925 626 975; x_wconf 84' lang='lat' dir='ltr'><strong>Marius,</strong></span> <span class='ocrx_word' id='word_1_101' title='bbox 670 933 711 966; x_wconf 85' lang='lat' dir='ltr'><strong>at</strong></span> <span class='ocrx_word' id='word_1_102' title='bbox 751 925 881 966; x_wconf 91' lang='lat' dir='ltr'><strong>Cinna</strong></span> <span class='ocrx_word' id='word_1_103' title='bbox 923 932 1043 966; x_wconf 89' lang='lat' dir='ltr'><strong>recte.</strong></span> <span class='ocrx_word' id='word_1_104' title='bbox 1095 926 1224 967; x_wconf 90' lang='lat' dir='ltr'><strong>Immo</strong></span> <span class='ocrx_word' id='word_1_105' title='bbox 1268 927 1355 967; x_wconf 85' lang='lat' dir='ltr'><strong>iure</strong></span> <span class='ocrx_word' id='word_1_106' title='bbox 1389 926 1571 977; x_wconf 86' lang='lat' dir='ltr'><strong>fortasse,</strong></span> <span class='ocrx_word' id='word_1_107' title='bbox 1606 926 1676 968; x_wconf 89' lang='lat' dir='ltr'><strong>sed</strong></span> <span class='ocrx_word' id='word_1_108' title='bbox 1710 926 1808 982; x_wconf 87' lang='lat' dir='ltr'><strong>quid</strong></span> <span class='ocrx_word' id='word_1_109' title='bbox 1841 941 1979 968; x_wconf 85' lang='lat' dir='ltr'><strong>eorum</strong></span> <span class='ocrx_word' id='word_1_110' title='bbox 2031 978 2039 983; x_wconf 36' lang='lat'>¹</span> 
     </span>
     <span class='ocr_line' id='line_1_12' title="bbox 207 985 2062 1054; baseline -0.001 -13"><span class='ocrx_word' id='word_1_111' title='bbox 207 1000 371 1041; x_wconf 84' lang='lat' dir='ltr'><strong>victoria</strong></span> <span class='ocrx_word' id='word_1_112' title='bbox 412 997 629 1048; x_wconf 85' lang='lat' dir='ltr'><strong>crudelius,</strong></span> <span class='ocrx_word' id='word_1_113' title='bbox 681 997 779 1053; x_wconf 91' lang='lat' dir='ltr'><strong>quid</strong></span> <span class='ocrx_word' id='word_1_114' title='bbox 826 998 1055 1039; x_wconf 72' lang='lat' dir='ltr'><strong>funestius?</strong></span> <span class='ocrx_word' id='word_1_115' title='bbox 1091 998 1227 1039; x_wconf 90' lang='lat' dir='ltr'><strong>Huius</strong></span> <span class='ocrx_word' id='word_1_116' title='bbox 1261 997 1355 1040; x_wconf 90' lang='lat' dir='ltr'><strong>belli</strong></span> <span class='ocrx_word' id='word_1_117' title='bbox 1389 1014 1517 1054; x_wconf 81' lang='lat' dir='ltr'><strong>genus</strong></span> <span class='ocrx_word' id='word_1_118' title='bbox 1550 998 1636 1054; x_wconf 82' lang='lat' dir='ltr'><strong>fugi</strong></span> <span class='ocrx_word' id='word_1_119' title='bbox 1684 1004 1724 1040; x_wconf 90' lang='lat' dir='ltr'><strong>et</strong></span> <span class='ocrx_word' id='word_1_120' title='bbox 1756 1013 1802 1040; x_wconf 92' lang='lat' dir='ltr'><strong>eo</strong></span> <span class='ocrx_word' id='word_1_121' title='bbox 1836 999 1979 1053; x_wconf 87' lang='lat' dir='ltr'><strong>magis,</strong></span> <span class='ocrx_word' id='word_1_122' title='bbox 2027 985 2062 1050; x_wconf 49' lang='lat' dir='ltr'><strong>J}</strong></span> 
     </span>
     <span class='ocr_line' id='line_1_13' title="bbox 208 1062 2046 1127; baseline 0 -13"><span class='ocrx_word' id='word_1_123' title='bbox 208 1072 314 1127; x_wconf 84' lang='lat' dir='ltr'><strong>quod</strong></span> <span class='ocrx_word' id='word_1_124' title='bbox 357 1071 580 1113; x_wconf 85' lang='lat' dir='ltr'><strong>crudeliora</strong></span> <span class='ocrx_word' id='word_1_125' title='bbox 624 1070 743 1111; x_wconf 81' lang='lat' dir='ltr'><strong>etiam</strong></span> <span class='ocrx_word' id='word_1_126' title='bbox 789 1071 956 1126; x_wconf 82' lang='lat' dir='ltr'><strong>cogitari</strong></span> <span class='ocrx_word' id='word_1_127' title='bbox 1004 1078 1043 1111; x_wconf 88' lang='lat' dir='ltr'><strong>et</strong></span> <span class='ocrx_word' id='word_1_128' title='bbox 1088 1071 1218 1126; x_wconf 82' lang='lat' dir='ltr'><strong>parari</strong></span> <span class='ocrx_word' id='word_1_129' title='bbox 1262 1070 1461 1112; x_wconf 83' lang='lat' dir='ltr'><strong>videbam.</strong></span> <span class='ocrx_word' id='word_1_130' title='bbox 1517 1072 1600 1123; x_wconf 91' lang='lat' dir='ltr'><strong>Me,</strong></span> <span class='ocrx_word' id='word_1_131' title='bbox 1643 1087 1758 1127; x_wconf 87' lang='lat' dir='ltr'><strong>quem</strong></span> <span class='ocrx_word' id='word_1_132' title='bbox 1794 1072 1980 1114; x_wconf 88' lang='lat' dir='ltr'><strong>nonnulli</strong></span> <span class='ocrx_word' id='word_1_133' title='bbox 2033 1062 2046 1118; x_wconf 44' lang='lat'><strong>⁸,</strong></span> 
     </span>
     <span class='ocr_line' id='line_1_14' title="bbox 208 1142 1982 1199; baseline 0.001 -12"><span class='ocrx_word' id='word_1_134' title='bbox 208 1151 524 1187; x_wconf 80' lang='lat' dir='ltr'><strong>conservatorem</strong></span> <span class='ocrx_word' id='word_1_135' title='bbox 572 1143 690 1184; x_wconf 89' lang='lat' dir='ltr'><strong>istius</strong></span> <span class='ocrx_word' id='word_1_136' title='bbox 733 1142 858 1194; x_wconf 88' lang='lat' dir='ltr'><strong>urbis,</strong></span> <span class='ocrx_word' id='word_1_137' title='bbox 905 1158 1024 1198; x_wconf 83' lang='lat' dir='ltr'><strong>quem</strong></span> <span class='ocrx_word' id='word_1_138' title='bbox 1073 1148 1279 1199; x_wconf 78' lang='lat' dir='ltr'><strong>parentem</strong></span> <span class='ocrx_word' id='word_1_139' title='bbox 1330 1158 1414 1185; x_wconf 87' lang='lat' dir='ltr'><strong>esse</strong></span> <span class='ocrx_word' id='word_1_140' title='bbox 1460 1143 1664 1195; x_wconf 81' lang='lat' dir='ltr'><strong>dixerunt,</strong></span> <span class='ocrx_word' id='word_1_141' title='bbox 1712 1145 1907 1187; x_wconf 86' lang='lat' dir='ltr'><strong>Getarum</strong></span> <span class='ocrx_word' id='word_1_142' title='bbox 1941 1150 1982 1188; x_wconf 85' lang='lat' dir='ltr'><strong>et</strong></span> 
     </span>
     <span class='ocr_line' id='line_1_15' title="bbox 209 1215 2046 1272; baseline 0.001 -13"><span class='ocrx_word' id='word_1_143' title='bbox 209 1217 491 1259; x_wconf 83' lang='lat' dir='ltr'><strong>Armeniorum</strong></span> <span class='ocrx_word' id='word_1_144' title='bbox 539 1222 578 1257; x_wconf 92' lang='lat' dir='ltr'><strong>et</strong></span> <span class='ocrx_word' id='word_1_145' title='bbox 622 1215 862 1258; x_wconf 89' lang='lat' dir='ltr'><strong>Colchorum</strong></span> <span class='ocrx_word' id='word_1_146' title='bbox 903 1217 1037 1272; x_wconf 83' lang='lat' dir='ltr'><strong>copias</strong></span> <span class='ocrx_word' id='word_1_147' title='bbox 1083 1216 1133 1258; x_wconf 81' lang='lat' dir='ltr'><strong>ad</strong></span> <span class='ocrx_word' id='word_1_148' title='bbox 1178 1232 1264 1259; x_wconf 80' lang='lat' dir='ltr'><strong>eam</strong></span> <span class='ocrx_word' id='word_1_149' title='bbox 1313 1217 1540 1259; x_wconf 80' lang='lat' dir='ltr'><strong>adducere?</strong></span> <span class='ocrx_word' id='word_1_150' title='bbox 1586 1233 1647 1260; x_wconf 90' lang='lat' dir='ltr'><strong>me</strong></span> <span class='ocrx_word' id='word_1_151' title='bbox 1694 1218 1794 1260; x_wconf 88' lang='lat' dir='ltr'><strong>meis</strong></span> <span class='ocrx_word' id='word_1_152' title='bbox 1827 1218 1984 1261; x_wconf 89' lang='lat' dir='ltr'><strong>civibus</strong></span> <span class='ocrx_word' id='word_1_153' title='bbox 2036 1235 2046 1252; x_wconf 71' lang='lat' dir='ltr'>v</span> 
     </span>
     <span class='ocr_line' id='line_1_16' title="bbox 155 1289 1986 1346; baseline 0.003 -18"><span class='ocrx_word' id='word_1_154' title='bbox 155 1290 367 1341; x_wconf 80' lang='lat' dir='ltr'><strong>15fa1nem,</strong></span> <span class='ocrx_word' id='word_1_155' title='bbox 412 1290 641 1331; x_wconf 80' lang='lat' dir='ltr'><strong>vastitatem</strong></span> <span class='ocrx_word' id='word_1_156' title='bbox 680 1289 826 1332; x_wconf 86' lang='lat' dir='ltr'><strong>inferre</strong></span> <span class='ocrx_word' id='word_1_157' title='bbox 871 1290 1046 1332; x_wconf 78' lang='lat' dir='ltr'><strong>Italiae?</strong></span> <span class='ocrx_word' id='word_1_158' title='bbox 1096 1290 1220 1331; x_wconf 91' lang='lat' dir='ltr'><strong>Hunc</strong></span> <span class='ocrx_word' id='word_1_159' title='bbox 1255 1291 1427 1346; x_wconf 89' lang='lat' dir='ltr'><strong>primum</strong></span> <span class='ocrx_word' id='word_1_160' title='bbox 1462 1291 1669 1333; x_wconf 89' lang='lat' dir='ltr'><strong>mortalem</strong></span> <span class='ocrx_word' id='word_1_161' title='bbox 1704 1307 1804 1343; x_wconf 88' lang='lat' dir='ltr'><strong>esse,</strong></span> <span class='ocrx_word' id='word_1_162' title='bbox 1840 1291 1986 1334; x_wconf 84' lang='lat' dir='ltr'><strong>deinde</strong></span> 
     </span>
     <span class='ocr_line' id='line_1_17' title="bbox 209 1362 2045 1421; baseline 0.001 -16"><span class='ocrx_word' id='word_1_163' title='bbox 209 1364 331 1405; x_wconf 88' lang='lat' dir='ltr'><strong>etiam</strong></span> <span class='ocrx_word' id='word_1_164' title='bbox 364 1362 502 1404; x_wconf 89' lang='lat' dir='ltr'><strong>multis</strong></span> <span class='ocrx_word' id='word_1_165' title='bbox 542 1363 672 1405; x_wconf 88' lang='lat' dir='ltr'><strong>modis</strong></span> <span class='ocrx_word' id='word_1_166' title='bbox 707 1379 819 1419; x_wconf 90' lang='lat' dir='ltr'><strong>posse</strong></span> <span class='ocrx_word' id='word_1_167' title='bbox 861 1364 1065 1419; x_wconf 79' lang='lat' dir='ltr'><strong>exstingui</strong></span> <span class='ocrx_word' id='word_1_168' title='bbox 1099 1363 1339 1419; x_wconf 81' lang='lat' dir='ltr'><strong>cogitabam,</strong></span> <span class='ocrx_word' id='word_1_169' title='bbox 1375 1363 1515 1406; x_wconf 87' lang='lat' dir='ltr'><strong>urbem</strong></span> <span class='ocrx_word' id='word_1_170' title='bbox 1549 1370 1682 1407; x_wconf 86' lang='lat' dir='ltr'><strong>autem</strong></span> <span class='ocrx_word' id='word_1_171' title='bbox 1718 1371 1758 1406; x_wconf 92' lang='lat' dir='ltr'><strong>et</strong></span> <span class='ocrx_word' id='word_1_172' title='bbox 1790 1365 1986 1421; x_wconf 88' lang='lat' dir='ltr'><strong>populum</strong></span> <span class='ocrx_word' id='word_1_173' title='bbox 2032 1364 2045 1390; x_wconf 56' lang='grc' dir='ltr'><em>ἶ</em></span> 
     </span>
     <span class='ocr_line' id='line_1_18' title="bbox 210 1436 1986 1494; baseline 0.002 -17"><span class='ocrx_word' id='word_1_174' title='bbox 210 1441 393 1478; x_wconf 89' lang='lat' dir='ltr'><strong>nostrum</strong></span> <span class='ocrx_word' id='word_1_175' title='bbox 426 1436 667 1478; x_wconf 82' lang='lat' dir='ltr'><strong>servandum</strong></span> <span class='ocrx_word' id='word_1_176' title='bbox 701 1437 750 1478; x_wconf 87' lang='lat' dir='ltr'><strong>ad</strong></span> <span class='ocrx_word' id='word_1_177' title='bbox 784 1437 1142 1488; x_wconf 83' lang='lat' dir='ltr'><strong>immortalitatem,</strong></span> <span class='ocrx_word' id='word_1_178' title='bbox 1177 1444 1374 1492; x_wconf 80' lang='lat' dir='ltr'><strong>quantum</strong></span> <span class='ocrx_word' id='word_1_179' title='bbox 1408 1438 1450 1479; x_wconf 87' lang='lat' dir='ltr'><strong>in</strong></span> <span class='ocrx_word' id='word_1_180' title='bbox 1484 1437 1601 1480; x_wconf 92' lang='lat' dir='ltr'><strong>nobis</strong></span> <span class='ocrx_word' id='word_1_181' title='bbox 1635 1443 1753 1489; x_wconf 89' lang='lat' dir='ltr'><strong>esset,</strong></span> <span class='ocrx_word' id='word_1_182' title='bbox 1778 1437 1986 1494; x_wconf 86' lang='lat' dir='ltr'><strong>putabam,</strong></span> 
     </span>
     <span class='ocr_line' id='line_1_19' title="bbox 211 1509 2046 1567; baseline 0.001 -15"><span class='ocrx_word' id='word_1_183' title='bbox 211 1515 252 1552; x_wconf 91' lang='lat' dir='ltr'><strong>et</strong></span> <span class='ocrx_word' id='word_1_184' title='bbox 283 1514 418 1551; x_wconf 86' lang='lat' dir='ltr'><strong>tamen</strong></span> <span class='ocrx_word' id='word_1_185' title='bbox 452 1524 541 1564; x_wconf 86' lang='lat' dir='ltr'><strong>spes</strong></span> <span class='ocrx_word' id='word_1_186' title='bbox 574 1509 770 1564; x_wconf 88' lang='lat' dir='ltr'><strong>quaedam</strong></span> <span class='ocrx_word' id='word_1_187' title='bbox 804 1525 866 1550; x_wconf 89' lang='lat' dir='ltr'><strong>me</strong></span> <span class='ocrx_word' id='word_1_188' title='bbox 900 1510 926 1552; x_wconf 93' lang='lat'>†</span> <span class='ocrx_word' id='word_1_189' title='bbox 943 1509 1181 1551; x_wconf 87' lang='lat' dir='ltr'><strong>obtentabat</strong></span> <span class='ocrx_word' id='word_1_190' title='bbox 1212 1509 1294 1551; x_wconf 86' lang='lat' dir='ltr'><strong>fore</strong></span> <span class='ocrx_word' id='word_1_191' title='bbox 1336 1515 1382 1551; x_wconf 91' lang='lat' dir='ltr'><strong>ut</strong></span> <span class='ocrx_word' id='word_1_192' title='bbox 1404 1510 1557 1565; x_wconf 85' lang='lat' dir='ltr'><strong>aliquid</strong></span> <span class='ocrx_word' id='word_1_193' title='bbox 1581 1511 1814 1552; x_wconf 86' lang='lat' dir='ltr'><strong>conveniret</strong></span> <span class='ocrx_word' id='word_1_194' title='bbox 1835 1511 1986 1567; x_wconf 88' lang='lat' dir='ltr'><strong>potius,</strong></span> <span class='ocrx_word' id='word_1_195' title='bbox 2038 1517 2046 1558; x_wconf 85' lang='grc'><strong>·.“</strong></span> 
     </span>
     <span class='ocr_line' id='line_1_20' title="bbox 213 1582 2062 1639; baseline 0.002 -15"><span class='ocrx_word' id='word_1_196' title='bbox 213 1598 334 1639; x_wconf 85' lang='lat' dir='ltr'><strong>quam</strong></span> <span class='ocrx_word' id='word_1_197' title='bbox 378 1587 449 1624; x_wconf 89' lang='lat' dir='ltr'><strong>aut</strong></span> <span class='ocrx_word' id='word_1_198' title='bbox 497 1582 563 1623; x_wconf 90' lang='grc'>1110</span> <span class='ocrx_word' id='word_1_199' title='bbox 611 1587 770 1623; x_wconf 87' lang='lat' dir='ltr'><strong>tantum</strong></span> <span class='ocrx_word' id='word_1_200' title='bbox 818 1582 976 1624; x_wconf 90' lang='lat' dir='ltr'><strong>sceleris</strong></span> <span class='ocrx_word' id='word_1_201' title='bbox 1026 1588 1097 1624; x_wconf 86' lang='lat' dir='ltr'><strong>aut</strong></span> <span class='ocrx_word' id='word_1_202' title='bbox 1129 1582 1195 1624; x_wconf 88' lang='lat' dir='ltr'><strong>ille</strong></span> <span class='ocrx_word' id='word_1_203' title='bbox 1230 1587 1390 1624; x_wconf 79' lang='lat' dir='ltr'><strong>tantuin</strong></span> <span class='ocrx_word' id='word_1_204' title='bbox 1424 1583 1567 1638; x_wconf 83' lang='lat' dir='ltr'><strong>flagitii</strong></span> <span class='ocrx_word' id='word_1_205' title='bbox 1600 1583 1845 1626; x_wconf 88' lang='lat' dir='ltr'><strong>admitteret.</strong></span> <span class='ocrx_word' id='word_1_206' title='bbox 1897 1583 1991 1626; x_wconf 83' lang='lat' dir='ltr'><strong>Alia</strong></span> <span class='ocrx_word' id='word_1_207' title='bbox 2034 1597 2062 1629; x_wconf 94' lang='lat'><em>³</em></span> 
     </span>
     <span class='ocr_line' id='line_1_21' title="bbox 158 1655 1988 1713; baseline 0.001 -16"><span class='ocrx_word' id='word_1_208' title='bbox 158 1671 194 1697; x_wconf 78' lang='lat'><strong>20</strong></span> <span class='ocrx_word' id='word_1_209' title='bbox 214 1671 276 1697; x_wconf 91' lang='lat' dir='ltr'><strong>res</strong></span> <span class='ocrx_word' id='word_1_210' title='bbox 319 1671 429 1698; x_wconf 89' lang='lat' dir='ltr'><strong>nunc</strong></span> <span class='ocrx_word' id='word_1_211' title='bbox 472 1660 558 1697; x_wconf 88' lang='lat' dir='ltr'><strong>tota</strong></span> <span class='ocrx_word' id='word_1_212' title='bbox 603 1660 677 1706; x_wconf 88' lang='lat' dir='ltr'><strong>est,</strong></span> <span class='ocrx_word' id='word_1_213' title='bbox 719 1655 796 1697; x_wconf 84' lang='lat' dir='ltr'><strong>alia</strong></span> <span class='ocrx_word' id='word_1_214' title='bbox 829 1671 941 1697; x_wconf 90' lang='lat' dir='ltr'><strong>mens</strong></span> <span class='ocrx_word' id='word_1_215' title='bbox 974 1671 1074 1697; x_wconf 83' lang='lat' dir='ltr'><strong>mea.</strong></span> <span class='ocrx_word' id='word_1_216' title='bbox 1126 1656 1207 1706; x_wconf 89' lang='lat' dir='ltr'><strong>Sol,</strong></span> <span class='ocrx_word' id='word_1_217' title='bbox 1242 1662 1288 1697; x_wconf 89' lang='lat' dir='ltr'><strong>ut</strong></span> <span class='ocrx_word' id='word_1_218' title='bbox 1321 1661 1381 1697; x_wconf 88' lang='lat' dir='ltr'><strong>est</strong></span> <span class='ocrx_word' id='word_1_219' title='bbox 1413 1656 1458 1697; x_wconf 90' lang='lat' dir='ltr'><strong>in</strong></span> <span class='ocrx_word' id='word_1_220' title='bbox 1491 1661 1563 1698; x_wconf 83' lang='lat' dir='ltr'><strong>tua</strong></span> <span class='ocrx_word' id='word_1_221' title='bbox 1596 1655 1769 1712; x_wconf 87' lang='lat' dir='ltr'><strong>quadam</strong></span> <span class='ocrx_word' id='word_1_222' title='bbox 1804 1656 1988 1713; x_wconf 87' lang='lat' dir='ltr'><strong>epistola,</strong></span> 
     </span>
     <span class='ocr_line' id='line_1_22' title="bbox 216 1728 2050 1788; baseline 0.001 -18"><span class='ocrx_word' id='word_1_223' title='bbox 216 1729 412 1770; x_wconf 83' lang='lat' dir='ltr'><strong>excidisse</strong></span> <span class='ocrx_word' id='word_1_224' title='bbox 452 1728 554 1770; x_wconf 84' lang='lat' dir='ltr'><strong>mihi</strong></span> <span class='ocrx_word' id='word_1_225' title='bbox 603 1745 622 1770; x_wconf 93' lang='lat' dir='ltr'><strong>e</strong></span> <span class='ocrx_word' id='word_1_226' title='bbox 668 1729 819 1770; x_wconf 87' lang='lat' dir='ltr'><strong>mundo</strong></span> <span class='ocrx_word' id='word_1_227' title='bbox 854 1728 1027 1770; x_wconf 79' lang='lat' dir='ltr'><strong>videtur.</strong></span> <span class='ocrx_word' id='word_1_228' title='bbox 1075 1730 1131 1770; x_wconf 71' lang='lat' dir='ltr'><strong>[t</strong></span> <span class='ocrx_word' id='word_1_229' title='bbox 1164 1734 1340 1784; x_wconf 80' lang='lat' dir='ltr'><strong>aegroto,</strong></span> <span class='ocrx_word' id='word_1_230' title='bbox 1375 1728 1471 1788; x_wconf 86' lang='lat' dir='ltr'><strong>dum</strong></span> <span class='ocrx_word' id='word_1_231' title='bbox 1505 1729 1641 1771; x_wconf 85' lang='lat' dir='ltr'><strong>anima</strong></span> <span class='ocrx_word' id='word_1_232' title='bbox 1673 1733 1748 1781; x_wconf 91' lang='lat' dir='ltr'><strong>est,</strong></span> <span class='ocrx_word' id='word_1_233' title='bbox 1782 1744 1872 1786; x_wconf 87' lang='lat' dir='ltr'><strong>spes</strong></span> <span class='ocrx_word' id='word_1_234' title='bbox 1905 1745 1990 1772; x_wconf 85' lang='lat' dir='ltr'><strong>esse</strong></span> <span class='ocrx_word' id='word_1_235' title='bbox 2029 1733 2050 1781; x_wconf 69' lang='grc' dir='ltr'>ῗ</span> 
     </span>
     <span class='ocr_line' id='line_1_23' title="bbox 218 1801 2053 1859; baseline 0.002 -18"><span class='ocrx_word' id='word_1_236' title='bbox 218 1801 380 1854; x_wconf 86' lang='lat' dir='ltr'><strong>dicitur,</strong></span> <span class='ocrx_word' id='word_1_237' title='bbox 414 1802 471 1843; x_wconf 90' lang='grc'><strong>310</strong></span> <span class='ocrx_word' id='word_1_238' title='bbox 504 1818 591 1858; x_wconf 83' lang='lat' dir='ltr'><strong>ego,</strong></span> <span class='ocrx_word' id='word_1_239' title='bbox 627 1803 759 1859; x_wconf 80' lang='lat' dir='ltr'><strong>quoad</strong></span> <span class='ocrx_word' id='word_1_240' title='bbox 793 1803 1009 1858; x_wconf 88' lang='lat' dir='ltr'><strong>Pompeius</strong></span> <span class='ocrx_word' id='word_1_241' title='bbox 1041 1804 1084 1844; x_wconf 88' lang='lat' dir='ltr'><strong>in</strong></span> <span class='ocrx_word' id='word_1_242' title='bbox 1118 1802 1237 1844; x_wconf 87' lang='lat' dir='ltr'><strong>Italia</strong></span> <span class='ocrx_word' id='word_1_243' title='bbox 1271 1802 1362 1854; x_wconf 90' lang='lat' dir='ltr'><strong>fuit,</strong></span> <span class='ocrx_word' id='word_1_244' title='bbox 1388 1817 1544 1858; x_wconf 86' lang='lat' dir='ltr'><strong>sperare</strong></span> <span class='ocrx_word' id='word_1_245' title='bbox 1567 1817 1650 1844; x_wconf 90' lang='lat' dir='ltr'><strong>non</strong></span> <span class='ocrx_word' id='word_1_246' title='bbox 1674 1801 1826 1844; x_wconf 88' lang='lat' dir='ltr'><strong>destiti.</strong></span> <span class='ocrx_word' id='word_1_247' title='bbox 1861 1803 1990 1854; x_wconf 84' lang='lat' dir='ltr'><strong>Haec,</strong></span> <span class='ocrx_word' id='word_1_248' title='bbox 2044 1820 2053 1858; x_wconf 11' lang='grc' dir='ltr'><strong>Ἴ·</strong></span> 
     </span>
     <span class='ocr_line' id='line_1_24' title="bbox 220 1874 1992 1930; baseline 0.001 -15"><span class='ocrx_word' id='word_1_249' title='bbox 220 1874 319 1915; x_wconf 86' lang='lat' dir='ltr'><strong>haec</strong></span> <span class='ocrx_word' id='word_1_250' title='bbox 362 1890 424 1916; x_wconf 94' lang='lat' dir='ltr'><strong>me</strong></span> <span class='ocrx_word' id='word_1_251' title='bbox 467 1875 695 1917; x_wconf 85' lang='lat' dir='ltr'><strong>fefellerunt</strong></span> <span class='ocrx_word' id='word_1_252' title='bbox 742 1883 796 1926; x_wconf 85' lang='lat' dir='ltr'><strong>et,</strong></span> <span class='ocrx_word' id='word_1_253' title='bbox 842 1881 887 1917; x_wconf 88' lang='lat' dir='ltr'><strong>ut</strong></span> <span class='ocrx_word' id='word_1_254' title='bbox 938 1890 1075 1917; x_wconf 86' lang='lat' dir='ltr'><strong>verum</strong></span> <span class='ocrx_word' id='word_1_255' title='bbox 1108 1874 1262 1930; x_wconf 85' lang='lat' dir='ltr'><strong>loquar,</strong></span> <span class='ocrx_word' id='word_1_256' title='bbox 1297 1881 1405 1916; x_wconf 85' lang='lat' dir='ltr'><strong>aetas</strong></span> <span class='ocrx_word' id='word_1_257' title='bbox 1437 1875 1518 1917; x_wconf 89' lang='lat' dir='ltr'><strong>iam</strong></span> <span class='ocrx_word' id='word_1_258' title='bbox 1551 1889 1574 1916; x_wconf 91' lang='lat' dir='ltr'><strong>a</strong></span> <span class='ocrx_word' id='word_1_259' title='bbox 1607 1874 1812 1917; x_wconf 87' lang='lat' dir='ltr'><strong>diuturnis</strong></span> <span class='ocrx_word' id='word_1_260' title='bbox 1844 1874 1992 1917; x_wconf 90' lang='lat' dir='ltr'><strong>labori-</strong></span> 
     </span>
     <span class='ocr_line' id='line_1_25' title="bbox 220 1947 2028 2001; baseline 0.002 -14"><span class='ocrx_word' id='word_1_261' title='bbox 220 1947 295 1988; x_wconf 79' lang='lat' dir='ltr'><strong>bus</strong></span> <span class='ocrx_word' id='word_1_262' title='bbox 329 1947 478 1990; x_wconf 75' lang='lat' dir='ltr'><strong>devexa</strong></span> <span class='ocrx_word' id='word_1_263' title='bbox 511 1948 561 1990; x_wconf 89' lang='lat' dir='ltr'><strong>ad</strong></span> <span class='ocrx_word' id='word_1_264' title='bbox 596 1949 723 1990; x_wconf 87' lang='lat' dir='ltr'><strong>otium</strong></span> <span class='ocrx_word' id='word_1_265' title='bbox 757 1948 1066 1990; x_wconf 83' lang='lat' dir='ltr'><strong>domesticarum</strong></span> <span class='ocrx_word' id='word_1_266' title='bbox 1099 1963 1161 1989; x_wconf 90' lang='lat' dir='ltr'><strong>me</strong></span> <span class='ocrx_word' id='word_1_267' title='bbox 1194 1963 1326 1989; x_wconf 84' lang='lat' dir='ltr'><strong>rerum</strong></span> <span class='ocrx_word' id='word_1_268' title='bbox 1351 1948 1616 1990; x_wconf 87' lang='lat' dir='ltr'><strong>delectatione</strong></span> <span class='ocrx_word' id='word_1_269' title='bbox 1633 1947 1819 1990; x_wconf 85' lang='lat' dir='ltr'><strong>mollivit.</strong></span> <span class='ocrx_word' id='word_1_270' title='bbox 1852 1949 1991 2001; x_wconf 89' lang='lat' dir='ltr'><strong>Nunc,</strong></span> <span class='ocrx_word' id='word_1_271' title='bbox 2021 1972 2028 1976; x_wconf 94' lang='lat'><em>-</em></span> 
     </span>
     <span class='ocr_line' id='line_1_26' title="bbox 167 2020 1993 2078; baseline 0 -17"><span class='ocrx_word' id='word_1_272' title='bbox 167 2034 198 2060; x_wconf 78' lang='lat'><strong>25</strong></span> <span class='ocrx_word' id='word_1_273' title='bbox 221 2021 254 2062; x_wconf 88' lang='lat' dir='ltr'><strong>si</strong></span> <span class='ocrx_word' id='word_1_274' title='bbox 288 2022 350 2062; x_wconf 77' lang='lat' dir='ltr'><strong>vel</strong></span> <span class='ocrx_word' id='word_1_275' title='bbox 382 2022 603 2077; x_wconf 86' lang='lat' dir='ltr'><strong>periculose</strong></span> <span class='ocrx_word' id='word_1_276' title='bbox 638 2022 932 2078; x_wconf 79' lang='lat' dir='ltr'><strong>experiundum</strong></span> <span class='ocrx_word' id='word_1_277' title='bbox 966 2022 1055 2073; x_wconf 87' lang='lat' dir='ltr'><strong>erit,</strong></span> <span class='ocrx_word' id='word_1_278' title='bbox 1090 2022 1269 2077; x_wconf 80' lang='lat' dir='ltr'><strong>experiar</strong></span> <span class='ocrx_word' id='word_1_279' title='bbox 1303 2027 1424 2073; x_wconf 85' lang='lat' dir='ltr'><strong>certe,</strong></span> <span class='ocrx_word' id='word_1_280' title='bbox 1458 2027 1505 2063; x_wconf 90' lang='lat' dir='ltr'><strong>ut</strong></span> <span class='ocrx_word' id='word_1_281' title='bbox 1536 2021 1631 2062; x_wconf 91' lang='grc'>111110</span> <span class='ocrx_word' id='word_1_282' title='bbox 1665 2020 1832 2063; x_wconf 85' lang='lat' dir='ltr'><strong>avolem.</strong></span> <span class='ocrx_word' id='word_1_283' title='bbox 1885 2022 1993 2063; x_wconf 91' lang='lat' dir='ltr'><strong>Ante</strong></span> 
     </span>
    </p>
   </div>
   <div class='ocr_carea' id='block_1_3' title="bbox 2055 469 2062 632">
    <p class='ocr_par' dir='ltr' id='par_1_3' title="bbox 2055 469 2062 632">
     <span class='ocr_line' id='line_1_27' title="bbox 2055 469 2062 632; textangle 90"><span class='ocrx_word' id='word_1_284' title='bbox 2055 469 2062 632; x_wconf 36' lang='grc' dir='ltr'><strong>,ᾠμ-</strong></span> 
     </span>
    </p>
   </div>
   <div class='ocr_carea' id='block_1_4' title="bbox 2012 96 2048 754">
    <p class='ocr_par' dir='ltr' id='par_1_4' title="bbox 2012 96 2048 754">
     <span class='ocr_line' id='line_1_28' title="bbox 2012 96 2048 754; textangle 90"><span class='ocrx_word' id='word_1_285' title='bbox 2019 600 2048 754; x_wconf 43' lang='lat' dir='ltr'><strong>,mffiwaeaoe</strong></span> <span class='ocrx_word' id='word_1_286' title='bbox 2020 540 2037 591; x_wconf 23' lang='grc' dir='ltr'><strong>ἕν’-«Α</strong></span> <span class='ocrx_word' id='word_1_287' title='bbox 2020 431 2046 526; x_wconf 50' lang='grc' dir='ltr'><strong>φώνων</strong></span> <span class='ocrx_word' id='word_1_288' title='bbox 2018 328 2042 423; x_wconf 41' lang='lat' dir='ltr'><strong>remo&amp;</strong></span> <span class='ocrx_word' id='word_1_289' title='bbox 2012 198 2047 322; x_wconf 47' lang='grc' dir='ltr'><strong>φαλῑϊ*</strong></span> <span class='ocrx_word' id='word_1_290' title='bbox 2024 159 2036 187; x_wconf 53' lang='lat' dir='ltr'><strong>*a</strong></span> <span class='ocrx_word' id='word_1_291' title='bbox 2023 124 2034 133; x_wconf 33' lang='grc' dir='ltr'><strong><em>ἰ</em></strong></span> <span class='ocrx_word' id='word_1_292' title='bbox 2025 96 2035 114; x_wconf 82' lang='grc'><strong>··</strong></span> 
     </span>
    </p>
   </div>
   <div class='ocr_carea' id='block_1_5' title="bbox 2027 772 2045 957">
    <p class='ocr_par' dir='ltr' id='par_1_5' title="bbox 2027 772 2045 957">
     <span class='ocr_line' id='line_1_29' title="bbox 2027 772 2045 957; textangle 90"><span class='ocrx_word' id='word_1_293' title='bbox 2027 887 2045 957; x_wconf 45' lang='grc' dir='ltr'><strong>’κη’</strong></span> <span class='ocrx_word' id='word_1_294' title='bbox 2029 802 2043 875; x_wconf 52' lang='lat' dir='ltr'><strong>asts-²</strong></span> <span class='ocrx_word' id='word_1_295' title='bbox 2030 772 2035 786; x_wconf 89' lang='grc'><strong>··</strong></span> 
     </span>
    </p>
   </div>
   <div class='ocr_carea' id='block_1_6' title="bbox 223 2094 2062 2295">
    <p class='ocr_par' dir='ltr' id='par_1_6' title="bbox 223 2094 2062 2295">
     <span class='ocr_line' id='line_1_30' title="bbox 223 2094 2054 2151; baseline 0.001 -16"><span class='ocrx_word' id='word_1_296' title='bbox 223 2095 400 2150; x_wconf 88' lang='lat' dir='ltr'><strong>oportuit</strong></span> <span class='ocrx_word' id='word_1_297' title='bbox 432 2095 612 2136; x_wconf 85' lang='lat' dir='ltr'><strong>fortasse.</strong></span> <span class='ocrx_word' id='word_1_298' title='bbox 648 2095 725 2136; x_wconf 89' lang='lat' dir='ltr'><strong>Sed</strong></span> <span class='ocrx_word' id='word_1_299' title='bbox 758 2110 817 2146; x_wconf 89' lang='lat' dir='ltr'><strong>ea,</strong></span> <span class='ocrx_word' id='word_1_300' title='bbox 853 2110 953 2149; x_wconf 76' lang='lat' dir='ltr'><strong>quae</strong></span> <span class='ocrx_word' id='word_1_301' title='bbox 988 2095 1143 2151; x_wconf 84' lang='lat' dir='ltr'><strong>scripsi,</strong></span> <span class='ocrx_word' id='word_1_302' title='bbox 1177 2110 1239 2136; x_wconf 88' lang='lat' dir='ltr'><strong>me</strong></span> <span class='ocrx_word' id='word_1_303' title='bbox 1274 2094 1487 2136; x_wconf 84' lang='lat' dir='ltr'><strong>tardarunt</strong></span> <span class='ocrx_word' id='word_1_304' title='bbox 1518 2099 1558 2135; x_wconf 90' lang='lat' dir='ltr'><strong>et</strong></span> <span class='ocrx_word' id='word_1_305' title='bbox 1581 2094 1799 2136; x_wconf 85' lang='lat' dir='ltr'><strong>auctoritas</strong></span> <span class='ocrx_word' id='word_1_306' title='bbox 1820 2095 1993 2136; x_wconf 77' lang='lat' dir='ltr'><strong>maxime</strong></span> <span class='ocrx_word' id='word_1_307' title='bbox 2037 2113 2054 2149; x_wconf 56' lang='grc' dir='ltr'><strong>χ</strong></span> 
     </span>
     <span class='ocr_line' id='line_1_31' title="bbox 223 2164 2054 2224; baseline 0.001 -16"><span class='ocrx_word' id='word_1_308' title='bbox 223 2172 308 2208; x_wconf 84' lang='lat' dir='ltr'><strong>tua.</strong></span> <span class='ocrx_word' id='word_1_309' title='bbox 346 2170 387 2208; x_wconf 75' lang='lat'><strong>4.</strong></span> <span class='ocrx_word' id='word_1_310' title='bbox 422 2167 530 2209; x_wconf 90' lang='lat' dir='ltr'><strong>Nam</strong></span> <span class='ocrx_word' id='word_1_311' title='bbox 564 2183 688 2222; x_wconf 85' lang='lat' dir='ltr'><strong>quum</strong></span> <span class='ocrx_word' id='word_1_312' title='bbox 723 2167 773 2208; x_wconf 84' lang='lat' dir='ltr'><strong>ad</strong></span> <span class='ocrx_word' id='word_1_313' title='bbox 806 2168 914 2210; x_wconf 90' lang='lat' dir='ltr'><strong>hunc</strong></span> <span class='ocrx_word' id='word_1_314' title='bbox 948 2168 1080 2209; x_wconf 86' lang='lat' dir='ltr'><strong>locum</strong></span> <span class='ocrx_word' id='word_1_315' title='bbox 1111 2167 1323 2217; x_wconf 86' lang='lat' dir='ltr'><strong>venissem,</strong></span> <span class='ocrx_word' id='word_1_316' title='bbox 1359 2167 1489 2208; x_wconf 82' lang='lat' dir='ltr'><strong>evolvi</strong></span> <span class='ocrx_word' id='word_1_317' title='bbox 1522 2166 1710 2208; x_wconf 86' lang='lat' dir='ltr'><strong>volumen</strong></span> <span class='ocrx_word' id='word_1_318' title='bbox 1735 2168 1994 2224; x_wconf 85' lang='lat' dir='ltr'><strong>epistolarum</strong></span> <span class='ocrx_word' id='word_1_319' title='bbox 2036 2164 2054 2196; x_wconf 57' lang='grc' dir='ltr'><strong>’ἵ</strong></span> 
     </span>
     <span class='ocr_line' id='line_1_32' title="bbox 225 2224 2062 2295; baseline 0.001 -15"><span class='ocrx_word' id='word_1_320' title='bbox 225 2245 400 2289; x_wconf 86' lang='lat' dir='ltr'><strong>tuarum,</strong></span> <span class='ocrx_word' id='word_1_321' title='bbox 447 2239 553 2294; x_wconf 86' lang='lat' dir='ltr'><strong>quod</strong></span> <span class='ocrx_word' id='word_1_322' title='bbox 598 2255 671 2295; x_wconf 81' lang='lat' dir='ltr'><strong>ego</strong></span> <span class='ocrx_word' id='word_1_323' title='bbox 714 2241 789 2283; x_wconf 86' lang='lat' dir='ltr'><strong>sub</strong></span> <span class='ocrx_word' id='word_1_324' title='bbox 839 2241 954 2295; x_wconf 82' lang='lat' dir='ltr'><strong>signo</strong></span> <span class='ocrx_word' id='word_1_325' title='bbox 987 2240 1112 2282; x_wconf 86' lang='lat' dir='ltr'><strong>habeo</strong></span> <span class='ocrx_word' id='word_1_326' title='bbox 1148 2254 1338 2294; x_wconf 84' lang='lat' dir='ltr'><strong>servoque</strong></span> <span class='ocrx_word' id='word_1_327' title='bbox 1374 2239 1694 2294; x_wconf 83' lang='lat' dir='ltr'><strong>diligentissime.</strong></span> <span class='ocrx_word' id='word_1_328' title='bbox 1741 2241 1839 2282; x_wconf 85' lang='lat' dir='ltr'><strong>Erat</strong></span> <span class='ocrx_word' id='word_1_329' title='bbox 1869 2241 1996 2295; x_wconf 88' lang='lat' dir='ltr'><strong>igitur</strong></span> <span class='ocrx_word' id='word_1_330' title='bbox 2041 2224 2062 2269; x_wconf 49' lang='lat' dir='ltr'><strong>a*</strong></span> 
     </span>
    </p>
   </div>
   <div class='ocr_carea' id='block_1_7' title="bbox 271 2402 1704 2445">
    <p class='ocr_par' dir='ltr' id='par_1_7' title="bbox 271 2402 1704 2445">
     <span class='ocr_line' id='line_1_33' title="bbox 271 2402 1704 2445; baseline 0.003 -12"><span class='ocrx_word' id='word_1_331' title='bbox 271 2402 309 2433; x_wconf 90' lang='grc'><strong>10</strong></span> <span class='ocrx_word' id='word_1_332' title='bbox 331 2405 426 2441; x_wconf 78' lang='lat' dir='ltr'><strong>reete,</strong></span> <span class='ocrx_word' id='word_1_333' title='bbox 449 2403 538 2434; x_wconf 78' lang='lat' dir='ltr'><strong>immo</strong></span> <span class='ocrx_word' id='word_1_334' title='bbox 560 2403 629 2435; x_wconf 76' lang='lat' dir='ltr'><strong>iure</strong></span> <span class='ocrx_word' id='word_1_335' title='bbox 644 2404 799 2445; x_wconf 74' lang='lat' dir='ltr'><strong>fortasse.</strong></span> <span class='ocrx_word' id='word_1_336' title='bbox 822 2403 883 2434; x_wconf 78' lang='lat' dir='ltr'><strong>Sed</strong></span> <span class='ocrx_word' id='word_1_337' title='bbox 904 2421 943 2426; x_wconf 84' lang='lat'>-</span> <span class='ocrx_word' id='word_1_338' title='bbox 967 2404 1008 2434; x_wconf 71' lang='lat'><strong>24</strong></span> <span class='ocrx_word' id='word_1_339' title='bbox 1031 2404 1143 2435; x_wconf 67' lang='lat' dir='ltr'><strong>monti!</strong></span> <span class='ocrx_word' id='word_1_340' title='bbox 1167 2405 1221 2443; x_wconf 88' lang='lat' dir='ltr'><strong>(In</strong></span> <span class='ocrx_word' id='word_1_341' title='bbox 1245 2405 1334 2436; x_wconf 89' lang='lat' dir='ltr'><strong>Med.</strong></span> <span class='ocrx_word' id='word_1_342' title='bbox 1357 2412 1542 2437; x_wconf 86' lang='lat' dir='ltr'><strong>correctum</strong></span> <span class='ocrx_word' id='word_1_343' title='bbox 1568 2411 1641 2443; x_wconf 70' lang='lat' dir='ltr'><strong>est).</strong></span> <span class='ocrx_word' id='word_1_344' title='bbox 1664 2423 1704 2428; x_wconf 86' lang='lat'><strong>—-</strong></span> 
     </span>
    </p>
   </div>
   <div class='ocr_carea' id='block_1_8' title="bbox 306 2493 517 2497">
    <p class='ocr_par' dir='ltr' id='par_1_8' title="bbox 306 2493 517 2497">
     <span class='ocr_line' id='line_1_34' title="bbox 306 2493 517 2497; baseline 0 0"><span class='ocrx_word' id='word_1_345' title='bbox 306 2493 517 2497; x_wconf 95' lang='lat' dir='ltr'><strong> </strong></span> 
     </span>
    </p>
   </div>
   <div class='ocr_carea' id='block_1_9' title="bbox 520 2494 679 2498">
    <p class='ocr_par' dir='ltr' id='par_1_9' title="bbox 520 2494 679 2498">
     <span class='ocr_line' id='line_1_35' title="bbox 520 2494 679 2498; baseline 0 0"><span class='ocrx_word' id='word_1_346' title='bbox 520 2494 679 2498; x_wconf 95' lang='lat' dir='ltr'><strong> </strong></span> 
     </span>
    </p>
   </div>
   <div class='ocr_carea' id='block_1_10' title="bbox 273 2539 2062 2595">
    <p class='ocr_par' dir='ltr' id='par_1_10' title="bbox 273 2539 2062 2595">
     <span class='ocr_line' id='line_1_36' title="bbox 273 2539 2062 2595; baseline -0.001 -14"><span class='ocrx_word' id='word_1_347' title='bbox 273 2551 292 2591; x_wconf 66' lang='grc' dir='ltr'>ξ</span> <span class='ocrx_word' id='word_1_348' title='bbox 316 2552 345 2582; x_wconf 88' lang='grc'><strong>3.</strong></span> <span class='ocrx_word' id='word_1_349' title='bbox 369 2549 452 2581; x_wconf 75' lang='lat' dir='ltr'><strong>Mihi</strong></span> <span class='ocrx_word' id='word_1_350' title='bbox 475 2569 515 2573; x_wconf 92' lang='lat'>—</span> <span class='ocrx_word' id='word_1_351' title='bbox 537 2550 708 2581; x_wconf 72' lang='lat' dir='ltr'><strong>haeserunt</strong></span> <span class='ocrx_word' id='word_1_352' title='bbox 731 2548 791 2580; x_wconf 76' lang='lat' dir='ltr'><strong>illa</strong></span> <span class='ocrx_word' id='word_1_353' title='bbox 819 2558 852 2579; x_wconf 77' lang='lat' dir='ltr'><strong>o:</strong></span> <span class='ocrx_word' id='word_1_354' title='bbox 879 2549 990 2580; x_wconf 81' lang='lat' dir='ltr'><strong>animo</strong></span> <span class='ocrx_word' id='word_1_355' title='bbox 1016 2558 1090 2580; x_wconf 89' lang='lat' dir='ltr'><strong>meo</strong></span> <span class='ocrx_word' id='word_1_356' title='bbox 1113 2578 1115 2595; x_wconf 62' lang='grc' dir='ltr'>Ι</span> <span class='ocrx_word' id='word_1_357' title='bbox 1137 2550 1192 2581; x_wconf 81' lang='lat' dir='ltr'><strong>det</strong></span> <span class='ocrx_word' id='word_1_358' title='bbox 1214 2549 1270 2587; x_wconf 82' lang='lat' dir='ltr'><strong>ita,</strong></span> <span class='ocrx_word' id='word_1_359' title='bbox 1293 2556 1330 2580; x_wconf 87' lang='lat' dir='ltr'><strong>ut</strong></span> <span class='ocrx_word' id='word_1_360' title='bbox 1353 2555 1451 2591; x_wconf 85' lang='lat' dir='ltr'><strong>neget</strong></span> <span class='ocrx_word' id='word_1_361' title='bbox 1473 2559 1528 2582; x_wconf 87' lang='lat' dir='ltr'><strong>eos</strong></span> <span class='ocrx_word' id='word_1_362' title='bbox 1551 2552 1636 2581; x_wconf 81' lang='lat' dir='ltr'><strong>recte</strong></span> <span class='ocrx_word' id='word_1_363' title='bbox 1659 2550 1783 2587; x_wconf 87' lang='lat' dir='ltr'><strong>fecisse,</strong></span> <span class='ocrx_word' id='word_1_364' title='bbox 1797 2550 1866 2581; x_wconf 77' lang='lat' dir='ltr'><strong>iure</strong></span> <span class='ocrx_word' id='word_1_365' title='bbox 1883 2549 1997 2581; x_wconf 83' lang='lat' dir='ltr'><strong>fecisse</strong></span> <span class='ocrx_word' id='word_1_366' title='bbox 2042 2539 2062 2579; x_wconf 58' lang='grc' dir='ltr'><strong>’ἕ</strong></span> 
     </span>
    </p>
   </div>
   <div class='ocr_carea' id='block_1_11' title="bbox 230 2597 2062 3072">
    <p class='ocr_par' dir='ltr' id='par_1_11' title="bbox 232 2597 1545 2642">
     <span class='ocr_line' id='line_1_37' title="bbox 232 2597 1545 2642; baseline -0.002 -8"><span class='ocrx_word' id='word_1_367' title='bbox 232 2603 492 2635; x_wconf 76' lang='lat' dir='ltr'><strong>obversabantur</strong></span> <span class='ocrx_word' id='word_1_368' title='bbox 514 2602 644 2639; x_wconf 87' lang='lat' dir='ltr'><strong>iudicia,</strong></span> <span class='ocrx_word' id='word_1_369' title='bbox 660 2610 742 2642; x_wconf 82' lang='lat' dir='ltr'><strong>quae</strong></span> <span class='ocrx_word' id='word_1_370' title='bbox 759 2602 800 2632; x_wconf 89' lang='lat' dir='ltr'><strong>de</strong></span> <span class='ocrx_word' id='word_1_371' title='bbox 812 2601 993 2642; x_wconf 80' lang='lat' dir='ltr'><strong>Tarquinio</strong></span> <span class='ocrx_word' id='word_1_372' title='bbox 1005 2601 1090 2632; x_wconf 84' lang='lat' dir='ltr'><strong>aliis·</strong></span> <span class='ocrx_word' id='word_1_373' title='bbox 1113 2597 1115 2640; x_wconf 68' lang='grc' dir='ltr'>ξ</span> <span class='ocrx_word' id='word_1_374' title='bbox 1137 2604 1327 2636; x_wconf 79' lang='lat' dir='ltr'><strong>dubitanter</strong></span> <span class='ocrx_word' id='word_1_375' title='bbox 1349 2605 1545 2636; x_wconf 84' lang='lat' dir='ltr'><strong>concedens.</strong></span> 
     </span>
    </p>

    <p class='ocr_par' dir='ltr' id='par_1_12' title="bbox 230 2645 2051 2804">
     <span class='ocr_line' id='line_1_38' title="bbox 230 2645 1998 2697; baseline 0 -10"><span class='ocrx_word' id='word_1_376' title='bbox 230 2666 293 2697; x_wconf 88' lang='lat' dir='ltr'><strong>que</strong></span> <span class='ocrx_word' id='word_1_377' title='bbox 315 2655 392 2687; x_wconf 86' lang='lat' dir='ltr'><strong>ferri</strong></span> <span class='ocrx_word' id='word_1_378' title='bbox 414 2656 531 2687; x_wconf 82' lang='lat' dir='ltr'><strong>solent.</strong></span> <span class='ocrx_word' id='word_1_379' title='bbox 552 2655 678 2686; x_wconf 83' lang='lat' dir='ltr'><strong>Eadem</strong></span> <span class='ocrx_word' id='word_1_380' title='bbox 701 2655 824 2685; x_wconf 89' lang='lat' dir='ltr'><strong>locutio</strong></span> <span class='ocrx_word' id='word_1_381' title='bbox 856 2654 940 2686; x_wconf 83' lang='lat' dir='ltr'><strong>redit</strong></span> <span class='ocrx_word' id='word_1_382' title='bbox 968 2655 986 2694; x_wconf 65' lang='grc' dir='ltr'>ξ</span> <span class='ocrx_word' id='word_1_383' title='bbox 1009 2656 1030 2684; x_wconf 85' lang='lat'><em>4</em></span> <span class='ocrx_word' id='word_1_384' title='bbox 1060 2659 1091 2685; x_wconf 87' lang='lat' dir='ltr'><strong>et</strong></span> <span class='ocrx_word' id='word_1_385' title='bbox 1113 2645 1115 2684; x_wconf 66' lang='lat'><strong>¹]</strong></span> <span class='ocrx_word' id='word_1_386' title='bbox 1183 2656 1277 2697; x_wconf 74' lang='lat' dir='ltr'><strong>Quem</strong></span> <span class='ocrx_word' id='word_1_387' title='bbox 1285 2659 1449 2697; x_wconf 79' lang='lat' dir='ltr'><strong>parentem</strong></span> <span class='ocrx_word' id='word_1_388' title='bbox 1460 2666 1527 2688; x_wconf 75' lang='lat' dir='ltr'><strong>esse</strong></span> <span class='ocrx_word' id='word_1_389' title='bbox 1539 2657 1700 2688; x_wconf 67' lang='lat' dir='ltr'><strong>dixerunt.</strong></span> <span class='ocrx_word' id='word_1_390' title='bbox 1711 2657 1888 2689; x_wconf 84' lang='lat' dir='ltr'><strong>Assentior</strong></span> <span class='ocrx_word' id='word_1_391' title='bbox 1900 2656 1998 2688; x_wconf 75' lang='lat' dir='ltr'><strong>Lam-</strong></span> 
     </span>
     <span class='ocr_line' id='line_1_39' title="bbox 231 2707 2051 2751; baseline -0.001 -10"><span class='ocrx_word' id='word_1_392' title='bbox 231 2710 401 2741; x_wconf 82' lang='lat' dir='ltr'><strong>invenitur</strong></span> <span class='ocrx_word' id='word_1_393' title='bbox 422 2709 457 2740; x_wconf 88' lang='lat' dir='ltr'><strong>in</strong></span> <span class='ocrx_word' id='word_1_394' title='bbox 479 2708 615 2740; x_wconf 81' lang='lat' dir='ltr'><strong>Traiani</strong></span> <span class='ocrx_word' id='word_1_395' title='bbox 638 2707 787 2748; x_wconf 78' lang='lat' dir='ltr'><strong>Epistola</strong></span> <span class='ocrx_word' id='word_1_396' title='bbox 809 2708 895 2739; x_wconf 88' lang='lat' dir='ltr'><strong>inter</strong></span> <span class='ocrx_word' id='word_1_397' title='bbox 917 2707 1089 2739; x_wconf 84' lang='lat' dir='ltr'><strong>Plinianas</strong></span> <span class='ocrx_word' id='word_1_398' title='bbox 1139 2709 1217 2740; x_wconf 86' lang='lat' dir='ltr'><strong>bino</strong></span> <span class='ocrx_word' id='word_1_399' title='bbox 1239 2709 1370 2750; x_wconf 78' lang='lat' dir='ltr'><strong>patriae</strong></span> <span class='ocrx_word' id='word_1_400' title='bbox 1398 2712 1563 2750; x_wconf 77' lang='lat' dir='ltr'><strong>parentem</strong></span> <span class='ocrx_word' id='word_1_401' title='bbox 1600 2720 1619 2741; x_wconf 84' lang='lat' dir='ltr'><strong>a</strong></span> <span class='ocrx_word' id='word_1_402' title='bbox 1648 2709 1807 2742; x_wconf 86' lang='lat' dir='ltr'><strong>Cicerone</strong></span> <span class='ocrx_word' id='word_1_403' title='bbox 1838 2709 1996 2751; x_wconf 83' lang='lat' dir='ltr'><strong>scriptum</strong></span> <span class='ocrx_word' id='word_1_404' title='bbox 2040 2711 2051 2719; x_wconf 74' lang='lat'><em>‘</em></span> 
     </span>
     <span class='ocr_line' id='line_1_40' title="bbox 231 2762 1325 2804; baseline 0.001 -11"><span class='ocrx_word' id='word_1_405' title='bbox 231 2762 276 2793; x_wconf 83' lang='lat' dir='ltr'><strong>X.</strong></span> <span class='ocrx_word' id='word_1_406' title='bbox 299 2763 350 2793; x_wconf 88' lang='lat'><strong>95.</strong></span> <span class='ocrx_word' id='word_1_407' title='bbox 790 2762 797 2767; x_wconf 66' lang='grc'><em>’</em></span> <span class='ocrx_word' id='word_1_408' title='bbox 1137 2763 1325 2804; x_wconf 83' lang='lat' dir='ltr'><strong>suspicanti.</strong></span> 
     </span>
    </p>

    <p class='ocr_par' dir='ltr' id='par_1_13' title="bbox 231 2813 2062 2964">
     <span class='ocr_line' id='line_1_41' title="bbox 271 2813 2059 2884; baseline 0.001 -38"><span class='ocrx_word' id='word_1_409' title='bbox 271 2815 413 2857; x_wconf 75' lang='lat' dir='ltr'><strong>Hippias</strong></span> <span class='ocrx_word' id='word_1_410' title='bbox 435 2834 475 2838; x_wconf 81' lang='lat'><strong>—</strong></span> <span class='ocrx_word' id='word_1_411' title='bbox 496 2814 620 2846; x_wconf 79' lang='lat' dir='ltr'><strong>cecidit.</strong></span> <span class='ocrx_word' id='word_1_412' title='bbox 644 2815 737 2845; x_wconf 84' lang='lat' dir='ltr'><strong>Idem</strong></span> <span class='ocrx_word' id='word_1_413' title='bbox 766 2814 865 2845; x_wconf 82' lang='lat' dir='ltr'><strong>tradit</strong></span> <span class='ocrx_word' id='word_1_414' title='bbox 880 2814 1028 2845; x_wconf 86' lang='lat' dir='ltr'><strong>Iustinus</strong></span> <span class='ocrx_word' id='word_1_415' title='bbox 1044 2815 1090 2845; x_wconf 89' lang='grc' dir='ltr'><strong>Π.</strong></span> <span class='ocrx_word' id='word_1_416' title='bbox 1113 2813 1117 2884; x_wconf 74' lang='grc' dir='ltr'>Ι</span> <span class='ocrx_word' id='word_1_417' title='bbox 1178 2816 1254 2857; x_wconf 77' lang='lat' dir='ltr'><strong>Spes</strong></span> <span class='ocrx_word' id='word_1_418' title='bbox 1275 2827 1321 2847; x_wconf 82' lang='lat' dir='ltr'><strong>me</strong></span> <span class='ocrx_word' id='word_1_419' title='bbox 1342 2818 1360 2855; x_wconf 93' lang='lat'>†</span> <span class='ocrx_word' id='word_1_420' title='bbox 1381 2816 1573 2848; x_wconf 79' lang='lat' dir='ltr'><strong>obtentabat.</strong></span> <span class='ocrx_word' id='word_1_421' title='bbox 1598 2817 1822 2849; x_wconf 85' lang='lat' dir='ltr'><strong>Scribendum</strong></span> <span class='ocrx_word' id='word_1_422' title='bbox 1842 2818 1997 2848; x_wconf 70' lang='lat' dir='ltr'><strong>sustenta-</strong></span> <span class='ocrx_word' id='word_1_423' title='bbox 2057 2853 2059 2858; x_wconf 35' lang='grc' dir='ltr'>Ι</span> 
     </span>
     <span class='ocr_line' id='line_1_42' title="bbox 231 2867 2062 2910; baseline -0.001 -10"><span class='ocrx_word' id='word_1_424' title='bbox 231 2870 251 2900; x_wconf 84' lang='grc'><strong>9</strong></span> <span class='ocrx_word' id='word_1_425' title='bbox 273 2875 356 2900; x_wconf 77' lang='lat' dir='ltr'><strong>extr.</strong></span> <span class='ocrx_word' id='word_1_426' title='bbox 378 2868 495 2909; x_wconf 89' lang='lat' dir='ltr'><strong>Neque</strong></span> <span class='ocrx_word' id='word_1_427' title='bbox 516 2868 714 2904; x_wconf 81' lang='lat' dir='ltr'><strong>HerodotuS,</strong></span> <span class='ocrx_word' id='word_1_428' title='bbox 746 2876 853 2907; x_wconf 87' lang='lat' dir='ltr'><strong>neque</strong></span> <span class='ocrx_word' id='word_1_429' title='bbox 881 2867 1092 2908; x_wconf 72' lang='lat' dir='ltr'><strong>Thucydides</strong></span> <span class='ocrx_word' id='word_1_430' title='bbox 1137 2869 1190 2900; x_wconf 74' lang='lat' dir='ltr'><strong>bat</strong></span> <span class='ocrx_word' id='word_1_431' title='bbox 1221 2879 1238 2900; x_wconf 88' lang='grc'><strong>0</strong></span> <span class='ocrx_word' id='word_1_432' title='bbox 1266 2869 1425 2900; x_wconf 85' lang='lat' dir='ltr'><strong>Lambini</strong></span> <span class='ocrx_word' id='word_1_433' title='bbox 1454 2869 1666 2908; x_wconf 82' lang='lat' dir='ltr'><strong>correctione,</strong></span> <span class='ocrx_word' id='word_1_434' title='bbox 1695 2870 1832 2910; x_wconf 82' lang='lat' dir='ltr'><strong>probata</strong></span> <span class='ocrx_word' id='word_1_435' title='bbox 1860 2869 1997 2901; x_wconf 83' lang='lat' dir='ltr'><strong>Wesen-</strong></span> <span class='ocrx_word' id='word_1_436' title='bbox 2058 2868 2062 2898; x_wconf 76' lang='grc' dir='ltr'><strong>ἶ·</strong></span> 
     </span>
     <span class='ocr_line' id='line_1_43' title="bbox 232 2923 1997 2964; baseline 0.001 -12"><span class='ocrx_word' id='word_1_437' title='bbox 232 2931 301 2953; x_wconf 87' lang='lat' dir='ltr'><strong>rem</strong></span> <span class='ocrx_word' id='word_1_438' title='bbox 323 2927 517 2952; x_wconf 84' lang='lat' dir='ltr'><strong>memorant.</strong></span> <span class='ocrx_word' id='word_1_439' title='bbox 1139 2924 1254 2964; x_wconf 83' lang='lat' dir='ltr'><strong>bergio</strong></span> <span class='ocrx_word' id='word_1_440' title='bbox 1275 2923 1414 2954; x_wconf 90' lang='lat' dir='ltr'><strong>Emend.</strong></span> <span class='ocrx_word' id='word_1_441' title='bbox 1437 2934 1468 2964; x_wconf 90' lang='lat' dir='ltr'><strong>p.</strong></span> <span class='ocrx_word' id='word_1_442' title='bbox 1494 2923 1564 2955; x_wconf 84' lang='lat'><strong>130.</strong></span> <span class='ocrx_word' id='word_1_443' title='bbox 1591 2923 1707 2955; x_wconf 83' lang='lat' dir='ltr'><strong>Minus</strong></span> <span class='ocrx_word' id='word_1_444' title='bbox 1729 2924 1885 2955; x_wconf 84' lang='lat' dir='ltr'><strong>convenit</strong></span> <span class='ocrx_word' id='word_1_445' title='bbox 1906 2923 1997 2956; x_wconf 88' lang='lat' dir='ltr'><strong>Cice-</strong></span> 
     </span>
    </p>

    <p class='ocr_par' dir='ltr' id='par_1_14' title="bbox 232 2970 2045 3072">
     <span class='ocr_line' id='line_1_44' title="bbox 274 2970 1998 3019; baseline -0.001 -15"><span class='ocrx_word' id='word_1_446' title='bbox 274 2976 317 3004; x_wconf 70' lang='grc' dir='ltr'><strong><em>Λί</em></strong></span> <span class='ocrx_word' id='word_1_447' title='bbox 339 2973 439 3011; x_wconf 74' lang='lat' dir='ltr'><em>Sulla,</em></span> <span class='ocrx_word' id='word_1_448' title='bbox 463 2975 497 3004; x_wconf 66' lang='lat' dir='ltr'><strong>at</strong></span> <span class='ocrx_word' id='word_1_449' title='bbox 519 2971 654 3008; x_wconf 57' lang='lat' dir='ltr'><strong>⁴Marius,</strong></span> <span class='ocrx_word' id='word_1_450' title='bbox 676 2973 711 3001; x_wconf 76' lang='grc' dir='ltr'><strong>(ιῖ</strong></span> <span class='ocrx_word' id='word_1_451' title='bbox 736 2971 836 3002; x_wconf 70' lang='lat' dir='ltr'><strong>Cinna</strong></span> <span class='ocrx_word' id='word_1_452' title='bbox 859 2973 956 3002; x_wconf 68' lang='lat' dir='ltr'><strong>recte.</strong></span> <span class='ocrx_word' id='word_1_453' title='bbox 996 2970 1092 3002; x_wconf 79' lang='lat' dir='ltr'><strong>Immo</strong></span> <span class='ocrx_word' id='word_1_454' title='bbox 1138 2977 1229 3009; x_wconf 77' lang='lat' dir='ltr'><strong>l&#39;OssiS</strong></span> <span class='ocrx_word' id='word_1_455' title='bbox 1263 2987 1423 3018; x_wconf 78' lang='lat' dir='ltr'><strong>personae</strong></span> <span class='ocrx_word' id='word_1_456' title='bbox 1456 2987 1487 3008; x_wconf 73' lang='lat' dir='ltr'><strong>v,</strong></span> <span class='ocrx_word' id='word_1_457' title='bbox 1515 2977 1700 3016; x_wconf 62' lang='lat' dir='ltr'><strong>oblectabat,</strong></span> <span class='ocrx_word' id='word_1_458' title='bbox 1733 2978 1822 3019; x_wconf 82' lang='lat' dir='ltr'><strong>quod</strong></span> <span class='ocrx_word' id='word_1_459' title='bbox 1847 2977 1998 3019; x_wconf 65' lang='lat' dir='ltr'><strong>placebat</strong></span> 
     </span>
     <span class='ocr_line' id='line_1_45' title="bbox 232 3023 2045 3072; baseline -0.001 -15"><span class='ocrx_word' id='word_1_460' title='bbox 232 3027 301 3057; x_wconf 75' lang='lat' dir='ltr'><strong>iure</strong></span> <span class='ocrx_word' id='word_1_461' title='bbox 313 3027 477 3067; x_wconf 54' lang='lat' dir='ltr'><strong>fortas-sm</strong></span> <span class='ocrx_word' id='word_1_462' title='bbox 511 3025 570 3056; x_wconf 75' lang='lat' dir='ltr'><strong>sed</strong></span> <span class='ocrx_word' id='word_1_463' title='bbox 588 3023 665 3066; x_wconf 78' lang='lat' dir='ltr'><strong>quid</strong></span> <span class='ocrx_word' id='word_1_464' title='bbox 692 3034 796 3054; x_wconf 83' lang='lat' dir='ltr'><strong>eorum</strong></span> <span class='ocrx_word' id='word_1_465' title='bbox 820 3024 953 3054; x_wconf 73' lang='lat' dir='ltr'><strong>victoria</strong></span> <span class='ocrx_word' id='word_1_466' title='bbox 981 3024 1091 3055; x_wconf 78' lang='lat' dir='ltr'><strong>crude·</strong></span> <span class='ocrx_word' id='word_1_467' title='bbox 1139 3031 1281 3068; x_wconf 58' lang='lat' dir='ltr'><strong>Mosen),</strong></span> <span class='ocrx_word' id='word_1_468' title='bbox 1305 3030 1420 3071; x_wconf 76' lang='lat' dir='ltr'><strong>symb,</strong></span> <span class='ocrx_word' id='word_1_469' title='bbox 1443 3030 1524 3062; x_wconf 72' lang='lat' dir='ltr'><strong>crit,</strong></span> <span class='ocrx_word' id='word_1_470' title='bbox 1548 3031 1589 3063; x_wconf 74' lang='lat' dir='ltr'><strong>V,</strong></span> <span class='ocrx_word' id='word_1_471' title='bbox 1611 3041 1642 3072; x_wconf 70' lang='lat' dir='ltr'><strong>p,</strong></span> <span class='ocrx_word' id='word_1_472' title='bbox 1665 3032 1704 3062; x_wconf 80' lang='lat'><strong>16</strong></span> <span class='ocrx_word' id='word_1_473' title='bbox 1733 3038 1767 3063; x_wconf 69' lang='lat' dir='ltr'><strong>et</strong></span> <span class='ocrx_word' id='word_1_474' title='bbox 1799 3030 1930 3062; x_wconf 68' lang='lat' dir='ltr'><strong>Kochio</strong></span> <span class='ocrx_word' id='word_1_475' title='bbox 1962 3030 1997 3062; x_wconf 81' lang='lat' dir='ltr'><strong>in</strong></span> <span class='ocrx_word' id='word_1_476' title='bbox 2036 3035 2045 3058; x_wconf 73' lang='grc'><strong>,-</strong></span> 
     </span>
    </p>
   </div>
   <div class='ocr_carea' id='block_1_12' title="bbox 184 3079 2039 3179">
    <p class='ocr_par' dir='ltr' id='par_1_15' title="bbox 184 3079 2039 3179">
     <span class='ocr_line' id='line_1_46' title="bbox 234 3079 1999 3124; baseline -0.001 -10"><span class='ocrx_word' id='word_1_477' title='bbox 234 3083 325 3113; x_wconf 77' lang='lat' dir='ltr'><strong>liu-3?</strong></span> <span class='ocrx_word' id='word_1_478' title='bbox 347 3083 403 3114; x_wconf 87' lang='lat' dir='ltr'><strong>Sic</strong></span> <span class='ocrx_word' id='word_1_479' title='bbox 424 3082 526 3114; x_wconf 75' lang='lat' dir='ltr'><strong>verba</strong></span> <span class='ocrx_word' id='word_1_480' title='bbox 547 3079 696 3117; x_wconf 72' lang='lat' dir='ltr'><strong>distinxi,</strong></span> <span class='ocrx_word' id='word_1_481' title='bbox 719 3085 757 3110; x_wconf 79' lang='lat' dir='ltr'><strong>ut</strong></span> <span class='ocrx_word' id='word_1_482' title='bbox 779 3079 837 3110; x_wconf 69' lang='lat' dir='ltr'><strong>illa</strong></span> <span class='ocrx_word' id='word_1_483' title='bbox 858 3079 967 3120; x_wconf 73' lang='lat' dir='ltr'><strong>priora</strong></span> <span class='ocrx_word' id='word_1_484' title='bbox 989 3079 1033 3110; x_wconf 72' lang='lat' dir='ltr'><strong>At</strong></span> <span class='ocrx_word' id='word_1_485' title='bbox 1051 3098 1092 3102; x_wconf 92' lang='lat'><strong>—</strong></span> <span class='ocrx_word' id='word_1_486' title='bbox 1140 3084 1291 3116; x_wconf 88' lang='lat' dir='ltr'><strong>emendd.</strong></span> <span class='ocrx_word' id='word_1_487' title='bbox 1312 3083 1418 3124; x_wconf 88' lang='lat' dir='ltr'><strong>epistt.</strong></span> <span class='ocrx_word' id='word_1_488' title='bbox 1441 3093 1474 3124; x_wconf 87' lang='lat' dir='ltr'><strong>p.</strong></span> <span class='ocrx_word' id='word_1_489' title='bbox 1491 3083 1541 3115; x_wconf 86' lang='lat'><strong>14.</strong></span> <span class='ocrx_word' id='word_1_490' title='bbox 1549 3084 1704 3116; x_wconf 86' lang='lat' dir='ltr'><strong>Klotzius</strong></span> <span class='ocrx_word' id='word_1_491' title='bbox 1725 3083 1844 3116; x_wconf 87' lang='lat' dir='ltr'><strong>edidit:</strong></span> <span class='ocrx_word' id='word_1_492' title='bbox 1867 3082 1944 3123; x_wconf 72' lang='lat' dir='ltr'><strong>Spes</strong></span> <span class='ocrx_word' id='word_1_493' title='bbox 1965 3092 1999 3114; x_wconf 76' lang='lat' dir='ltr'><strong>se</strong></span> 
     </span>
     <span class='ocr_line' id='line_1_47' title="bbox 184 3132 2039 3179; baseline 0.003 -13"><span class='ocrx_word' id='word_1_494' title='bbox 184 3175 187 3177; x_wconf 65' lang='lat'>‚</span> <span class='ocrx_word' id='word_1_495' title='bbox 235 3139 319 3167; x_wconf 61' lang='lat' dir='ltr'><strong>rec-lp</strong></span> <span class='ocrx_word' id='word_1_496' title='bbox 342 3136 401 3167; x_wconf 64' lang='lat' dir='ltr'><strong>‚cibi</strong></span> <span class='ocrx_word' id='word_1_497' title='bbox 426 3135 546 3176; x_wconf 72' lang='lat' dir='ltr'><strong>opponi</strong></span> <span class='ocrx_word' id='word_1_498' title='bbox 569 3135 673 3172; x_wconf 65' lang='lat' dir='ltr'><strong>fingat</strong></span> <span class='ocrx_word' id='word_1_499' title='bbox 687 3132 810 3169; x_wconf 69' lang='lat' dir='ltr'><strong>Cicero,</strong></span> <span class='ocrx_word' id='word_1_500' title='bbox 829 3133 947 3172; x_wconf 81' lang='lat' dir='ltr'><strong>quibus</strong></span> <span class='ocrx_word' id='word_1_501' title='bbox 962 3142 1092 3172; x_wconf 81' lang='lat' dir='ltr'><strong>respon·</strong></span> <span class='ocrx_word' id='word_1_502' title='bbox 1115 3163 1117 3166; x_wconf 88' lang='lat'><strong>.</strong></span> <span class='ocrx_word' id='word_1_503' title='bbox 1142 3137 1291 3179; x_wconf 74' lang='lat' dir='ltr'><strong>qvaedam</strong></span> <span class='ocrx_word' id='word_1_504' title='bbox 1308 3136 1349 3166; x_wconf 80' lang='lat' dir='ltr'><strong>mi</strong></span> <span class='ocrx_word' id='word_1_505' title='bbox 1362 3136 1552 3167; x_wconf 49' lang='lat' dir='ltr'><strong>offensabat.</strong></span> <span class='ocrx_word' id='word_1_506' title='bbox 2036 3138 2039 3139; x_wconf 43' lang='lat'><em>⁷</em></span> 
     </span>
    </p>
   </div>
   <div class='ocr_carea' id='block_1_13' title="bbox 1113 2721 1116 2811">
    <p class='ocr_par' dir='ltr' id='par_1_16' title="bbox 1113 2721 1116 2811">
     <span class='ocr_line' id='line_1_48' title="bbox 1113 2721 1116 2811; baseline 0 754"><span class='ocrx_word' id='word_1_507' title='bbox 1113 2721 1116 2811; x_wconf 95' lang='lat' dir='ltr'><strong> </strong></span> 
     </span>
    </p>
   </div>
   <div class='ocr_carea' id='block_1_14' title="bbox 1114 3038 1118 3159">
    <p class='ocr_par' dir='ltr' id='par_1_17' title="bbox 1114 3038 1118 3159">
     <span class='ocr_line' id='line_1_49' title="bbox 1114 3038 1118 3159; baseline 0 0"><span class='ocrx_word' id='word_1_508' title='bbox 1114 3038 1118 3159; x_wconf 95' lang='lat' dir='ltr'><strong> </strong></span> 
     </span>
    </p>
   </div>
   <div class='ocr_carea' id='block_1_15' title="bbox 2025 2521 2062 3565">
    <p class='ocr_par' dir='ltr' id='par_1_18' title="bbox 2025 2521 2062 3565">
     <span class='ocr_line' id='line_1_50' title="bbox 2025 2521 2062 3565; baseline 0 0"><span class='ocrx_word' id='word_1_509' title='bbox 2025 2521 2062 3565; x_wconf 95' lang='lat' dir='ltr'><strong> </strong></span> 
     </span>
    </p>
   </div>
  </div>
 </body>
</html>
