2062 3565
79 973 109 996 10

78 1335 107 1360 15

129 159 215 196 224
530 152 612 192 ΕΡ.
649 150 723 190 ΑΒ
757 150 803 189 Τ.
840 148 1189 189 ΡΟΜΡΟΝΙἩΜ
1224 147 1487 189 ΛΤΤΙΟΓΜ.

126 305 244 346 quam
278 288 375 329 haec
409 286 520 340 coepi
555 280 939 342 φιλολογώτερα,
973 283 1053 324 iam
1090 283 1214 324 Varro
1248 282 1347 323 mihi
1375 282 1680 324 denuntiaverat
1704 297 1889 338 magnam

126 379 219 404 sane
252 368 292 402 et
323 375 482 415 gravem
516 355 884 417 προςφώνησιν.
939 357 1157 399 Biennium
1199 357 1417 413 praeteriit,
1452 372 1578 412 quum
1611 356 1677 398 ille
1716 351 1892 398 Καλλι-

125 430 271 488 πίὸης
312 433 472 474 assiduo
516 447 636 473 cursu
676 431 859 473 cubitum
906 431 1063 472 nullum
1098 432 1346 487 processerit.
1397 432 1485 486 Ego
1518 436 1652 472 autem
1685 446 1747 472 me
1781 444 1894 486 para-

126 510 217 551 bam
261 508 310 548 ad
355 506 411 557 id,
458 506 566 562 quod
598 506 666 547 ille
700 505 801 546 mihi
834 506 1022 556 misisset,
1059 511 1104 546 ut
1138 507 1273 562 αυτῷ
1309 506 1374 562 τῷ
1406 504 1569 563 μέτρῳ
1602 501 1691 547 καὶ
1726 500 1894 558 λώϊον,

126 584 159 624 31
202 581 319 623 1110ᾶο
365 581 584 637 potuissem
594 599 604 631 3
658 595 748 621 nam
784 579 859 620 hoc
893 580 1014 620 etiam
1050 578 1252 620 Hesiodus
1286 574 1480 619 adscribit
1514 578 1645 632 [αἴκε
1678 570 1895 632 δύνηαι]

126 657 248 697 Nunc
294 654 403 696 illam
443 650 547 713 περὶ
592 650 744 696 τελῶν
785 650 1029 704 σύνταξιν
1063 668 1156 694 sane
1191 652 1290 693 mihi
1325 651 1533 708 probatam
1566 652 1707 701 Bruto,
1742 655 1788 692 ut
1819 649 1896 691 tibi

129 730 292 785 placuit,
338 727 639 784 despondiinus,
687 727 807 782 idque
849 743 940 768 eum
991 742 1070 767 non
1117 726 1219 767 nolle
1255 726 1352 766 mihi
1388 725 1595 780 scripsisti.
1648 726 1754 779 Ergo
1787 724 1896 764 illam

132 796 530 858 Ἀκαδημαϊκῶν,
576 801 617 841 in
664 816 741 855 qua,
785 800 966 841 homines
1016 799 1172 840 nobiles
1223 799 1283 839 illi
1317 799 1495 854 quidem,
1531 798 1599 838 sed
1634 798 1744 840 nullo
1779 797 1897 838 modo

128 876 322 932 philologi
357 875 477 916 nimis
512 880 627 915 acute
663 874 898 929 loquuntur,
929 873 977 914 ad
1015 873 1231 914 Varronem
1267 872 1566 913 transferamus.
1602 872 1761 912 Etenim
1803 876 1898 912 sunt

132 948 443 1007 'Avndxeccq
479 964 580 1004 quae
615 949 689 990 iste
727 948 839 989 valde
872 947 1028 1003 probat.
1064 947 1209 988 Catulo
1243 952 1283 987 et
1315 946 1485 987 Lucullo
1521 944 1616 987 alibi
1641 959 1897 1000 reponemus,

127 1025 184 1065 ita
215 1030 365 1074 tamen,
401 1024 434 1065 si
467 1029 513 1064 tu
549 1023 622 1063 hoc
656 1022 814 1078 probas,
851 1022 979 1077 deque
1014 1037 1059 1062 eo
1095 1021 1192 1062 mihi
1226 1019 1420 1062 rescribas
1457 1020 1588 1061 velim.
1625 1022 1665 1060 4.
1700 1019 1761 1060 De
1779 1018 1898 1059 Brin-

128 1099 249 1139 niana
293 1098 477 1139 auctione
524 1098 659 1152 accepi
701 1113 722 1137 a
760 1097 943 1137 Vestorio
977 1096 1127 1137 literas.
1179 1095 1249 1135 Ait
1283 1095 1367 1135 sine
1404 1094 1483 1135 ulla
1517 1094 1786 1135 controversia
1818 1108 1900 1134 rem

129 1171 178 1213 ad
226 1187 285 1212 me
331 1186 414 1212 esse
461 1171 645 1212 collatam
682 1197 736 1199 -ψ
775 1171 924 1211 Romae
958 1169 1146 1211 videlicet
1179 1174 1250 1210 aut
1280 1169 1323 1209 in
1356 1168 1583 1209 Tusculano
1617 1182 1679 1208 1116
1714 1166 1796 1208 fore
1828 1181 1901 1222 pu-

129 1253 315 1287 taverunt
351 1271 407 1274 ——
443 1261 477 1286 a.
514 1245 553 1285 d.
590 1258 671 1286 Hx.
707 1244 800 1285 Kal.
839 1244 1021 1298 [Quint]
1059 1244 1179 1284 Dices
1213 1243 1337 1296 igitur
1371 1241 1432 1282 vel
1466 1242 1593 1282 amico
1627 1246 1697 1282 tuo
1732 1242 1774 1282 S.
1804 1239 1902 1280 Vet-

129 1320 199 1369 tio,
247 1319 432 1360 coheredi
482 1334 582 1368 meu,
619 1317 679 1359 vel
711 1317 890 1358 Labeoni
925 1322 1074 1367 nostro,
1111 1315 1290 1371 paullum
1325 1315 1527 1370 proferant
1561 1314 1802 1364 auctionem,
1838 1327 1899 1353 me

130 1393 287 1433 circiter
321 1392 460 1433 Nonas
494 1392 536 1432 in
570 1390 796 1432 Tusculano
831 1392 927 1430 fore.
971 1390 1073 1430 Cum
1108 1389 1253 1430 Pisone
1291 1388 1451 1429 Erotem
1486 1388 1622 1428 habes.
1658 1387 1718 1427 De
1753 1387 1901 1440 Scapu-

130 1466 231 1507 lanis
265 1466 391 1508 hortis
425 1471 509 1507 toto
544 1472 701 1520 pectore
737 1465 973 1519 cogitemus.
1011 1464 1108 1503 Dies
1143 1462 1270 1503 adest.

173 1635 192 1665 2
216 1628 459 1670 Καλλιππίδης
482 1650 522 1656 —-
546 1634 562 1662 5
587 1627 661 1664 αἴκε
691 1628 814 1665 δύνηαι
839 1649 878 1654 —-
902 1630 918 1662 7
942 1630 1034 1671 idque
1058 1633 1092 1659 tu.
1114 1640 1180 1660 eum
1207 1648 1243 1651 —
1273 1630 1311 1660 14,
1336 1628 1407 1659 Kal.
1435 1628 1560 1668 Quinc-t.
1586 1645 1624 1649 -

175 1777 192 1814 ξ
226 1776 254 1805 3.
296 1772 393 1803 Varro
416 1773 490 1803 mihi
513 1773 757 1804 denuntiaverat
780 1779 840 1803 cet.
877 1771 995 1803 Fidem
1043 1779 1071 1800 a.
1098 1770 1175 1800 1511
1212 1766 1430 1815 ακαδημικην
1462 1779 1544 1800 nunc
1574 1768 1663 1798 illam
1691 1776 1767 1811 περι
1797 1762 1901 1798 τελων

131 1827 231 1857 solvit
254 1827 411 1857 maiorem
449 1832 572 1866 partein
597 1826 703 1867 operis
727 1827 767 1856 de
791 1826 907 1865 lingua
932 1825 994 1856 La-

133 1882 201 1911 tina
223 1881 263 1911 ad
294 1880 487 1911 Ciceronem
512 1881 657 1911 mittens.
694 1880 724 1910 V
727 1881 769 1910 id.
794 1879 994 1920 Spengelius

133 1936 173 1966 ad
205 1935 286 1965 illud
318 1944 399 1974 opus
433 1945 461 1974 p.
493 1936 520 1964 S.
555 1934 591 1965 C.
614 1934 654 1966 O.
678 1934 815 1965 Mulleri
837 1933 936 1974 praef.
964 1944 993 1973 p.

134 1989 197 2019 111.
221 1998 310 2028 seqq.

178 2041 238 2071 Ille
259 2038 488 2078 Καλλιπίὃης.
512 2041 632 2071 Narrat
657 2039 836 2070 Suetonius
859 2041 893 2070 in
917 2040 991 2070 Tib.

133 2099 172 2128 :38
195 2098 366 2129 Tiberium
390 2098 491 2138 vulgo
515 2108 571 2138 per
593 2098 702 2128 iocum
727 2096 925 2138 Callipidem
940 2107 992 2127 vo-

132 2157 240 2181 catum
263 2160 341 2188 esse,
366 2160 464 2191 quem
487 2151 644 2182 cursitare
667 2161 703 2181 ac
735 2159 777 2181 ne
799 2150 902 2181 cubiti
924 2150 993 2190 qui-

132 2205 206 2235 116111
248 2213 435 2234 mensuram
477 2204 630 2244 progredi
661 2203 835 2243 proverbio
868 2202 994 2233 Graeco

134 2263 283 2289 notatum
317 2264 409 2289 esset.
446 2258 570 2288 Eodem
595 2258 740 2298 respexit
762 2257 797 2287 h.
822 2257 842 2287 1.
867 2256 992 2288 Cicero.

132 2312 264 2343 Nomen
287 2313 401 2342 fictum
425 2317 503 2352 puto
527 2321 545 2341 a
562 2312 662 2342 verbo
680 2308 871 2349 καλλιπεῖν,
885 2318 993 2350 neque

133 2371 196 2401 huc
220 2370 406 2401 vocaverim
441 2370 638 2410 eallipidem
662 2369 866 2405 histrionem,
890 2373 925 2397 ut
949 2367 992 2398 fe-

133 2430 247 2455 cerunt
272 2424 494 2464 Baunigarten
529 2423 664 2454 Crusius
687 2423 728 2452 ad
751 2421 841 2453 Suet.
866 2421 886 2451 1.
911 2432 937 2450 c.
962 2428 993 2451 et

133 2477 276 2508 Ritterus
300 2478 340 2507 ad
363 2477 502 2507 Aristot.
526 2476 650 2507 Poetic.
673 2486 704 2516 p.
728 2475 798 2506 290.

177 2524 275 2574 ΙΑἴκε
308 2522 468 2573 δύνηαι]
506 2529 684 2569 Postquam
720 2529 839 2559 Latine
862 2529 993 2569 scripse-

134 2593 201 2617 rat:
233 2587 270 2618 Si
293 2586 379 2617 modo
398 2586 578 2627 potuissem,
602 2596 668 2616 non
692 2593 764 2616 erat
786 2596 843 2616 cur
871 2584 994 2616 Graeca

134 2641 273 2672 Hesiodi
297 2641 506 2678 adscriberet,
530 2640 722 2681 praesertim
744 2649 848 2680 quum
873 2649 911 2670 ea
934 2640 994 2670 At·
1018 2637 1019 2665 1

135 2696 199 2726 tico
223 2706 289 2726 non
313 2696 427 2736 ignota
463 2705 532 2726 esse
561 2695 667 2725 sciret.
713 2694 822 2725 Verba
855 2688 1020 2734 delenda}

135 2759 262 2787 cense0‚
287 2759 354 2780 11011
377 2749 583 2790 corrigenda,
607 2754 642 2779 ut
665 2748 788 2779 factum
805 2748 904 2779 estin
918 2748 995 2779 edit.
1018 2750 1021 2792 ᾗ

134 2804 283 2835 Romana
295 2803 451 2845 principe,
468 2803 501 2833 in
521 2811 586 2842 qua
598 2801 735 2841 legitur:
752 2798 994 2847 ἀκαδημαῖκὴν
1019 2793 1021 2829 1

134 2859 222 2890 invit.
246 2860 344 2898 illam,
379 2864 433 2890 aut
457 2857 662 2890 emendatius
686 2858 719 2888 in
753 2858 830 2888 edit.
854 2857 993 2889 Ascens.
1020 2851 1021 2857 ¹

735 2975 862 3018 ΧΙΠ.
929 2979 994 3030 (A.

1044 1825 1221 1865 συνταξιν.
1261 1828 1347 1858 Nam
1372 1836 1479 1867 neque
1501 1824 1678 1866 disputatio
1700 1824 1741 1854 de
1762 1821 1904 1853 Finibus

1044 1889 1130 1914 recte
1143 1881 1326 1923 appellatur
1337 1879 1546 1915 Academica,
1563 1886 1669 1918 neque
1680 1876 1732 1907 his
1745 1876 1791 1906 ita
1806 1875 1905 1915 scrip-

1043 1934 1084 1965 tis
1091 1941 1177 1965 stare
1188 1938 1321 1974 possunt
1331 1941 1433 1972 seqq.:
1444 1930 1525 1971 Eryo
1542 1929 1631 1959 illam
1641 1920 1903 1973 Ἀκαδημαϊκὴν

1043 1999 1104 2022 (Yet.

1083 2047 1194 2077 Catulo
1217 2049 1247 2075 et
1271 2046 1402 2077 Lucullo
1424 2044 1502 2075 alibi
1525 2035 1706 2084 reponemus
1735 2052 1769 2073 o:
1794 2040 1904 2072 redde-

1043 2112 1115 2132 mus
1139 2102 1226 2141 quod
1250 2101 1302 2131 hic
1327 2100 1487 2135 aufertur,
1509 2099 1685 2129 solvemus.
1705 2095 1753 2128 Cf.
1777 2094 1904 2127 Seneca

1043 2158 1082 2187 de
1106 2156 1223 2187 Beuef.
1249 2155 1308 2185 [V.
1333 2155 1382 2186 32.
1413 2153 1489 2195 qvid
1521 2153 1631 2194 cuique
1663 2151 1788 2182 debeam
1819 2148 1902 2183 seio,-

1043 2210 1118 2239 aliz's
1139 2210 1173 2239 in
1197 2209 1318 2249 [onyam
1343 2208 1423 2238 diem
1449 2217 1571 2247 repono,
1604 2206 1680 2236 alii-5
1709 2205 1743 2235 in
1765 2206 1904 2234 anteces-

1042 2273 1106 2292 sum
1132 2268 1163 2293 et
1188 2263 1304 2292 Iuven.
1327 2260 1396 2291 Sat.
1416 2261 1442 2291 1.
1463 2260 1477 2290 1
1504 2268 1698 2301 nunquamne
1727 2255 1904 2298 reponam?

1086 2317 1103 2356 ξ
1127 2318 1156 2346 4.
1180 2316 1253 2346 Rem
1277 2315 1321 2345 acl
1343 2326 1388 2345 me
1411 2324 1477 2345 esse
1500 2314 1648 2345 collatam
1663 2323 1695 2343 o:
1721 2321 1774 2343 1116
1801 2310 1904 2351 magi-

1042 2376 1147 2401 strum
1170 2369 1332 2401 auctionis
1357 2378 1426 2400 esse
1449 2368 1676 2399 constitutum.

1085 2423 1190 2464 Quint.
1214 2423 1343 2455 Seclusi
1366 2423 1408 2453 ob
1430 2422 1574 2453 rationes
1597 2432 1615 2452 a
1642 2420 1800 2452 Schutzio
1827 2419 1903 2450 alla-

1042 2485 1099 2515 tas,
1122 2478 1273 2518 probatas
1295 2486 1426 2517 quoque
1450 2475 1621 2514 Madvigio
1644 2474 1705 2516 Op.
1719 2475 1781 2506 Ac.
1796 2484 1826 2514 p.
1843 2473 1905 2503 164

1018 2565 1021 2568 ,
1041 2533 1073 2563 in
1098 2533 1172 2563 adn.

1090 2588 1164 2620 Cum
1187 2588 1303 2619 Pisone
1326 2587 1449 2618 Erotem
1474 2586 1577 2617 habes.
1613 2585 1739 2616 „Nunc
1761 2591 1794 2616 et
1826 2583 1904 2614 Piso

1041 2648 1072 2674 et
1095 2643 1178 2673 Eros
1200 2642 1325 2673 Romae
1349 2648 1436 2671 sunt.
1472 2638 1557 2671 Cum
1590 2638 1712 2670 Pisone
1735 2637 1847 2678 igitur,
1876 2637 1904 2667 si

1041 2704 1144 2739 potes,
1167 2698 1292 2729 confice
1315 2697 1355 2727 de
1379 2706 1471 2732 auro,
1496 2702 1528 2726 et
1551 2695 1592 2725 ab
1614 2694 1715 2725 Erote
1731 2700 1904 2733 cognosce,

1042 2758 1203 2794 quantum
1239 2751 1334 2782 nobis
1363 2761 1379 2781 a
1415 2749 1556 2780 Faberio
1587 2748 1755 2779 debeatur.
1787 2746 1828 2776 cs.
1854 2755 1904 2786 ep.

1043 2806 1072 2844 2,
1097 2807 1148 2836 13⁸
1172 2805 1353 2838 Manutius.

1037 2977 1081 3018 U.
1117 2975 1160 3017 c,
1199 2976 1317 3029 709.)

205 3096 244 3135 1.
277 3096 510 3136 Commotus
542 3093 624 3135 tuis
656 3093 797 3144 literis,
833 3092 941 3147 quod
985 3091 1035 3133 ad
1079 3107 1141 3132 me
1187 3090 1235 3131 de
1282 3090 1460 3131 Varrone
1508 3088 1733 3143 scripseras,
1778 3091 1903 3127 totam

140 3168 395 3210 Academiam
433 3167 482 3208 ab
516 3166 746 3208 hominibus
792 3165 1052 3207 nobilissimis
1103 3163 1266 3213 abstuli,
1313 3161 1581 3216 transt-ulique
1627 3160 1675 3201 ad
1722 3164 1903 3202 nostrum
