2062 3565
675 149 781 192 LIB.
816 150 939 192 XIII.
977 150 1058 192 ΕΡ.
1094 153 1167 193 32.
1203 154 1275 192 233.
1768 151 1851 191 247

92 284 208 328 illum
250 281 493 345 σύλλογον
536 302 745 343 personam
789 288 988 330 idoneam.
1039 287 1207 330 Videbis
1250 288 1388 344 igitur,
1424 288 1457 329 si
1493 287 1653 343 poteris,
1688 294 1854 336 ceteros,

92 363 140 402 ut
177 359 374 416 possimus
407 364 689 418 πομπεῦσαι
724 361 813 406 καὶ
850 367 956 415 τοῖς
989 360 1284 422 προσώποις.

640 500 846 542 XXXIII.
912 502 977 555 (A.
1020 501 1065 542 U.
1103 500 1146 542 c.
1186 501 1302 554 709.)

151 625 193 666 l.
238 625 539 682 Negligentiam
580 628 743 669 miram!
791 628 962 670 semelne
1011 632 1128 684 putas
1171 627 1266 668 mihi
1312 627 1458 668 dixisse
1507 625 1673 668 Balbum
1707 630 1748 667 ct
1785 626 1855 667 Fa-

91 696 245 740 berium
289 699 574 755 professionem
615 702 810 744 relatam?
852 702 920 758 qui
965 701 1085 743 etiam
1120 716 1256 742 eorum
1291 700 1403 741 iussu
1438 699 1628 751 miserim,
1664 700 1733 755 qui
1767 715 1855 756 pro-

88 771 281 814 fiteretur.
328 773 393 816 Ita
436 775 543 817 enim
585 780 765 832 oportere
809 775 1012 817 dicebant.
1058 774 1265 816 Professus
1299 779 1360 815 est
1394 774 1636 817 Philotimus
1670 774 1853 817 libertus.

89 845 210 888 Nosti
253 847 371 890 credo
414 848 637 892 librarium.
684 850 762 892 Sed
806 849 954 892 scribes
999 854 1040 890 et
1082 848 1245 904 quidem
1290 848 1515 889 confestim.
1553 850 1594 889 2.
1629 848 1693 890 Ad
1728 847 1853 890 Fabe-

87 920 206 973 rium,
247 927 292 964 ut
339 921 416 964 tibi
458 923 602 979 placet,
652 923 788 965 literas
837 923 942 964 misi.
993 921 1095 963 Cum
1145 920 1272 963 Balbo
1317 926 1451 962 autem
1496 926 1594 977 puto
1627 927 1666 963 te
1699 921 1853 977 aliquid

87 994 226 1037 fecisse
273 997 348 1053 [H.
392 998 434 1040 in
479 998 713 1055 Capitolio}
760 997 811 1039 In
856 995 1034 1051 Vergilio
1083 995 1181 1037 mihi
1226 995 1335 1036 nulla
1379 1001 1440 1036 cst
1472 988 1709 1046 δυςωπία.
1765 995 1853 1036 Nec

86 1068 194 1111 enim
226 1070 313 1113 eius
345 1086 466 1114 causa
499 1088 593 1116 sane
627 1072 767 1123 debeo,
802 1077 855 1123 et,
901 1071 934 1112 si
967 1085 1112 1120 emero,
1156 1069 1251 1124 quid
1287 1069 1363 1110 crit
1395 1068 1501 1124 quod
1536 1069 1741 1125 postulet?
1775 1068 1852 1111 Sed

128 1235 147 1264 3
168 1234 243 1276 quin
265 1235 359 1266 etiam
383 1246 410 1267 e.
431 1235 453 1267 i.
475 1236 618 1270 miseram
640 1257 681 1262 —

127 1383 146 1424 ξ
181 1384 208 1414 l.
236 1383 314 1416 Non
343 1385 491 1424 referam,
515 1396 599 1427 quae
621 1388 814 1429 interpretes
837 1388 940 1418 finxe-

83 1442 163 1468 runt
194 1437 235 1468 ad
256 1437 345 1469 hunc
377 1438 488 1471 locum
509 1440 754 1481 explicandum,
777 1442 818 1472 de
840 1450 940 1472 censu

84 1501 104 1522 a
130 1490 269 1524 Caesare
297 1498 378 1531 acto,
413 1494 470 1535 qui
493 1495 623 1526 nullum
645 1497 721 1537 egit,
744 1497 876 1537 aliaque
897 1501 941 1527 te-

81 1554 173 1579 mere
200 1545 304 1586 posita
331 1551 364 1578 et
391 1547 522 1579 eredita.
553 1548 607 1580 Ex
629 1549 708 1589 ipsis
730 1549 838 1581 verbis
861 1559 940 1580 con·

83 1602 146 1630 stat
178 1598 373 1632 Ciceronem
405 1601 574 1642 aliquanto
607 1609 684 1634 ante
717 1603 841 1635 Romae
885 1612 942 1644 per

83 1652 299 1685 Philotimum
327 1654 511 1695 professum
541 1665 620 1693 esse,
643 1657 700 1688 sed
722 1666 795 1688 eam
817 1656 940 1698 profes-

81 1706 211 1739 sionem
232 1708 439 1750 negligentia
462 1710 587 1742 librarii
610 1720 641 1742 o:
666 1711 747 1749 eius,
771 1712 828 1753 qui
849 1712 939 1742 tabu-

82 1761 130 1793 las
151 1761 324 1800 scribebat,
355 1773 422 1795 non
451 1763 551 1796 fuisse
583 1765 719 1796 relatam
743 1765 777 1797 in
801 1766 939 1804 tabulas,

81 1815 170 1859 quod
203 1821 313 1848 tamen
344 1817 470 1848 Balbus
503 1823 536 1849 et
564 1817 724 1850 Faberius
747 1829 815 1850 non
837 1819 940 1851 semel

80 1870 139 1901 sed
160 1870 290 1911 saepius
312 1870 434 1902 factum
450 1880 520 1903 esse
531 1872 696 1904 dixerant.
717 1873 827 1914 Rogat
839 1873 942 1914 igitur

79 1923 240 1962 Atticum,
263 1930 301 1956 ut
323 1926 408 1966 apud
430 1926 602 1958 librarium
624 1927 685 1958 hac
707 1928 747 1959 de
770 1937 804 1959 re
829 1928 938 1970 inqui-

80 1983 139 2015 rat,
161 1989 262 2022 seque
282 1981 454 2013 certiorem
478 1982 585 2014 faciat.
617 1982 710 2014 Haec
731 1988 821 2014 certa
843 1989 937 2021 sunt;

79 2033 146 2066 alia
175 2034 210 2066 in
239 2036 429 2068 coniectura
457 2041 535 2068 sunt
567 2038 681 2078 posita.
717 2038 805 2069 Nam
822 2039 939 2079 ‘quaeri

79 2092 197 2128 potest,
233 2098 374 2130 quarum
407 2099 518 2121 rerum
547 2091 677 2122 dicatur
708 2091 876 2132 professio,
907 2097 939 2123 et

79 2142 167 2182 apud
201 2152 284 2184 quos
306 2142 406 2174 fuerit
427 2142 585 2176 facienda.
609 2145 702 2176 Illud
725 2145 823 2186 plane
845 2146 938 2187 igno-

79 2205 205 2234 ramus,
231 2197 289 2228 sed
302 2196 539 2238 professionem
553 2198 671 2230 factam
684 2210 750 2230 non
767 2209 837 2232 csse
851 2202 938 2242 apud

78 2249 249 2281 consulem
269 2250 455 2292 reliquosve
476 2252 696 2293 magistratus,
709 2253 766 2294 qui
782 2253 816 2284 in
835 2252 938 2284 simili

79 2313 114 2336 re
151 2310 377 2336 memorantur
410 2306 444 2337 in
473 2307 584 2337 tabula
612 2307 830 2340 Heracleensi
850 2310 938 2350 apud

79 2356 312 2388 Marezollium
344 2368 375 2398 p.
409 2358 428 2389 9
457 2364 489 2389 et
516 2368 616 2401 seqq.,
640 2361 698 2391 sed
720 2361 827 2401 potius
850 2363 937 2403 apud

79 2410 256 2442 consilium
268 2421 287 2442 a
297 2410 436 2443 Caesare
447 2414 673 2452 constitutum,
686 2415 720 2446 in
733 2426 799 2457 quo
816 2415 938 2448 fuerint

79 2465 205 2496 Balbus
227 2470 260 2497 et
281 2465 451 2504 Faberius,
475 2467 665 2500 verisimile
681 2469 832 2501 arbitror.
848 2471 938 2502 Nam

80 2518 137 2560 qui
160 2519 256 2552 aliter
277 2519 327 2551 illi
350 2519 588 2561 professionem
610 2522 747 2554 relatam
761 2524 935 2563 dixissent,

78 2579 137 2605 aut
164 2583 222 2605 cur
245 2573 308 2605 hac
341 2575 382 2606 de
413 2584 448 2606 re
474 2576 514 2606 ad
543 2575 722 2608 Faberium
755 2579 936 2619 scripsisset

79 2626 204 2666 Cicero,
227 2638 304 2660 cum
326 2629 433 2661 Balbo
456 2630 578 2670 egisset
600 2630 758 2663 Atticus?

123 2681 184 2724 Qui
212 2684 306 2714 etiam
338 2701 378 2706 —-
408 2683 551 2714 miserim.
587 2684 702 2726 Vulgo
724 2685 797 2727 quin
819 2704 860 2710 --
881 2687 934 2718 mi-

77 2745 199 2772 eeram3
221 2737 279 2769 sed
308 2738 488 2779 perfectum
510 2739 713 2770 coniunctivi
734 2740 769 2771 in
791 2741 880 2773 Med.
905 2747 937 2774 et

78 2790 213 2823 Oxonn.
235 2797 402 2823 servatum
424 2793 502 2824 satis
518 2793 641 2824 indicat
657 2793 709 2835 qui
723 2795 853 2827 causale
872 2796 935 2834 hic,

1034 1383 1097 1415 Sed
1113 1384 1228 1415 scribes
1252 1395 1283 1414 o:
1307 1384 1364 1415 sed
1386 1384 1466 1424 quid
1488 1382 1605 1424 plura?
1628 1383 1759 1414 scribes.

1036 1438 1106 1468 Cum
1135 1437 1232 1468 Balbo
1245 1436 1375 1477 fecisse.
1400 1436 1414 1474 s
1417 1436 1461 1467 H.
1472 1435 1504 1466 in
1527 1435 1707 1476 Capitolio}
1730 1435 1785 1466 Ex
1801 1435 1850 1472 iis,

992 1493 1050 1534 qui
1078 1493 1119 1524 de
1149 1492 1235 1523 notis
1266 1497 1415 1523 veterum
1437 1491 1644 1531 seripserunt,
1667 1500 1735 1522 non
1758 1490 1852 1522 disci-

993 1556 1065 1577 mus
1094 1546 1260 1586 quomodo
1294 1544 1330 1574 H
1350 1545 1428 1576 satis
1451 1545 1534 1576 bene
1556 1544 1589 1575 h.
1611 1543 1633 1574 l.
1656 1543 1850 1585 explicetur,

993 1606 1024 1632 et
1053 1600 1179 1631 adiecta
1209 1599 1363 1640 Capitolii
1398 1598 1523 1629 mentio
1545 1598 1643 1639 plane
1665 1598 1770 1629 otiosa
1792 1603 1850 1635 est,

992 1662 1099 1694 neque
1121 1658 1208 1685 recte
1230 1653 1263 1683 in
1287 1653 1353 1683 fine
1366 1651 1548 1683 sententiae
1564 1651 1685 1682 addita.
1702 1650 1851 1682 Schiitzii

991 1708 1224 1744 coniecturam,
1247 1707 1304 1747 qui
1326 1706 1456 1747 scripsit
1477 1706 1517 1737 de
1539 1705 1639 1736 hortis
1662 1704 1851 1746 Scapulanis

992 1773 1094 1804 eaque
1116 1763 1215 1794 verba
1238 1772 1314 1793 cum
1335 1762 1548 1803 sequentibus
1561 1761 1745 1799 coniunxit,
1758 1762 1849 1803 inge—

990 1817 1118 1848 niosam
1141 1825 1211 1848 esse
1233 1826 1300 1847 non
1316 1825 1412 1856 nego,
1427 1824 1541 1847 veram
1560 1824 1714 1855 pernego.
1738 1814 1846 1846 Credo

990 1872 1096 1912 magis
1126 1872 1160 1902 in
1197 1871 1348 1912 margine
1371 1870 1541 1911 archetypi
1563 1870 1724 1910 scriptum
1746 1869 1846 1902 fuisse

988 1923 1074 1955 Hinc
1094 1924 1205 1964 incipit
1228 1924 1295 1954 alia
1318 1933 1361 1955 sc.
1385 1923 1533 1965 epistola,
1547 1932 1649 1964 eaque
1666 1923 1767 1954 verba
1779 1932 1846 1954 cor-

986 1983 1089 2019 rupta,
1113 1984 1149 2008 ut
1170 1987 1259 2009 nunc
1283 1977 1447 2018 leguntur,
1472 1976 1638 2008 Tullianis
1662 1985 1733 2008 esse
1748 1976 1845 2008 inter·

985 2031 1099 2072 posita.
1122 2030 1279 2071 Suspecta
1301 2029 1429 2061 seclusi.

1030 2087 1046 2126 ἓ
1077 2086 1105 2116 2.
1135 2084 1174 2115 In
1213 2083 1350 2125 Verqilio
1377 2090 1439 2115 cet.
1470 2083 1518 2115 cf.
1551 2083 1593 2115 ad
1615 2083 1717 2115 XIII.
1741 2083 1791 2122 26,
1816 2085 1844 2115 1.

984 2139 1093 2180 Negat
1125 2145 1234 2170 autem
1267 2138 1382 2170 Cicero
1414 2146 1449 2169 se
1479 2147 1556 2178 prae
1588 2137 1787 2169 verecundia
1809 2138 1844 2168 in

984 2194 1136 2224 auctione
1158 2193 1330 2224 hortorum
1352 2191 1615 2233 Scapulanorum
1638 2202 1704 2224 non
1719 2197 1844 2233 emptu—

983 2257 1057 2279 rum
1079 2256 1149 2278 esse
1172 2252 1298 2287 partem
1331 2245 1484 2286 Vergilii,
1507 2245 1560 2276 cui
1582 2245 1667 2276 nihil
1692 2245 1843 2277 debebat.

982 2303 1016 2334 Is
1046 2303 1180 2334 fortasse
1210 2312 1276 2333 non
1311 2302 1459 2333 diversus
1482 2306 1551 2333 erat
1573 2301 1615 2332 ab
1637 2311 1676 2332 eo
1700 2300 1735 2333 C.
1760 2301 1844 2333 Ver-

983 2358 1074 2399 gilio,
1103 2357 1161 2399 qui
1184 2356 1376 2388 Ciceronem
1403 2356 1441 2387 P.
1466 2355 1576 2387 Clodii
1600 2355 1704 2387 furori
1725 2356 1842 2388 ceden-

982 2417 1051 2444 tem
1074 2411 1197 2449 Sicilia,
1222 2421 1322 2452 quam
1341 2416 1423 2441 tunc
1445 2421 1504 2451 pro
1525 2416 1675 2451 praetore
1698 2410 1840 2448 tenebat,

983 2466 1160 2508 prohibuit,
1198 2476 1229 2507 p.
1264 2465 1412 2502 Plancio,
1451 2465 1501 2496 95.
1530 2465 1643 2506 Atque
1669 2470 1705 2496 ut
1726 2465 1843 2506 optimi

983 2520 1076 2551 codd.
1099 2519 1273 2551 Maronem
1296 2518 1418 2550 faciunt
1447 2517 1626 2559 Veryilium,
1650 2518 1697 2549 sic
1720 2523 1752 2550 et
1776 2519 1841 2550 duo

983 2578 1062 2614 optt.
1088 2573 1181 2604 codd.
1206 2572 1408 2604 Plancianae
1430 2578 1462 2604 et
1484 2573 1591 2604 codex
1613 2572 1702 2604 Med.
1725 2573 1839 2614 episto-

982 2626 1089 2658 larum
1116 2626 1286 2658 Ciceronis
1322 2626 1463 2667 primam
1492 2625 1637 2657 nominis
1675 2625 1839 2666 syllabam

979 2680 1075 2716 litera
1097 2688 1127 2717 E,
1153 2690 1220 2711 non
1243 2689 1255 2710 1
1276 2679 1457 2711 instruunt.
1481 2678 1543 2711 Cff.
1565 2678 1675 2710 Garat.
1689 2684 1721 2710 et
1735 2678 1840 2710 Wun-

980 2736 1048 2767 der.
1072 2735 1112 2766 ad
1136 2734 1249 2766 Plane.
1274 2734 1296 2765 l.
1319 2735 1340 2765 l.

1021 2786 1176 2825 Δυςωπὶα
1207 2797 1239 2819 o:
1273 2788 1387 2829 pudor,
1415 2788 1472 2828 qui
1502 2786 1707 2818 demittendo
1728 2787 1840 2818 oculos

78 2850 114 2876 ut
135 2854 231 2886 saepe
253 2845 343 2882 alibi,
366 2850 530 2877 mutatum
546 2855 616 2878 esse
628 2847 662 2878 in
674 2847 747 2888 quin
783 2849 937 2881 Correxit
981 2853 1016 2875 se
1045 2843 1162 2884 prodit.
1195 2842 1291 2879 Nam,
1324 2847 1360 2873 ut
1388 2843 1483 2874 docet
1505 2842 1702 2874 Plutarchus
1725 2843 1759 2874 in
1783 2843 1839 2874 lib.

77 2897 336 2939 Wesenbergius
361 2898 500 2930 Emend.
524 2909 554 2939 p.
578 2899 648 2930 123.

982 2894 1058 2937 περὶ
1093 2892 1266 2934 decaniae
1287 2896 1391 2934 initio,
1406 2893 1579 2943 ὑπερβολὴ
1624 2896 1685 2928 τοῦ
1715 2893 1839 2941 αἰσχύ-

120 2950 304 2983 Dian-arium.
337 2952 525 2993 Respondet
553 2962 624 2984 voc.
649 2953 823 2995 Belgicum
846 2955 938 2986 boelc-
956 2943 960 2980 l
981 2943 1112 2986 vsefl'oet
1139 2948 1178 2984 τὸ
1207 2942 1464 2990 &amneio-&ae
1490 2952 1541 2984 Cf.
1565 2953 1658 2993 impr.
1674 2952 1840 2983 Huschkii

79 3003 206 3036 hender.
237 3005 379 3036 Eosdem
410 3005 562 3037 homines
591 3006 759 3047 designari
781 3009 878 3039 credo
901 3008 935 3039 in
956 2981 960 3030 l
981 3011 1064 3052 disp.
1095 3011 1182 3041 laud.
1213 3011 1254 3041 ad
1282 3009 1380 3040 XVI.
1412 3009 1460 3045 15,
1494 3010 1523 3046 2,
1560 3019 1590 3050 p.
1619 3009 1752 3045 49—51,
1784 3009 1840 3049 qui

82 3062 164 3088 orat.
185 3058 226 3090 de
247 3058 322 3098 lege
343 3068 412 3099 agr.
437 3058 483 3089 ΙΙ.
506 3058 556 3095 32,
586 3059 643 3090 ubi
672 3059 792 3092 Rullus
810 3061 936 3092 decem-

982 3070 1069 3097 recte
1106 3070 1206 3105 negat
1235 3065 1297 3095 hoc
1331 3064 1492 3095 vocabulo
1525 3064 1611 3104 apud
1647 3062 1839 3094 Ciceronem

78 3113 167 3144 viros
188 3122 264 3144 suos
286 3122 419 3145 ornasse
446 3118 596 3145 narratur
607 3113 849 3154 apparitoribus,
861 3115 936 3146 scri-
956 3106 959 3146 l
981 3118 1112 3149 stultam
1135 3116 1355 3149 verecundiam
1376 3116 1524 3147 indicari.

77 3168 132 3206 bis,
155 3167 304 3206 librariis,
323 3167 542 3209 praeconibus,
566 3173 625 3200 cet.

1024 3170 1085 3202 Sed
1112 3171 1242 3208 videbis,
1274 3181 1312 3201 ne
1341 3169 1367 3199 ι’.ς
1398 3172 1414 3204 †
1429 3180 1516 3211 quum
1541 3169 1583 3200 sit
1605 3169 1637 3200 in
1659 3168 1784 3210 Africa,
1807 3171 1840 3201 ιιι
