2062 3565
146 147 231 186 192
542 141 625 182 ΕΡ.
660 140 735 181 AD
767 139 813 179 Τ.
850 137 1199 179 POMPONIUM
1233 136 1497 178 ATTICUM.

140 295 228 322 sum
270 293 396 320 necne
438 275 587 326 nescio,
635 274 789 316 dictum
834 273 997 329 quidem
1041 273 1141 314 mihi
1186 278 1291 315 certe
1336 272 1438 315 nihil
1472 277 1546 315 est.
1593 273 1657 314 Tu
1689 272 1828 327 igitur,
1862 276 1909 312 ut

141 352 321 409 coepisti,
355 356 408 402 et,
454 351 487 392 si
521 348 619 404 quid
651 349 709 389 ita
741 348 941 397 conficies,
977 347 1084 402 quod
1117 347 1304 403 equidem
1336 363 1419 390 non
1453 346 1623 389 arbitror
1656 345 1741 387 fieri
1773 359 1904 401 posse,

140 433 186 469 ut
226 426 287 468 illi
330 422 533 480 probetur,
579 421 827 472 Ciceronem,
862 421 895 462 si
928 420 1005 462 tibi
1037 420 1228 476 placebit,
1263 420 1490 463 adhibebis.
1525 421 1626 462 Eius
1660 418 1813 475 ali-quid
1846 418 1907 459 in-

139 504 262 542 terest
306 496 433 538 videri
479 494 588 536 illius
635 509 755 535 causa
798 493 984 544 voluisse,
1031 508 1119 535 mea
1164 493 1326 548 quidem
1370 493 1474 535 nihil
1517 494 1597 535 nisi
1629 493 1687 545 id,
1723 492 1830 548 quod
1863 498 1911 534 tu

107 590 119 613 3.
141 574 232 623 scis,
283 569 390 626 quod
441 584 513 625 ego
559 568 694 623 magni
737 568 917 609 aestimo.
972 570 1011 609 2.
1056 568 1176 620 Quod
1220 584 1282 610 me
1327 568 1377 610 ad
1410 583 1540 609 meam
1573 566 1908 609 consuetudinem

141 660 315 695 revocas,
343 643 421 684 fuit
455 657 587 684 meum
621 641 780 696 quidem
814 641 895 682 iam
929 641 1083 697 pridem
1115 657 1199 683 rem
1232 641 1436 698 publicam
1470 642 1620 696 lugere,
1657 641 1766 696 quod
1792 640 1911 682 facie·

142 720 247 769 bam,
295 718 363 759 sed
408 717 560 758 mitius.
610 716 708 757 Erat
751 715 858 756 enim
903 714 975 757 ubi
1021 716 1327 771 acquiescerem.
1379 716 1503 757 Nunc
1549 715 1665 771 plane
1714 730 1788 757 nec
1838 717 1942 770 ego'

145 795 292 854 victum
337 807 409 834 nec
452 791 576 832 vitam
615 790 726 831 illam
768 789 895 830 colere
928 804 1104 845 possum,
1140 805 1212 831 nec
1246 790 1288 831 iu
1322 805 1368 831 ea
1400 805 1440 830 re
1475 789 1572 844 quid
1607 789 1695 830 aliis
1729 787 1912 830 videatur

143 868 241 909 mihi
289 871 387 922 puto
430 863 667 906 curandum.
722 863 815 903 Mea
863 863 962 903 mihi
1006 863 1253 904 conscientia
1298 863 1423 918 pluris
1467 869 1528 903 est
1574 877 1693 917 quam
1728 862 1909 903 omnium

89 952 121 978 10
143 956 284 983 sermo.
330 938 450 992 Quod
485 954 545 979 me
578 938 662 993 ipse
695 951 765 992 per
795 936 930 978 literas
965 937 1194 978 consolatus
1227 952 1330 986 sum,
1364 952 1445 990 non
1480 936 1659 992 poenitet
1692 951 1754 976 me
1789 950 1912 990 quan-

142 1023 230 1056 tuin
280 1012 529 1070 profecerim.
580 1011 804 1052 Maerorem
850 1010 993 1061 minui,
1040 1010 1216 1052 dolorem
1261 1025 1334 1052 nec
1383 1010 1498 1066 potui
1540 1025 1628 1061 nec,
1674 1009 1707 1051 si
1739 1023 1912 1065 possem,

146 1088 299 1130 vellem.
335 1088 376 1127 ὃ.
411 1086 471 1127 1)8
496 1084 673 1134 Triario,
707 1082 808 1124 bene
841 1083 1118 1138 interpretaris
1151 1083 1400 1125 voluntatem
1424 1098 1566 1124 meam.
1600 1083 1662 1124 Tu
1686 1097 1777 1123 vero
1793 1081 1912 1132 nihil,

143 1163 221 1204 nisi
255 1166 301 1202 ut
333 1159 393 1201 illi
426 1157 575 1199 volent.
610 1158 714 1197 Amo
746 1155 862 1196 illum
897 1160 1114 1207 mortuum,
1150 1162 1261 1198 tutor
1294 1171 1382 1197 sum
1417 1155 1568 1207 liberis,
1601 1160 1727 1197 totam
1751 1154 1914 1196 domum

144 1237 283 1291 diligo.
317 1235 378 1275 De
412 1231 660 1274 Castriciano
694 1229 871 1284 negotio,
906 1229 938 1270 si
972 1229 1193 1271 Castricius
1227 1245 1297 1285 pro
1332 1229 1543 1284 mancipiis
1578 1230 1787 1284 pecuniam
1812 1229 1914 1270 acci-

89 1330 123 1357 15
144 1326 236 1367 pere
268 1308 374 1350 volet
406 1320 572 1360 eamque
605 1305 631 1347 †
649 1304 686 1345 ei
719 1303 832 1354 solvi,
868 1308 914 1344 ut
946 1318 1054 1344 nunc
1089 1303 1270 1354 solvitur,
1307 1308 1411 1344 certe
1442 1302 1546 1344 nihil
1569 1307 1630 1344 est
1652 1302 1914 1344 commodius.

145 1384 216 1426 Sin
260 1388 393 1425 autem
432 1380 490 1421 ita
535 1383 669 1421 actum
703 1383 776 1428 est,
811 1382 858 1418 ut
890 1377 977 1433 ipsa
1009 1377 1210 1432 mancipia
1243 1376 1474 1428 abduceret,
1509 1392 1591 1418 non
1623 1377 1725 1418 mihi
1757 1376 1916 1418 videtur

145 1473 228 1498 esse
262 1470 434 1510 aequum
468 1478 525 1483 —-
559 1467 674 1507 rogas
707 1451 815 1492 enim
847 1466 910 1491 me
943 1456 990 1492 ut
1021 1450 1098 1492 tibi
1132 1450 1319 1503 scribam,
1354 1450 1451 1506 quid
1485 1450 1585 1492 mihi
1618 1450 1802 1492 videatur
1835 1467 1915 1490 —2

148 1531 239 1572 nolo
278 1530 385 1571 enim
427 1527 579 1582 negotii
624 1526 825 1578 Quintum
860 1524 1021 1565 fratrem
1056 1525 1277 1580 quidquam
1311 1523 1472 1575 habere,
1507 1524 1614 1579 quod
1650 1524 1787 1566 videor
1819 1522 1919 1564 mihi

193 1710 229 1740 15
253 1718 379 1750 eamque
401 1707 431 1738 ei
454 1706 534 1738 solvi
556 1724 595 1728 —

151 1881 256 1913 Marci
277 1881 338 1912 filii
359 1879 521 1911 rationem
555 1877 676 1909 habere
712 1875 823 1913 vellet,
846 1875 938 1905 hunc
969 1874 1010 1904 ad

152 1935 245 1966 illam
267 1934 430 1965 adducere
451 1932 555 1963 iubet.

193 1987 290 2018 Illius
312 1996 407 2018 causa
430 1985 566 2016 voluisse
587 1993 621 2013 0:
644 1982 742 2013 matri
760 1980 936 2018 studuisse,
949 1980 1014 2021 pie—

153 2042 229 2073 tatis
251 2040 367 2072 officiis
390 2039 425 2070 in
444 2048 517 2070 eam
529 2037 679 2067 functum
691 2044 771 2067 esse.
795 2034 1015 2065 Locutionem

153 2095 249 2135 tetigi
270 2095 310 2125 ad
333 2094 400 2124 III.
425 2093 474 2130 24,
498 2092 527 2122 1.
878 2085 880 2087 ’

197 2149 239 2180 Id
259 2148 341 2190 quod
367 2149 402 2177 tu
426 2146 496 2183 scis,
520 2154 562 2177 ne
584 2143 786 2175 inofficiosus
817 2142 940 2173 videar.
974 2140 1016 2172 cf.

155 2213 203 2244 ep.
228 2202 277 2240 19,
300 2203 331 2232 4.

197 2256 215 2296 ξ
237 2255 267 2286 2.
293 2252 387 2291 Quod
410 2263 456 2283 me
478 2270 518 2274 —
540 2260 670 2282 revocas
693 2260 726 2281 0:
761 2256 797 2280 ut
829 2247 958 2289 scripsit
981 2247 1015 2278 in

155 2319 204 2351 ep.
227 2309 278 2346 21,
302 2309 330 2346 5,
353 2306 435 2349 quod
456 2316 502 2336 me
525 2305 558 2336 in
571 2305 685 2346 forum
715 2312 818 2340 vocas,
846 2303 934 2343 quod
964 2301 1015 2332 vis

155 2373 207 2395 me
230 2364 341 2394 denuo
363 2370 477 2392 causas
500 2369 608 2399 agere.

197 2417 275 2448 Erat
298 2435 339 2439 —
361 2415 412 2446 ubi
433 2413 669 2456 acquiescerem,
692 2412 727 2442 in
742 2420 853 2442 amore
868 2410 1009 2447 Tulliae,

156 2480 239 2512 quae
261 2479 354 2501 curas
377 2477 467 2499 meas
488 2467 529 2497 de
550 2476 617 2506 rep.
642 2465 783 2496 levabat.
808 2463 907 2502 Quod
919 2472 1008 2504 prae—

1103 1873 1173 1905 Non
1189 1873 1333 1915 poenitet
1357 1874 1505 1915 quantum
1531 1871 1734 1913 profecerim.
1765 1871 1806 1903 cf.
1829 1872 1870 1903 ad
1894 1872 1921 1902 Ι.

1036 1921 1038 1965 I
1061 1927 1110 1965 20,
1134 1928 1164 1958 3.

1037 1974 1038 1977 '
1106 1979 1282 2011 Jlaerorem
1304 1999 1344 2003 —
1366 1980 1515 2011 dolorem.
1555 1979 1685 2010 Maeror
1714 1984 1763 2010 est
1793 1987 1924 2010 summa

1038 2066 1040 2084 ἱ
1063 2034 1246 2075 aegritudo,
1268 2044 1350 2075 quae
1384 2034 1541 2065 animum*
1564 2034 1686 2064 lacerat
1713 2037 1746 2064 et
1777 2031 1919 2069 conficit,

1037 2085 1040 2121 1
1063 2094 1097 2120 et
1118 2098 1214 2129 saepe
1238 2089 1272 2119 in
1295 2088 1411 2119 fletum
1435 2093 1466 2119 et
1478 2087 1752 2118 lamentationem
1768 2085 1923 2127 erumpit.

1038 2140 1041 2159 ¹
1064 2141 1164 2172 Dolor
1187 2147 1235 2173 est
1257 2140 1429 2181 aegritudo
1452 2140 1567 2177 animi,
1585 2149 1670 2180 quae
1680 2139 1852 2171 hominem
1864 2138 1923 2170 mi-

1039 2162 1042 2221 i
1064 2194 1155 2226 nime
1177 2194 1323 2232 dedecet,
1346 2198 1447 2234 atque
1470 2193 1672 2224 indolentiae
1693 2192 1881 2234 opponitur.

1107 2247 1126 2287 ξ
1149 2247 1177 2277 3.
1199 2246 1248 2278 De
1267 2245 1392 2278 Triario
1404 2252 1464 2278 cet.
1488 2245 1577 2277 Dicit
1590 2245 1628 2278 C.
1641 2245 1816 2277 Valerium
1832 2244 1925 2276 Tria-

1040 2297 1043 2355 .
1065 2302 1161 2339 rium,
1185 2311 1284 2342 quem
1309 2302 1343 2332 in
1366 2301 1423 2331 lib.
1445 2301 1463 2331 Ι
1485 2301 1525 2332 (18
1548 2300 1688 2331 Finibus
1708 2299 1925 2341 disputationi

1065 2354 1224 2385 interesse
1245 2354 1354 2385 finxit.
1379 2353 1420 2384 cf.
1443 2353 1634 2394 Madvigius
1665 2353 1707 2384 ad
1736 2362 1792 2384 eos
1823 2352 1925 2383 libros

1040 2425 1043 2438 t
1066 2421 1096 2451 p.
1123 2410 1151 2441 3·

1108 2464 1157 2495 De
1186 2463 1387 2495 Castriciano
1410 2463 1534 2504 neyotio
1544 2467 1605 2494 cet.
1629 2477 1643 2488 υ
1653 2461 1696 2501 Q.
1711 2460 1827 2493 Cicero
1844 2470 1923 2493 ven-

155 2526 241 2558 cedit
262 2524 368 2555 mitius
390 2523 528 2554 debetur
551 2520 662 2551 Bosio.
695 2518 797 2550 Codd.
822 2519 901 2549 dant
920 2517 1016 2548 intus.
1040 2517 1043 2563 ξ
1065 2518 1192 2549 diderat
1215 2516 1353 2558 (potiusz
1378 2516 1586 2557 promiserat)
1611 2515 1773 2547 Castricio
1794 2513 1849 2545 cui
1869 2515 1924 2545 de-

155 2581 246 2612 Illud
268 2588 384 2610 verum
407 2577 546 2608 videtur.
581 2574 671 2605 Dicit
694 2583 729 2605 se
762 2579 859 2604 antea
889 2572 1017 2603 luctum

156 2641 364 2675 temperasse.
385 2628 596 2662 cf.Tusc.II.
624 2629 663 2658 53
685 2625 848 2667 patientia
880 2625 1016 2657 dolorem
1041 2663 1042 2669 ἵ

157 2687 261 2719 neseio
282 2696 339 2728 quo
359 2685 452 2725 pacto
466 2681 619 2714 mitiorem
629 2680 729 2721 flzez‘t.

200 2741 266 2771 Neo
287 2750 342 2781 eqo
363 2738 476 2770 victum
498 2745 554 2768 neo
575 2734 671 2765 vitam
694 2735 784 2765 illam
818 2734 919 2765 colere
942 2742 1016 2773 pos-

159 2808 234 2830 sum.
255 2797 356 2829 Recte
379 2795 559 2827 Ernestum
594 2797 674 2833 puto
696 2790 886 2828 dubitasse,v
904 2800 946 2820 an
970 2799 1017 2820 co-

161 2853 225 2883 lere
246 2851 359 2882 vietum
381 2855 414 2880 et
435 2847 537 2879 colere
559 2845 654 2876 vitam
678 2855 697 2876 a
720 2843 881 2876 Cicerone
894 2843 1018 2885 profec-

162 2912 232 2937 tum
253 2904 307 2941 sit,
329 2902 405 2943 (etsi
427 2901 566 2933 Plautus
589 2899 623 2929 in
645 2898 732 2929 Rud.
757 2897 785 2928 Ι.
809 2899 838 2935 5,
861 2897 900 2928 25
916 2897 1018 2928 dixit:

162 2958 290 3000 Esqomet
311 2955 364 2986 vix
385 2955 481 2986 vitam
502 2952 583 2993 eolo)
606 2959 714 2991 neque
737 2950 898 2991 displicet,
930 2950 1020 2990 quod

163 3012 221 3043 ille
242 3009 393 3046 coniecit,
416 3008 565 3039 tolerare.
594 3004 666 3035 Vzta
689 3009 720 3035 et
742 3004 842 3034 victus
864 3003 923 3034 ubi
945 3013 1021 3034 eon-

1067 2570 1163 2601 bebat
1184 2570 1358 2610 mancipia,
1389 2579 1472 2610 quae
1494 2574 1606 2610 postea
1628 2568 1734 2599 voluit
1756 2567 1820 2598 sibi
1841 2566 1922 2598 reti-

1065 2633 1144 2656 nere
1166 2629 1197 2655 et
1219 2623 1367 2655 debitum
1390 2624 1517 2654 solvere
1540 2633 1583 2654 ex
1616 2623 1690 2663 lege
1721 2621 1811 2652 Iulia
1839 2620 1923 2652 datis

1040 2675 1043 2732 Ι
1065 2679 1099 2710 in
1123 2680 1266 2711 solutum
1300 2679 1398 2710 rebus
1427 2678 1623 2715 aestimatis;
1654 2678 1712 2709 sed
1748 2686 1853 2718 quum
1881 2676 1928 2707 ita

1065 2739 1174 2765 actum
1196 2739 1280 2765 esset
1302 2734 1350 2773 (οι
1374 2733 1420 2764 ita
1442 2733 1528 2764 inter
1549 2742 1604 2764 eos
1631 2731 1865 2771 convenisset),
1888 2735 1925 2761 nt

1066 2787 1245 2820 Castricius
1267 2787 1338 2828 ipsa
1359 2786 1525 2827 mancipia
1557 2786 1743 2824 abduceret,
1767 2794 1834 2816 non
1857 2788 1928 2815 erat

1065 2851 1207 2883 aequum
1238 2841 1314 2882 cogi
1344 2841 1443 2872 illum
1476 2841 1516 2871 ad
1551 2839 1816 2871 aestimationem
1846 2838 1926 2869 acci-

1065 2895 1254 2937 piendam.'¹'
1285 2894 1337 2925 Ita
1368 2894 1495 2935 Popma
1524 2898 1612 2925 recte
1643 2893 1676 2924 h.
1698 2892 1721 2923 1.
1745 2891 1926 2933 expedivit.

1065 2948 1107 2980 cf.
1130 2958 1181 2989 ep.
1203 2949 1253 2987 30,
1276 2948 1296 2979 2
1318 2952 1350 2979 et
1371 2948 1485 2978 adnot.
1509 2947 1551 2977 ad
1572 2946 1619 2977 Π.
1642 2945 1671 2984 7,
1694 2947 1725 2976 5.

1108 3001 1244 3043 Eamque
1272 3001 1301 3032 ei
1330 3000 1420 3031 solvi.
1449 2999 1478 3030 ei
1499 3009 1559 3041 pro
1581 2999 1640 3030 sibi
1662 3009 1729 3030 non
1752 3004 1802 3030 est
1824 2998 1930 3030 fcren-

165 3066 357 3106 iunguntur,
380 3062 464 3094 illud
485 3061 588 3092 vitam
617 3058 794 3100 publicam,
823 3058 886 3089 hoc
915 3058 1022 3099 priva·
1042 3082 1045 3118 Ι
1066 3055 1154 3086 dum.
1192 3055 1265 3086 Aut
1297 3055 1511 3095 depravatum
1533 3057 1583 3085 est
1605 3062 1622 3084 e
1643 3051 1698 3090 sic,
1722 3057 1779 3083 aut
1800 3050 1928 3082 librarii

165 3126 234 3151 tam
255 3118 389 3150 indicat.
411 3115 453 3148 cf.
475 3116 516 3147 de
537 3114 621 3155 Leg.
655 3112 712 3144 111
755 3111 805 3143 32.
839 3112 933 3142 Brut.
970 3111 1020 3143 95.
1043 3124 1046 3171 ι
1067 3108 1340 3140 additamentum.

169 3171 266 3203 Corn.
290 3171 323 3201 in
347 3169 457 3202 Alcib.
481 3169 510 3205 1,
537 3167 564 3198 3.

1110 3160 1325 3202 Naviqatnrvs
1356 3170 1386 3191 a:
1423 3165 1529 3191 totum
1559 3159 1622 3190 iter
1644 3158 1677 3189 in
1700 3157 1849 3189 Africam
1873 3156 1928 3197 (cf.
