2062 3565
705 134 813 177 LIB.
847 135 940 177 XV.
976 136 1060 177 EP.
1096 137 1168 178 20.
1205 138 1277 178 21.
1781 140 1866 179 335

707 334 822 375 XXI.
888 335 954 388 (A.
996 335 1041 376 U.
1078 335 1120 375 C.
1159 335 1276 389 710.)

175 449 213 489 1.
258 447 388 488 Narro
432 446 530 488 tibi:
576 447 627 499 Q.
674 453 785 504 pater
829 448 1004 490 exsultat
1035 448 1203 491 laetitia.
1256 450 1424 506 Scripsit
1456 452 1562 492 enim
1597 451 1703 494 filius
1737 468 1777 494 se
1811 452 1871 494 id-

110 521 216 563 circo
248 520 459 577 profugere
493 521 543 562 ad
578 522 750 564 Brutum
785 523 971 573 voluisse,
1006 523 1128 578 quod,
1163 539 1288 579 quum
1323 523 1400 566 sibi
1425 526 1629 580 negotium
1656 525 1768 567 daret
1793 528 1874 567 An-

108 594 259 645 tonius,
304 599 352 636 ut
383 609 474 635 eum
519 594 758 636 dictatorem
788 597 974 647 efficeret,
1010 596 1254 652 praesidium
1288 604 1515 653 occuparet,
1551 598 1592 640 id
1626 605 1872 650 recusasset;

107 650 310 709 rebusasse
354 672 487 709 autem
533 684 588 719 se,
635 684 684 710 ne
735 669 859 724 patris
895 670 1073 711 animum
1108 670 1350 722 ofl'enderet;
1386 687 1433 712 ex
1467 688 1513 713 eo
1547 671 1625 714 sibi
1659 672 1771 714 illum
1806 673 1874 713 ho-
1915 688 1928 712 5

109 746 224 782 stem.
257 741 361 783 Tum
393 756 470 793 me,
505 742 654 797 inquit,
690 742 832 797 collegi
867 758 1006 784 verens
1040 759 1089 784 ne
1123 744 1222 800 quid
1256 744 1355 785 mihi
1390 745 1456 786 ille
1490 746 1616 787 iratus
1650 745 1726 786 tibi
1760 761 1874 787 noce·

109 820 182 856 ret.
231 815 375 871 Itaque
420 831 512 857 eum
546 816 716 872 placavi.
751 817 805 858 Et
838 816 999 872 quidem
1035 833 1134 859 cccc.
1170 823 1290 868 certa,
1325 818 1478 873 reliqua
1510 820 1552 861 in
1587 835 1671 875 spe.
1722 819 1874 862 Scribit

108 894 241 930 autem
286 890 439 931 Statius
481 889 596 931 illum
641 905 733 932 cum
784 895 895 947 patre
940 890 1120 932 habitare
1154 891 1268 932 velle.
1319 892 1408 933 Hoc
1443 908 1532 934 vero
1565 893 1725 944 mirum,
1760 898 1800 934 et
1832 893 1872 934 id

107 961 270 1018 gaudet.
306 963 483 1018 Ecquem
525 967 572 1004 tu
614 963 685 1004 illo
733 966 942 1004 certiorem
984 962 1254 1005 nebulonem?
1290 967 1330 1005 2.
1369 963 1588 1023 Ἐποχὴν
1621 972 1791 1008 vestram
1825 967 1873 1008 de

106 1051 147 1078 re
193 1036 295 1078 Cani
346 1036 686 1093 [deliberationis]
732 1036 872 1093 probo.
922 1036 1041 1078 Nihil
1085 1053 1191 1078 eram
1226 1038 1453 1094 suspicatus
1487 1038 1535 1080 de
1569 1039 1732 1091 tabulis,
1767 1037 1872 1083 ἄκε-
1898 1058 1929 1082 ιο

106 1108 262 1169 ραίως
293 1110 522 1151 restitutam
555 1109 795 1152 arbitrabar.
837 1109 951 1162 Quae
986 1109 1135 1161 differs,
1170 1115 1217 1151 ut
1250 1126 1404 1152 mecum
1439 1126 1585 1162 coram,
1619 1112 1871 1168 exspectabo.

105 1182 364 1235 Tabellarios,
398 1183 530 1239 quoad
564 1183 685 1235 voles,
719 1181 899 1235 tenebis3
931 1197 972 1224 es
1006 1183 1112 1224 enim
1147 1190 1379 1239 occupatus.
1414 1184 1532 1236 Quod
1567 1184 1615 1226 ad
1647 1186 1871 1237 Xenonem,

106 1256 244 1313 probe.
276 1255 398 1310 Quod
431 1257 577 1308 scribo,
612 1272 738 1313 quum
772 1256 994 1298 absolvero.
1028 1256 1184 1308 Quinto
1218 1257 1414 1313 scripsisti
1447 1263 1486 1299 te
1520 1258 1570 1299 ad
1596 1273 1686 1300 eum
1709 1259 1868 1300 literas:

105 1345 223 1372 nemo
268 1331 473 1373 attulerat.
520 1333 561 1372 3.
610 1331 704 1372 Tiro
754 1335 877 1386 negat
918 1330 998 1371 iam
1043 1330 1119 1372 tibi
1153 1330 1306 1386 placere
1340 1331 1602 1374 Brundisium
1635 1338 1675 1374 et
1708 1333 1869 1387 quidem

106 1403 238 1446 dicere
271 1404 426 1461 aliquid
459 1405 508 1447 de
540 1404 755 1446 militibus.
806 1408 863 1446 At
905 1419 979 1460 ego
1012 1405 1091 1446 iam
1125 1405 1367 1447 destinaram
1402 1405 1657 1461 Hydruntem
1692 1407 1868 1462 quidem.
1891 1423 1923 1450 15

106 1477 327 1521 Movebant
357 1495 420 1521 me
453 1485 546 1522 tuae
580 1479 758 1535 quinque
790 1479 925 1520 horae.
960 1479 1041 1521 Hic
1075 1484 1209 1521 autem
1243 1484 1418 1535 quantus
1452 1477 1626 1531 πλοῦςέ
1663 1481 1740 1522 Sed
1760 1481 1867 1522 vide-

149 1701 167 1742 ξ
191 1701 218 1732 l.
246 1700 285 1732 Ut
307 1711 374 1732 eum
395 1701 584 1733 dictatorem
607 1702 751 1743 efficeret.
786 1701 878 1741 Lege
900 1701 967 1732 lata

106 1764 164 1796 per
186 1755 229 1794 Q.
253 1754 459 1793 Ciceronem,
490 1756 519 1787 si
548 1756 582 1786 in
616 1762 811 1796 sequentem
841 1765 967 1786 annum

108 1809 183 1841 trib.
204 1810 249 1851 pl.
277 1810 382 1842 factus
406 1816 499 1842 esset.
523 1809 677 1842 Ceterum
698 1820 715 1842 e
742 1810 907 1841 M.Tullii
924 1810 965 1841 si-

106 1863 211 1894 lentio
233 1863 267 1894 in
291 1863 486 1905 Philippicis
509 1863 627 1895 merito
660 1863 870 1904 suspicantur
903 1863 966 1894 hoc

106 1915 284 1947 consilium
305 1926 325 1947 a
348 1917 476 1954 Quinto
498 1916 598 1947 fuisse
620 1916 744 1947 fictum.
770 1915 966 1947 Praesidium

106 1971 272 2009 occuparet
302 1969 447 2010 explicat
482 1969 563 2000 Ern.
594 1969 634 2000 de
665 1968 829 2009 Capitolio
858 1969 966 1999 aliove

107 2021 197 2053 urbis
219 2022 293 2053 loco
314 2023 444 2054 munito
475 2023 677 2064 occupando.
722 2022 802 2054 Post
823 2022 967 2062 -efficeret

107 2074 319 2107 inserendum
342 2075 474 2107 videtur
496 2078 527 2106 et

149 2127 258 2170 Inquit
283 2129 324 2168 Q.
345 2129 444 2167 filius,
469 2130 563 2161 cuius
586 2129 687 2161 verba
709 2135 785 2160 sunt
806 2138 910 2170 usque
926 2129 966 2159 ad

106 2180 140 2212 in
162 2192 225 2222 spe,
248 2188 286 2214 ut
308 2183 417 2214 visum
439 2183 628 2224 Mongaltio
650 2188 682 2214 et
704 2182 872 2214 Schutzio.
902 2182 966 2213 Mi-

107 2247 170 2268 nus
181 2243 268 2270 recte
289 2238 346 2269 alii
368 2238 427 2269 illa
449 2237 489 2268 Et
511 2238 633 2280 quidem
657 2237 758 2268 CCCC
776 2239 874 2274 certa,
889 2237 965 2268 reli-

107 2301 169 2332 qua
189 2291 225 2322 in
246 2301 299 2332 spe
321 2301 340 2322 a
360 2292 408 2323 M.
431 2291 546 2322 Tullio
568 2291 679 2322 addita
702 2295 820 2332 putant
852 2291 894 2322 de
924 2289 966 2328 Q.

108 2348 208 2385 patre,
232 2345 290 2386 qui
311 2345 484 2377 exsultans
506 2345 631 2377 laetitia
652 2344 722 2376 filio
739 2350 868 2376 tantum
879 2344 966 2375 dono

112 2397 248 2429 dederit.
269 2398 379 2430 Immo
399 2399 488 2429 filius
502 2398 588 2439 patri
611 2398 745 2430 nuntiat
759 2407 793 2429 se
806 2407 882 2428 cum
896 2397 966 2428 An·

111 2451 204 2482 tonio
246 2452 282 2483 in
318 2452 460 2493 gratiam
492 2451 638 2488 rediisse,
678 2452 787 2492 itaque
827 2451 966 2491 pecunia

111 2503 154 2535 ab
175 2513 215 2536 eo
236 2505 386 2536 adiutum
409 2505 459 2536 iri.
481 2504 531 2536 De
554 2504 692 2535 veritate
715 2508 824 2534 autem
843 2513 966 2539 eorum,

110 2567 195 2599 quae
216 2559 275 2591 ille
296 2559 419 2596 scribit,
442 2558 587 2589 dubitari
609 2562 724 2599 potest.

151 2611 250 2643 Illum
271 2622 339 2643 cum
353 2613 451 2652 patre
473 2611 618 2642 habitare
649 2610 747 2641 velle.
769 2611 881 2641 Antea
909 2620 965 2641 no-

111 2664 208 2696 lebat.
232 2663 282 2697 Cf.
305 2664 405 2696 XIV.
429 2664 478 2702 17,
501 2666 529 2695 3.
565 2663 670 2695 Verbi
688 2663 808 2704 yaudet
840 2663 965 2694 subiec-

110 2722 181 2749 tum
203 2724 252 2750 est
272 2717 404 2749 Statius.

153 2769 344 2803 Nebulonem
367 2777 478 2803 autem
500 2775 594 2801 vocat
615 2769 657 2809 Q.
684 2770 801 2808 filimn,
834 2770 891 2811 qui
912 2780 965 2811 pa-

112 2832 197 2859 trem
218 2827 264 2858 ita
284 2827 465 2859 mendaciis
486 2827 550 2858 sibi
573 2826 771 2858 benevolum
799 2826 964 2858 reddebat.

113 2879 234 2912 Paucis
253 2880 370 2912 diebus
391 2885 465 2922 post
486 2880 527 2911 de
549 2880 665 2911 eodem
686 2879 815 2910 scribit:
854 2878 880 2909 0
901 2881 965 2910 tur-

103 2943 176 2974 pem
197 2934 315 2966 sororis
337 2939 412 2966 tuae
421 2934 528 2976 filium
552 2943 602 2975 ep.
624 2933 674 2971 27,
696 2934 726 2965 3.

155 2988 174 3028 ξ
209 2987 240 3018 2.
270 2980 428 3034 Ἐποχὴν
459 2989 595 3019 vestram
622 2987 662 3018 de
690 2996 724 3018 re
755 2985 833 3017 Cani
857 2986 964 3026 probo,

112 3044 274 3077 Standum
294 3046 355 3078 hac
377 3046 471 3077 codd.
485 3045 635 3082 lectione,
651 3045 712 3077 etsi
723 3045 861 3076 omnino
874 3046 966 3086 igno-

113 3107 226 3130 ramus
247 3108 313 3140 qua
333 3099 374 3131 de
395 3108 430 3130 re
453 3103 579 3139 agatur,
602 3106 705 3139 eaque
716 3107 799 3140 quae
812 3099 966 3140 interpre-

111 3156 159 3183 tes
182 3159 320 3185 monent
340 3154 381 3185 de
402 3152 525 3193 nuptiis
547 3151 589 3191 Q.
605 3150 772 3184 Ciceronis
788 3162 862 3184 cum
876 3151 967 3184 Cana

1015 1701 1069 1741 (cf.
1092 1700 1196 1732 XIII.
1218 1702 1274 1739 41)
1303 1702 1454 1733 nituntur
1476 1702 1674 1735 coniectura.
1710 1703 1793 1736 Voc.
1817 1705 1869 1736 de-

1013 1755 1210 1786 liberationis
1232 1755 1296 1787 hue
1325 1756 1491 1797 irrepsisse
1521 1767 1537 1788 e
1561 1757 1649 1788 malo
1672 1757 1870 1798 glossemate

1014 1811 1103 1842 vocis
1124 1809 1267 1843 Graecae
1290 1812 1400 1853 plures
1423 1818 1499 1843 ante
1514 1822 1567 1844 me
1583 1813 1748 1845 viderunt.
1769 1813 1870 1853 Quod

1012 1864 1040 1895 si
1062 1864 1115 1894 cui
1138 1864 1248 1895 minus
1270 1865 1439 1906 probabile
1461 1865 1637 1902 videbitur,
1659 1872 1771 1898 utatur
1795 1877 1869 1899 con-

1012 1916 1136 1948 iectura
1157 1926 1236 1948 sane
1259 1918 1403 1958 speciosa
1426 1918 1559 1956 Moseri,
1583 1919 1640 1960 qui
1655 1918 1760 1960 Symb
1788 1919 1868 1951 Cn't.

1013 1970 1084 2001 VII
1122 1981 1152 2011 p.
1183 1971 1222 2001 14
1251 1981 1311 2012 pro
1341 1981 1379 2003 eo
1401 1971 1639 2003 deliberantium
1663 1973 1761 2004 scribi
1783 1974 1869 2006 vole-

1013 2024 1077 2062 bat,
1109 2025 1167 2066 qui
1189 2026 1355 2066 genitivus
1386 2026 1428 2057 sit
1451 2026 1610 2067 appositio
1632 2037 1724 2068 pron.
1747 2038 1869 2069 posses-

1012 2078 1085 2110 sivi.
1131 2077 1268 2110 Vestram
1307 2080 1502 2121 interpretor
1541 2080 1650 2118 Attici,
1690 2082 1731 2112 ad
1771 2092 1869 2123 quem

1011 2133 1133 2170 scribit,
1156 2138 1188 2164 et
1212 2132 1247 2174 Q.
1261 2134 1394 2174 fratris,
1417 2134 1458 2165 de
1481 2144 1546 2175 quo
1567 2135 1666 2166 modo
1688 2136 1869 2176 scripserat.

1011 2187 1153 2228 Reliqua
1173 2187 1273 2218 huius
1296 2188 1314 2227 ξ
1337 2188 1437 2219 verba
1458 2188 1529 2220 sine
1545 2189 1649 2220 Attici
1663 2189 1766 2220 literis
1780 2197 1870 2222 certo

1012 2243 1162 2284 expediri
1183 2254 1250 2274 non
1273 2250 1420 2285 possunt.
1443 2244 1484 2275 In
1507 2244 1626 2276 ultimo
1650 2246 1798 2277 membro
1815 2247 1868 2278 vel

1012 2296 1108 2328 initio
1133 2297 1216 2338 quod
1237 2297 1398 2329 excidisse
1422 2297 1552 2328 videtur
1572 2303 1648 2329 ante
1674 2297 1800 2338 Quinto,
1816 2299 1870 2331 vel

1012 2356 1085 2392 post
1120 2350 1233 2382 literas
1276 2351 1424 2382 desidero
1467 2351 1661 2392 particulam
1696 2353 1870 2384 adversati-

1013 2414 1098 2435 vam,

1055 2459 1074 2498 ξ
1096 2459 1124 2489 3.
1152 2457 1223 2489 Τίνα
1244 2461 1338 2498 neyac
1359 2464 1420 2490 cet.
1443 2459 1485 2490 In
1500 2459 1592 2500 epist.
1605 2469 1675 2501 sup.
1691 2461 1710 2500 ἓ
1723 2461 1742 2491 3
1754 2460 1870 2493 Cicero

1013 2511 1153 2542 amicum
1176 2517 1308 2551 rogarat
1319 2511 1542 2543 Brundisione
1554 2522 1596 2543 an
1609 2512 1756 2545 Puteolis
1767 2514 1869 2546 disce-

989 2567 991 2574 ’
1012 2565 1114 2596 deret.
1138 2564 1267 2596 Deinde
1289 2574 1306 2596 e
1329 2565 1454 2597 Tirone
1476 2571 1634 2606 cognorat
1655 2567 1870 2599 Brundisium

1012 2619 1185 2659 displicere
1206 2619 1330 2656 Attico,
1353 2629 1418 2660 quo
1440 2619 1562 2651 milites
1584 2620 1726 2652 Antonii
1741 2630 1758 2653 e
1772 2620 1868 2653 Grae-

1011 2671 1063 2702 cia
1084 2671 1260 2703 adventare
1285 2672 1487 2703 dicebantur.
1511 2671 1560 2704 Cf.
1583 2672 1679 2704 XVI.
1704 2675 1733 2711 4,
1757 2678 1787 2705 4.

1053 2724 1096 2754 At
1124 2734 1179 2766 eqo
1207 2724 1270 2755 iam
1298 2724 1490 2755 destinaram
1519 2724 1718 2766 Hydruntem
1739 2726 1868 2767 quidem.

1011 2777 1164 2810 Otiosum
1198 2784 1247 2810 est
1277 2777 1410 2820 quidem.
1448 2778 1599 2810 Fortasse
1638 2780 1864 2810 scribendum:

1012 2833 1054 2863 At
1084 2843 1139 2874 eqo
1158 2844 1221 2864 tam
1255 2832 1449 2864 destinaram
1471 2833 1651 2875 Hydrunte.
1677 2833 1728 2864 Me
1749 2834 1867 2875 quidem

1011 2887 1170 2918 movebant
1192 2889 1267 2918 luae
1288 2887 1422 2929 quinque
1451 2887 1548 2918 horae
1569 2898 1600 2919 o:
1626 2888 1713 2928 quod
1735 2889 1867 2928 scripse-

1010 2949 1062 2970 ras
1090 2939 1122 2970 V
1142 2939 1233 2971 horis
1255 2940 1297 2970 ab
1317 2939 1495 2980 Hydrunte
1518 2940 1551 2971 in
1574 2939 1744 2971 Graeciam
1767 2946 1866 2971 trans-

1011 2994 1098 3024 mitti
1119 3003 1222 3035 posse.
1256 2993 1434 3025 Ablativus
1464 2993 1635 3035 Hydrunte
1655 2994 1867 3025 confirmatur

1011 3045 1061 3084 iis,
1084 3055 1167 3087 quae
1199 3046 1327 3087 scripsit
1359 3055 1455 3088 supra
1488 3045 1699 3078 Brundisione
1730 3057 1772 3078 ar.
1806 3046 1866 3077 Pu-

1011 3098 1113 3130 teolis.

1054 3149 1118 3180 Hic
1147 3152 1250 3182 autem
1279 3151 1415 3190 quant-tes
1442 3147 1559 3186 πλοῦς.
1585 3150 1715 3182 Ernesti
1739 3160 1862 3182 correc-
