2062 3565
752 174 860 215 LIB.
896 175 988 216 XV.
1026 174 1109 216 ΕΡ.
1145 179 1279 214 dms.

125 321 215 347 vero
256 305 486 362 pacificator
531 323 621 349 cum
669 308 871 351 librariolo
916 325 987 350 suo

122 378 400 434 captiunculas
443 382 738 436 pertimescere.
795 382 995 424 Debuerat

1806 174 1889 212 2315

1031 311 1188 352 videtur
1233 311 1362 352 obisse
1408 310 1644 365 legationem
1687 316 1726 350 et
1759 324 1894 349 omncs=

1039 391 1187 431 aun-m,
1236 400 1312 426 non
1359 401 1403 424 m·
1439 385 1522 426 itere
1558 399 1710 426 manum
1747 398 1894 423 emt-vstr-

122 459 215 504 tum,
250 452 318 495 sed
353 468 455 507 quae
490 460 735 509 sequuntur:
772 464 897 511 tuque
932 456 1097 499 scribes.

117 631 199 670 fiber
221 631 575 672 Stss⁸tSVffl¹W²¹lt¹¹¹¹ss=”
606 634 731 665 Λὼῑθῑ·
758 634 981 665 flaminii-1⁴²1·
1014 640 1222 679 terpretatns
1246 647 1311 670 cst:
1337 639 1390 669 mil
1413 638 1528 668 meinent
1557 637 1668 667 (inlus.
1704 638 1768 668 Sed
1794 645 1893 677 ιμιιιιιι

116 694 224 726 gunae
246 694 289 716 ex
315 685 391 716 edit.
415 685 532 717 Orellii
556 697 585 726 p.
611 687 661 716 (54.

162 741 234 773 Tum
255 742 424 774 scribendi.
459 743 499 773 In
523 743 616 774 codd.
641 744 726 774 notis
752 753 871 774 nomen
896 744 984 774 unde
1006 766 1008 773 .

117 795 219 835 genit.
241 796 383 836 pendeat
406 796 540 827 excidit.
566 796 633 834 Qui
646 797 799 837 supplent
815 807 911 827 causa
932 797 983 826 vel
1006 800 1008 826 l

115 859 191 880 eura
221 859 289 882 rem
321 861 387 882 non
422 861 482 881 acu
508 850 700 891 tetigerunt.
736 851 886 883 Habebis
911 862 982 884 voe.

115 901 222 942 aptius
253 902 279 933 si
309 903 447 934 scribes:
485 905 547 933 tum
577 901 675 940 τόνος
696 902 852 934 scribendi
876 915 908 935 a:
935 915 983 935 ro-

119 958 258 996 bustum,
292 969 366 991 acre
396 965 428 991 et
459 960 637 991 vehemens
672 961 837 992 scribendi
868 971 973 1001 genus

117 1011 167 1043 Cf.
189 1013 322 1044 Ernesti
345 1013 496 1045 Lexicon
521 1014 682 1045 Teclmol.
706 1013 761 1045 (ἓν.
786 1014 819 1045 in
844 1024 935 1046 voce.

161 1064 288 1096 Servius
311 1075 382 1096 vero
405 1073 466 1097 cet.
490 1065 663 1097 Sententia
697 1066 777 1097 haec
810 1073 874 1097 est:
906 1066 979 1098 Ser-

117 1120 191 1150 vius
223 1119 391 1161 Sulpicius
422 1120 511 1161 pacis
542 1120 734 1152 retinendae
769 1127 867 1161 atque
902 1122 1009 1152 adeo.

117 1173 327 1204 renovandae
342 1173 508 1204 studiosus
520 1173 726 1204 diversarum
739 1174 881 1214 partium
898 1174 984 1214 prin-

116 1226 205 1267 cipes
236 1227 415 1258 convenire
445 1227 576 1258 videtur
607 1231 766 1268 tanquam
791 1228 919 1268 legatus
942 1234 982 1265 et,
1006 1220 1008 1233 ¹

117 1281 205 1320 quod
234 1289 278 1312 ex
300 1285 371 1311 arte
400 1290 460 1311 sua
481 1280 606 1318 didicit,
630 1290 745 1312 cavere
767 1291 808 1312 ne
831 1281 984 1322 captiosis

117 1333 228 1366 verbis
258 1334 413 1375 deceptus
444 1334 527 1365 nihil
559 1339 644 1374 agat.
665 1333 730 1366 Sed
753 1334 873 1366 frustra
895 1336 983 1366 labo-

116 1394 181 1426 rat;
213 1398 291 1420 nam
325 1393 455 1430 tempus
489 1389 665 1430 praeteriit,
699 1399 765 1430 quo
795 1390 914 1421 licebat
944 1401 984 1420 ea-

115 1441 187 1472 iure
219 1452 342 1472 manum
379 1444 550 1472 consertum
585 1451 703 1473 vocare
738 1452 763 1473 s.
792 1452 924 1474 causam
948 1443 981 1474 in

117 1496 391 1538 disceptationem
414 1497 587 1533 adducere,
610 1498 667 1528 sed
691 1497 796 1536 magis
819 1497 905 1529 ferro
922 1498 984 1530 erit

118 1559 170 1581 res
193 1549 380 1590 repetenda.
415 1567 453 1571 —
476 1549 516 1579 In
550 1550 656 1581 verbis
691 1557 839 1581 remanet
872 1551 1008 1591 aliqua²

118 1602 302 1634 difficultas.
335 1601 514 1641 Quaeritur
545 1602 645 1639 euim,
678 1602 758 1643 quid
784 1603 826 1633 sit
860 1614 925 1634 eum
949 1603 1010 1664 li-⁸

118 1655 236 1688 beriolo
258 1666 324 1693 seco,
347 1661 384 1687 ut
405 1662 455 1687 est
478 1656 510 1686 in
536 1656 624 1687 Med.
648 1655 685 1687 P.
711 1656 880 1688 Victorius
892 1658 986 1689 dubi·
1008 1666 1009 1677 ³

119 1711 217 1748 tabat,
251 1721 293 1741 an
323 1710 385 1741 hoc
419 1720 478 1751 pro
500 1711 610 1751 filiolo
639 1710 705 1741 dici
735 1712 886 1751 potuerit.
920 1711 987 1743 Sed

119 1773 186 1794 non
218 1769 268 1795 est
296 1763 487 1800 verisimile,
521 1773 623 1803 quum
647 1762 725 1794 liber
748 1773 806 1804 pro
828 1764 898 1794 filio
917 1775 983 1795 non

120 1823 203 1849 esset
235 1818 269 1848 in
302 1827 374 1848 usu.
409 1817 436 1848 E
467 1817 570 1848 veteri
599 1817 802 1848 correctione
833 1818 986 1849 scribitur

120 1880 186 1900 cum
201 1869 365 1900 librariolo
381 1880 446 1900 suo.
471 1870 544 1900 Hoc
563 1870 726 1901 Corradus
740 1871 983 1902 deminutivum

121 1937 191 1959 esse
222 1928 374 1959 credebat
402 1917 510 1958 neutri
539 1927 678 1967 generis,
713 1928 862 1968 cogitans
885 1928 982 1958 libra-

121 1983 201 2013 rium
223 1982 316 2019 illud,
339 1983 426 2023 quod
450 1982 634 2013 nominavit
658 1981 773 2014 Cicero
798 1983 830 2013 in
850 1983 985 2015 Miloni-

121 2047 184 2068 ana
197 2037 236 2068 33
250 2042 283 2068 et
298 2037 332 2067 in
345 2046 436 2068 suam
451 2036 648 2067 sententiam
662 2036 765 2068 traxit
777 2036 983 2076 Gr'aeterum,
1006 2027 1009 2060 l

120 2091 177 2133 qui
211 2091 310 2122 verba
342 2091 422 2122 haec
454 2091 585 2122 uncinis
606 2091 832 2128 circumdedit,
856 2092 912 2122 sed
936 2093 982 2123 in-

722 2235 784 2275 VJ
782 2236 808 2276 ]
809 2236 836 2276 Ι
839 2268 845 2274 .

1033 693 1175 734 reperire
1211 703 1275 723 non
1317 693 1447 733 possim.
1483 702 1547 732 qno
1589 691 1727 722 consilio
1761 690 1896 721 Servius-

1034 748 1098 779 tale
1126 748 1292 779 librarium
1318 758 1428 779 secum
1453 747 1595 784 duxerit,
1625 752 1681 776 aut
1704 756 1769 782 cur,
1793 745 1819 776 si
1844 743 1895 774 vel

1036 801 1182 832 maximo
1207 801 1343 838 fecisset,
1366 801 1465 832 huius
1490 801 1534 832 rei
1560 800 1760 831 mentionem
1785 798 1897 830 feccrit

1032 855 1160 892 Cicero,
1185 865 1304 896 sequor
1327 855 1527 892 Mamurium,
1551 855 1606 895 qui
1622 855 1662 885 de
1675 853 1791 890 scriba,
1804 853 1896 883 cuius

1031 919 1129 949 opera
1161 908 1295 940 Servius
1330 909 1376 939 uti
1401 909 1536 944 solebat,
1560 908 1621 938 hoc
1643 907 1769 938 dictum
1793 911 1893 947 putat,

1006 977 1010 992 l
1031 969 1184 1003 recteque
1213 963 1311 994 credo
1343 962 1564 1001 Mongaltium
1598 961 1678 992 haec
1700 960 1827 992 Gallice
1852 960 1897 991 ita

1006 1016 1226 1059 ‚re‹1didisse:
1263 1026 1338 1046 avec·
1367 1026 1421 1045 son
1451 1015 1531 1054 stelit
1564 1013 1746 1044 secre'taire.
1782 1013 1831 1044 Cf.
1867 1024 1896 1053 p.

1035 1070 1147 1105 Balbo,
1187 1069 1232 1099 14.
1274 1088 1284 1091 -
1344 1068 1495 1098 Videntur
1526 1077 1543 1098 e
1567 1068 1654 1099 Med.
1684 1078 1747 1098 non
1773 1067 1895 1098 servari

1031 1128 1146 1163 potest,
1170 1123 1327 1163 quoniam
1350 1121 1486 1153 Servius
1509 1121 1664 1152 comitem
1687 1120 1840 1152 habuisse
1854 1120 1892 1150 li-

1006 1183 1008 1216 ⁴:
1035 1178 1188 1213 brarium,
1219 1178 1275 1208 sed
1306 1177 1396 1208 solus
1420 1176 1621 1215 legationem
1642 1176 1750 1207 obisse
1773 1182 1805 1206 et
1827 1185 1895 1216 per-

1033 1233 1203 1263 timescere
1228 1232 1395 1272 captiones
1418 1231 1546 1262 dicitur.
1572 1230 1713 1261 Pluralis
1737 1235 1822 1261 recte
1844 1241 1895 1270 po-

1005 1310 1008 1320 .
1033 1293 1174 1323 nei-etur,
1198 1286 1225 1316 si
1244 1285 1427 1326 praedicata
1444 1294 1546 1325 aeque
1558 1285 1598 1315 ad
1614 1284 1783 1315 librarium
1795 1290 1895 1324 atque

1006 1374 1007 1381 ἵ
1032 1343 1070 1373 ad
1087 1343 1240 1374 Servium
1257 1343 1467 1383 pertinerent.
1494 1342 1533 1372 In
1547 1351 1636 1382 seqq.
1650 1340 1795 1373 Orellius
1810 1346 1895 1372 recte

1031 1408 1092 1427 non
1115 1397 1278 1437 separavit
1301 1406 1319 1426 a
1343 1396 1449 1427 verbis
1473 1406 1510 1426 es
1539 1395 1607 1425 iure
1631 1406 1751 1426 manum
1775 1404 1895 1426 conser-

1006 1471 1007 1474 ,
1032 1452 1104 1486 tum,
1139 1449 1291 1490 quamvis
1322 1449 1354 1480 in
1387 1449 1487 1479 Ennii
1512 1449 1669 1486 versibus,
1693 1459 1774 1489 quos
1798 1449 1895 1489 respi-

1006 1528 1007 1531 .
1031 1504 1076 1534 cit
1106 1504 1231 1540 Cicero,
1263 1513 1392 1544 qnoque
1427 1509 1489 1534 est:
1527 1502 1596 1532 Non
1619 1514 1659 1532 ea·
1682 1502 1751 1532 iure
1773 1513 1895 1532 manum

1031 1560 1213 1594 comestum,
1237 1558 1294 1588 sed
1315 1568 1401 1597 maye
1416 1556 1513 1596 ferro
1537 1556 1606 1586 Rem
1632 1558 1786 1596 repetunt.
1820 1555 1896 1587 Obi-

1032 1617 1082 1643 ter
1103 1612 1191 1643 idem
1215 1615 1386 1642 monuerat
1408 1610 1585 1641 Graeterus
1599 1611 1632 1641 in
1647 1611 1758 1642 adnot.
1775 1611 1815 1641 ad
1828 1610 1859 1641 h.
1874 1611 1895 1641 l.

1034 1666 1158 1706 interpr
1192 1664 1358 1695 Wieland.
1386 1664 1448 1694 VI.
1474 1674 1502 1704 p.
1526 1663 1595 1693 306.

1079 1717 1180 1759 Tuque
1213 1717 1337 1747 scribes.
1370 1716 1426 1748 Sic
1458 1717 1560 1754 codd„
1591 1726 1672 1756 quos
1695 1721 1824 1747 secutus
1848 1722 1896 1748 cst

1034 1771 1179 1804 Orellius
1203 1772 1236 1802 in
1262 1771 1339 1802 edit.
1362 1770 1416 1801 alt.
1442 1771 1572 1802 Priores
1595 1773 1758 1812 luquoque
1769 1770 1894 1807 scribes,

1033 1826 1122 1867 qnod
1145 1830 1260 1866 putant
1283 1825 1404 1865 opponi
1438 1825 1485 1861 iis,
1511 1834 1595 1865 quae
1618 1824 1714 1855 initio
1736 1824 1894 1865 epistolae

1007 1900 1009 1926 ὲ
1033 1880 1206 1919 leguntur:
1235 1893 1247 1903 n
1259 1877 1397 1908 Gratum
1420 1878 1508 1918 quod
1532 1877 1613 1908 mihi
1637 1877 1790 1918 epistolas
1814 1877 1893 1908 alio-

1006 1946 1009 1970 ,τ
1033 1943 1105 1964 rum
1129 1932 1257 1965 misisti,
1281 1932 1338 1962 sed
1362 1937 1396 1962 tu
1421 1940 1552 1972 quoque
1564 1931 1633 1972 ipse
1645 1931 1802 1962 scribes.''
1819 1932 1896 1962 Non

1031 1987 1128 2018 credo
1150 1991 1236 2017 recte
1260 1990 1381 2025 putare,
1406 1995 1513 2026 neque
1536 1984 1729 2016 Ciceronem
1745 1986 1788 2016 ita
1800 1985 1896 2025 scrip-

1031 2040 1121 2070 sisse.
1145 2038 1294 2079 Scripsit,
1317 2038 1344 2069 si
1368 2038 1447 2079 quid
1464 2038 1577 2069 video:
1597 2038 1709 2079 Itaque
1725 2038 1840 2069 scribes
1861 2048 1894 2069 o:

1032 2097 1063 2123 et
1088 2093 1134 2123 ita
1156 2092 1279 2123 scribes
1302 2090 1429 2121 Servio.

913 2237 978 2287 (A.
1021 2236 1065 2276 U.
1105 2238 1145 2275 (J.
1185 2235 1301 2287 710.)

191 2378 228 2416 l.
274 2376 372 2417 Post
420 2382 533 2417 tuum
577 2376 798 2418 discessum
845 2377 960 2419 binas
994 2393 1016 2418 a
1050 2375 1192 2425 Balbo,
1230 2375 1331 2416 nibil
1364 2375 1472 2424 novi,
1508 2375 1684 2429 itemque
1720 2373 1769 2415 ab
1810 2375 1898 2415 llir-

125 2450 197 2500 ti0,
240 2450 310 2504 qui
353 2465 394 2491 se
436 2448 577 2490 scribit
621 2450 876 2492 vehementer
921 2452 1116 2493 offensum
1164 2465 1248 2491 esse
1291 2449 1501 2491 veteranis.
1554 2449 1772 2503 Exspectat
1816 2447 1899 2488 ani-

125 2539 215 2565 mus
259 2523 453 2578 quidnam
499 2538 615 2577 agam
657 2523 705 2564 de
740 2524 918 2566 Kalend.
958 2524 1170 2579 [Martiis]
1222 2524 1318 2565 Misi
1354 2523 1478 2578 igitur
1511 2522 1699 2563 Tironem
1734 2526 1773 2562 et
1807 2536 1894 2562 cnm

125 2599 270 2640 Tirone
315 2598 463 2654 plures,
507 2596 655 2651 quibus
707 2597 892 2651 singulis,
941 2604 986 2640 ut
1036 2597 1213 2653 quidque
1249 2597 1474 2645 accidisset,
1510 2595 1624 2636 dares
1658 2595 1806 2643 literas,
1842 2600 1898 2634 at—
1941 2610 1953 2630 r»

169 2773 186 2812 ξ
218 2775 244 2804 l.
268 2773 437 2814 Exspectat
460 2774 583 2804 animus
599 2773 744 2814 quidnam
769 2783 870 2812 aqam.
896 2773 987 2803 inso-

128 2828 230 2859 lentia
251 2827 404 2858 dictionis
428 2827 558 2858 videtur
593 2827 734 2857 movisse
766 2825 930 2857 Orellium
953 2831 989 2856 ut

127 2882 318 2913 coniiceret:
333 2880 504 2922 Eaespeetas
517 2881 632 2911 anxius
648 2883 658 2918 ,ζ
666 2881 819 2911 Hirtius-⁸.
839 2880 905 2911 Sed
923 2890 989 2912 vei·-

128 2939 185 2970 ba:
208 2938 279 2970 misi
291 2938 390 2980 iyitnr
411 2944 486 2969 cett.
511 2939 630 2969 docent
653 2948 718 2968 non
741 2938 781 2969 de
796 2937 918 2974 Hirtio,
933 2937 989 2968 sed

128 2992 169 3022 de
191 2990 350 3023 Cicerone
373 2991 426 3022 hic
450 3000 520 3022 esse
542 3000 727 3021 sermonem
762 2990 852 3028 Ergo
866 2999 988 3028 ena-pec-

128 3046 178 3074 !at
201 3043 322 3074 animus
348 3054 416 3075 non
443 3043 541 3074 debet
573 3031 752 3079 sollicitari,
784 3052 851 3072 non
883 3042 989 3078 magis

129 3107 227 3138 quam
250 3098 337 3139 quod
360 3098 503 3138 legimus
525 3097 579 3127 IV
608 3096 655 3133 15,
680 3098 699 3126 4
722 3106 760 3126 ne
779 3096 912 3126 animum
930 3095 989 3126 Pn-

130 3153 186 3184 blii
207 3153 380 3195 offenderet
403 3158 460 3184 ant
487 3152 580 3182 Fam.
612 3152 653 3182 V.
685 3154 712 3188 5,
744 3152 763 3182 2
796 3161 879 3181 meus
901 3150 933 3180 in
959 3153 990 3179 le

129 3205 252 3237 animus
275 3217 363 3247 quam
386 3204 543 3244 sinqulari
564 3204 662 3245 qffioio
676 3203 792 3243 fioerit,
817 3208 847 3235 et
869 3203 989 3234 similia

1035 2784 1052 2802 a
1084 2774 1212 2804 Kritzio
1243 2774 1283 2804 ad
1313 2773 1383 2803 Sal.
1419 2773 1493 2809 lug.
1528 2773 1577 2808 39,
1603 2773 1619 2800 5
1645 2771 1817 2811 producta:
1842 2769 1898 2799 scd

1033 2838 1123 2867 aqam
1160 2828 1314 2859 vitiosum
1348 2834 1404 2857 cst.
1453 2826 1517 2856 Pro
1551 2835 1588 2856 eo
1623 2825 1795 2855 dicendum
1831 2828 1897 2854 erat

1033 2885 1132 2922 ayanl
1156 2889 1213 2913 aut
1235 2884 1360 2923 πρωίην.

1077 2935 1125 2967 De
1154 2936 1319 2967 Kalendis.
1354 2936 1482 2975 Scripta
1513 2936 1592 2966 haec
1627 2934 1761 2974 epistola
1786 2942 1896 2963 mense

1037 2989 1126 3021 Maio
1149 2999 1253 3030 paene
1286 2996 1444 3026 extremo,
1472 2995 1508 3019 ut
1532 2988 1700 3018 Kalendae
1725 2997 1790 3017 non
1814 2986 1898 3016 aliae

1011 3047 1013 3054 ⁴
1035 3043 1161 3083 possint
1196 3043 1339 3081 intelligi
1364 3042 1428 3072 nisi
1452 3042 1578 3078 Iuniae,
1602 3040 1722 3080 quibus
1744 3038 1897 3068 consules

1035 3097 1219 3134 edixerant,
1243 3102 1281 3127 ut
1303 3101 1469 3127 senatores
1483 3096 1642 3126 adessent.
1671 3094 1744 3123 vid.
1764 3092 1850 3122 Phil.
1870 3093 1896 3122 Ι.

1036 3149 1064 3179 6.
1087 3149 1179 3180 Fam.
1204 3149 1265 3180 XI.
1290 3150 1317 3185 2,
1344 3149 1370 3178 l.
1395 3149 1464 3178 Att.
1488 3147 1586 3178 XIV.
1611 3147 1651 3176 22
1664 3152 1748 3177 extr.
1766 3144 1898 3175 Martiis

1036 3201 1146 3241 igitur,
1167 3202 1258 3242 quod
1284 3201 1315 3231 in
1341 3199 1432 3231 libris
1457 3200 1535 3230 Mss.
1546 3199 1729 3241 apponitur,
1743 3204 1791 3230 est
1809 3198 1898 3239 inep—
