2062 3565
690 141 796 184 ΜΒ.
832 143 953 184 xm.
992 142 1074 184 ΕΡ.
1116 143 1307 183 ,lu-*le
1801 143 1885 182 223

119 277 320 319 Nimirum
367 277 408 318 id
454 278 554 327 i'uit;
596 278 784 319 solvendo
829 279 934 320 enim
984 294 1061 319 non
1096 284 1194 319 erat.
1240 277 1368 319 Credo
1402 293 1491 320 eum
1531 277 1689 332 petiisse¹
1724 292 1745 316 a¹
1785 276 1886 316 Mau·-

119 350 218 392 cello
252 350 419 406 aliquid,
455 357 495 392 et
527 351 656 400 illuni,
691 359 736 393 ut
769 359 866 401 erat,
902 353 926 394 †
944 352 1195 393 constantius
1229 351 1495 406 respondisse.

119 515 194 546 clere
215 514 366 547 dicatur?
388 516 436 547 At.
458 522 546 547 recte
568 517 656 548 idem
681 517 763 548 vidit.
785 518 978 549 Ciceronem
1029 516 1137 547 dicam
1165 516 1246 547 mihi
1278 516 1405 557 placere
1430 516 1539 548 Beieri
1572 516 1658 547 coni.
1689 515 1892 546 cunctantius

119 569 151 600 h.
184 569 204 599 l.
243 569 385 600 scribere
422 568 574 600 debuisse
609 570 806 600 coustantius
839 580 979 611 neqasse.
1031 570 1227 610 respondisse
1263 570 1357 608 Quae
1380 570 1568 601 coniectura
1581 569 1890 609 eoli1·1natur,quo‹l

121 622 206 655 Nam
229 623 286 663 qui
309 622 434 663 petenti
457 624 642 663 respondet,
675 623 744 654 eius
775 625 860 655 votis
893 625 984 655 satis·
1006 609 1008 643 ¹>
1032 624 1228 655 Marcellum
1253 624 1384 655 Caelius
1407 634 1538 665 quoque
1560 624 1730 655 hominem
1763 623 1886 653 tardum

120 676 206 707 facit.
232 677 344 715 Quare
367 686 445 717 pace
469 676 592 708 Moseri
622 676 738 716 symb.
756 678 983 710 (¹1·it.V11.l.7
1006 664 1010 714 ιΙ
1033 681 1062 709 el
1079 689 1191 720 parvm
1215 680 1366 720 efficacem
1392 686 1494 717 vocat,
1520 679 1611 710 Fam.
1639 679 1737 709 V111.
1768 680 1812 714 10,
1840 681 1868 709 53.

742 785 817 825 XI.
887 787 950 836 (A.
994 786 1038 825 (J.
1077 787 1118 826 C.
1158 787 1275 840 709.)

188 900 225 940 l.
273 894 348 942 Ου’
393 896 578 942 ταύτὸν
620 893 767 950 εἶδος.
814 899 1032 941 medebam
1068 917 1152 942 esse
1186 901 1315 942 facile.
1350 903 1494 943 'Potum
1530 907 1590 943 est
1624 901 1748 951 aliud,
1786 908 1891 955 post-

121 988 286 1029 eaquam
337 987 424 1014 sum
470 988 493 1014 a
535 978 574 1014 te
623 973 855 1014 diiunctior.
906 973 983 1014 Sed
1028 974 1106 1015 fuit
1150 975 1392 1025 faciendum,
1442 980 1485 1015 ut
1529 981 1568 1015 et
1602 976 1885 1016 constituerem

121 1046 367 1088 mercedulas
412 1047 664 1102 praediorum
714 1052 754 1088 et
797 1062 846 1088 ne
891 1061 1082 1101 magnum
1126 1063 1227 1089 onus
1274 1047 1548 1089 observantiae
1598 1048 1720 1090 Bruto
1757 1056 1890 1089 nost-ro

120 1121 380 1176 imponerem.
425 1121 597 1162 Posthac
642 1122 749 1162 enim
796 1121 1015 1176 poterimus
1050 1121 1298 1163 commodius
1333 1122 1459 1163 colere
1492 1123 1598 1163 inter
1632 1138 1703 1163 nos
1737 1123 1777 1162 in
1813 1122 1891 1162 'l'u-
1934 1142 1947 1164 ε.

121 1193 297 1236 sculano.
350 1194 439 1236 Hoc
484 1199 618 1236 autem
664 1201 856 1250 tempore,
903 1209 1026 1248 quum
1072 1195 1139 1236 ille
1173 1210 1235 1236 me
1269 1195 1448 1250 quotidie
1483 1195 1615 1236 videre
1651 1195 1783 1245 vellet,
1819 1210 1892 1250 ego

121 1266 171 1309 ad
205 1266 317 1308 illum
352 1267 409 1308 ire
442 1283 523 1309 nou
557 1283 727 1324 possem,
770 1267 1003 1323 privabatur
1045 1268 1152 1309 omni
1186 1268 1450 1309 delectatione
1484 1268 1716 1310 Tusculani.
1755 1272 1794 1309 53.
1832 1269 1891 1309 'l‘u

120 1341 258 1396 igitur,
311 1342 343 1382 si
389 1341 555 1383 Servilia
599 1342 766 1392 venerit,
811 1342 845 1382 si
889 1341 1040 1382 Brutus
1085 1342 1183 1397 quid
1227 1343 1366 1397 egerit,
1413 1343 1533 1384 etiam
1571 1343 1604 1383 si
1636 1343 1893 1384 constituerit

122 1409 282 1470 quando
327 1413 501 1466 obviam,
547 1415 747 1470 quidquid
795 1415 968 1470 denique
1002 1415 1091 1465 erit,
1128 1417 1234 1470 quod
1269 1417 1368 1458 scire
1403 1432 1464 1458 me
1498 1421 1692 1472 oporteat,
1729 1415 1892 1457 scribes.

123 1486 323 1538 Pisonem,
368 1488 401 1529 si
447 1489 608 1543 poteriS‚
660 1489 897 1536 convenies;
951 1489 1060 1529 vides
1101 1505 1217 1545 quam
1266 1496 1467 1532 mat-urum
1513 1492 1578 1532 sit.
1631 1490 1708 1531 Sed
1739 1494 1888 1538 tamen,

125 1560 231 1616 quod
267 1562 476 1603 commodo
513 1571 584 1604 tuo
618 1564 701 1604 fiat.

166 1728 184 1768 ξ
209 1727 237 1759 l.
259 1725 308 1760 Οὺ
338 1724 462 1760 ταύτὸν
493 1723 592 1767 εἶδος.
627 1731 765 1761 Initium
800 1738 847 1762 cst
873 1741 984 1762 versus

124 1784 292 1825 Euripidei
323 1795 365 1817 ex
398 1786 478 1816 Ione
513 1787 614 1826 (585¹,
637 1797 702 1827 quo
726 1787 848 1818 indicat
871 1786 986 1818 Cicero

125 1839 186 1869 sibi
208 1844 305 1870 autea
328 1839 422 1870 facile
447 1840 554 1870 visum
577 1849 647 1871 esse
669 1841 710 1871 ab
722 1841 836 1871 Attico
852 1841 986 1881 longius
1012 1832 1013 1842 ¹

124 1895 300 1931 discedere,
325 1905 414 1925 nunc
441 1904 516 1926 vero
548 1905 649 1936 quum
674 1895 842 1936 Arpinum
865 1896 986 1936 profec-
1011 1886 1014 1905 l

127 1954 181 1978 tus
205 1953 298 1985 esset,
322 1948 416 1980 aliter
439 1949 582 1979 evenire.
612 1949 711 1980 Recte
734 1954 844 1980 aut-em
868 1949 987 1980 Casan·
1011 1959 1013 1989 ᾗ

127 2003 232 2034 bonus
258 2003 365 2040 verba,
388 2013 472 2044 quae
495 2004 528 2034 in
553 2004 645 2034 editt.
661 2003 883 2045 adhaerebant
904 2004 986 2045 epis·
1012 2003 1013 2022 l

127 2058 212 2089 tolae
243 2058 414 2099 superiori,
449 2059 489 2088 ad
524 2058 658 2089 initium
693 2067 798 2089 novae
831 2058 988 2098 epistolae

126 2112 274 2144 retraxit.
309 2112 350 2143 Id
380 2122 445 2143 non
479 2112 686 2143 intellectum
710 2112 860 2143 Victorio
884 2112 926 2143 V.
950 2112 989 2142 L.
1011 2111 1013 2120 ⁴

127 2164 266 2196 XXVI.
297 2165 315 2195 6
338 2165 372 2196 in
395 2163 529 2196 Graecis
559 2165 765 2205 explicandis
787 2164 894 2195 fraudi
917 2164 989 2195 fuit.

172 2219 210 2250 Ut
240 2219 458 2250 constituerem
491 2219 684 2250 mercedula-⁹
708 2218 923 2259 praediorum.
947 2218 987 2249 cf.

1039 1743 1113 1764 sens
1137 1739 1167 1765 et
1189 1744 1264 1764 cuni
1289 1743 1327 1764 eo
1349 1734 1389 1764 de
1414 1743 1447 1764 re
1465 1733 1595 1774 publicu
1610 1733 1791 1773 disputans,
1805 1731 1898 1762 rusti-

1038 1787 1174 1818 cationis
1209 1797 1288 1818 suae
1309 1788 1562 1819 delectationem
1586 1786 1735 1827 capiebat
1759 1785 1898 1816 nullam.

1037 1841 1074 1872 Si
1098 1841 1214 1872 Cicero
1236 1841 1417 1882 scripsisset
1437 1841 1647 1881 privabantur,
1671 1840 1760 1880 quod
1783 1849 1898 1880 propo-

1037 1895 1103 1925 suit
1126 1894 1281 1932 Orellius,
1302 1895 1411 1926 minus
1434 1895 1560 1926 urbane
1582 1895 1622 1925 de
1646 1894 1751 1925 Bruto
1764 1893 1894 1923 locutus

1038 1948 1162 1985 fuisset,
1194 1948 1288 1988 quasi
1313 1948 1468 1979 molestas
1492 1947 1589 1978 huius
1612 1946 1895 1986 interpellationes

1037 2001 1167 2041 fugiens
1199 2002 1366 2042 Arpinum
1396 2000 1561 2042 profectus
1590 2008 1683 2036 esset,
1717 2000 1894 2030 omisisset-

1037 2065 1100 2096 que
1123 2055 1196 2086 illa:
1220 2065 1308 2096 quum
1333 2065 1388 2095 eqo
1409 2055 1454 2086 ad
1474 2055 1564 2085 illum
1587 2054 1634 2084 ire
1657 2064 1717 2084 non
1745 2062 1873 2093 posse-m.

1081 2109 1099 2149 ξ
1122 2109 1151 2139 2.
1174 2108 1320 2146 Servilia,
1344 2114 1449 2139 mater
1470 2108 1518 2139 M.
1542 2107 1646 2138 Bruti.

1084 2161 1214 2202 Quando
1246 2161 1363 2191 obviam
1398 2171 1452 2202 np.
1488 2160 1621 2192 Caesari
1650 2160 1756 2190 iturus
1788 2160 1830 2190 sit
1853 2169 1896 2190 ex

1039 2215 1201 2256 Hispania
1223 2214 1382 2246 redeunti.
1407 2213 1448 2245 cf.
1472 2223 1522 2254 ep.
1545 2214 1594 2250 23,
1619 2213 1648 2244 1.

127 2282 179 2314 ep.
201 2273 230 2310 9,
254 2272 285 2303 2.
1088 2267 1180 2299 Vides
1211 2279 1300 2310 quam
1322 2269 1475 2297 maturum
1498 2266 1541 2297 sit
1574 2280 1588 2292 u
1598 2266 1675 2307 quia
1698 2266 1767 2296 dies
1797 2266 1897 2296 aucti-

170 2325 372 2356 Ρνὶιίιύαίην.
408 2325 531 2355 Brutus
555 2324 750 2355 (icerouem
772 2323 919 2364 quotidie
944 2324 989 2354 vi·
1011 2330 1014 2354 1
1038 2322 1112 2353 onis
1134 2322 1304 2353 hortorum
1328 2320 1590 2360 Scapulanorum
1605 2319 1896 2350 instabat.''(}1·on.

734 2454 834 2495 XII.
903 2455 966 2505 (Α.
1011 2453 1055 2494 01
1096 2457 1135 2494 0.
1176 2454 1292 2506 709.)

196 2584 234 2624 l.
285 2579 411 2622 Valde
457 2595 518 2621 me
567 2579 866 2621 momorderunt
911 2580 1102 2636 epistolae
1146 2587 1239 2623 tuae
1287 2580 1334 2621 de
1370 2581 1506 2622 Attica
1541 2588 1700 2630 nosti-:15
1736 2579 1895 2620 eaedem

128 2661 264 2697 tamen
297 2659 552 2696 sanaverunt.
587 2652 705 2704 Quod
741 2653 847 2694 enim
881 2660 921 2694 te
954 2654 1040 2708 ipse
1073 2653 1329 2696 consolabare
1363 2654 1514 2695 eisdem
1546 2654 1688 2703 literis,
1724 2653 1763 2692 id
1798 2650 1896 2692 mihi

130 2734 215 2770 erat
257 2727 354 2768 satis
403 2727 559 2768 firmum
602 2726 651 2768 ad
696 2726 923 2767 leniendam
967 2727 1275 2782 aegritudinem.
1323 2731 1363 2768 2.
1411 2727 1664 2781 Ligarianam
1698 2726 1895 2781 praeclare

131 2801 363 2844 vendidisti.
399 2800 573 2842 Posthac
607 2799 805 2854 quidquid
839 2799 1048 2856 scripsero,
1083 2800 1157 2842 tibi
1193 2801 1449 2857 praeconium
1482 2799 1669 2840 deferam.
1706 2800 1746 2838 53.
1777 2797 1895 2848 Quod

131 2874 182 2917 ad
214 2890 276 2916 me
309 2874 358 2915 de
410 2875 582 2915 Varrone
617 2872 772 2923 scribis,
814 2873 892 2914 scis
927 2888 987 2914 me
1022 2880 1139 2916 antea
1173 2875 1372 2916 orationes
1405 2880 1475 2914 aut
1509 2872 1660 2926 aliquid
1695 2872 1733 2912 id
1769 2886 1896 2925 genus

133 2948 292 2990 solitum
339 2946 523 2997 scribere,
569 2953 616 2987 ut
665 2946 878 2987 Varronem
925 2961 1121 3002 nusquam
1158 2963 1313 3003 possem
1346 2947 1536 2987 intexere.
1589 2946 1729 2986 Postea
1764 2954 1896 2984 autem

177 3115 196 3155 ξ
217 3115 248 3146 2.
270 3115 472 3156 Liyarianam
490 3115 659 3155 praeclare
681 3114 865 3146 vendidisti.
899 3114 991 3146 Solet
1042 3114 1119 3145 Vid.
1152 3114 1179 3144 1.
1212 3112 1260 3149 16,
1286 3111 1334 3141 16.
1360 3110 1458 3140 V111.
1484 3110 1530 3145 16,
1555 3109 1582 3139 l.
1624 3106 1760 3136 Vendere
1782 3105 1842 3136 linc
1866 3105 1897 3135 vi

136 3168 250 3200 Cicero
273 3169 525 3200 commendandi
539 3169 674 3200 notione
685 3178 806 3209 ponere
818 3167 994 3199 venditare.
1017 3194 1022 3216 λ
1042 3166 1149 3207 posuit
1175 3164 1329 3196 Horatius
1353 3163 1433 3202 Epp.
1459 3162 1501 3192 Π.
1532 3162 1555 3190 Ι.
1581 3160 1628 3191 75.

1914 1497 1946 1522 10

1920 2810 1952 2834 15
