2062 3565
658 166 764 208 LIB.
800 166 874 208 [X.
912 166 993 208 ΕΡ.
1034 169 1101 207 13.
1142 169 1209 207 ll.
1761 171 1809 209 77

56 303 188 361 potius
237 302 441 344 faciamus.
499 301 562 343 Ab
604 308 774 357 utroque
817 307 953 357 portus
995 317 1118 344 cornu
1155 303 1275 344 moles
1308 304 1489 354 iacimus,
1527 310 1569 344 ut
1603 309 1673 345 aut
1707 303 1816 345 illum

54 390 172 432 quam
217 376 387 432 primum
431 377 626 426 traiicere,
672 376 778 431 quod
828 376 947 417 habet
1002 376 1201 418 Brundisii
1254 379 1470 434 copiarum,
1516 392 1703 432 cogamus
1749 385 1818 418 aut

55 449 164 492 exitu
211 448 539 505 111011111011111118.υ
593 452 632 490 2.
679 449 757 490 Ubi
792 453 853 490 est
886 449 954 491 illa
991 465 1081 505 pax,
1116 450 1164 490 de
1198 466 1277 505 qua
1314 450 1461 492 Balbus
1495 451 1706 506 scripserat
1741 457 1818 491 tor-

54 523 163 580 queri
215 523 285 564 se?
331 522 475 578 ecquid
521 521 732 564 acerbius?
779 522 923 576 ecquid
958 522 1185 565 crudelius?
1220 526 1353 580 Atque
1387 540 1476 566 eum
1511 524 1619 579 loqui
1655 523 1817 579 quidam

55 592 370 646 αὐθεντικῶς
410 593 610 644 narrabat,
663 595 738 636 Cn.
773 594 983 646 Carbonis,
1021 595 1080 636 M.
1116 596 1232 637 Bruti
1266 612 1306 637 se
1343 612 1488 653 poenas
1521 598 1701 652 persequi
1737 612 1817 637 om-

0 714 5 718 ,
54 654 243 725 niunique
275 683 425 718 eorum,
460 669 501 709 in
537 684 636 723 quos
671 668 781 710 Sulla
815 668 986 709 crudelis
1022 668 1095 709 1100
1129 671 1237 710 socio
1262 669 1432 720 fuisset;
1468 669 1569 711 nihil
1603 670 1816 711 Curionem

54 757 94 785 se
126 742 226 785 duce
260 742 403 793 facere,
437 741 544 797 quod
578 757 658 783 non
695 741 756 783 1110
791 742 900 783 Sulla
925 742 1026 783 duce
1045 742 1225 794 fecisset3
1263 744 1288 787 †
1311 743 1360 785 ad
1395 742 1650 784 ambitionem
1672 741 1818 797 quibus·

53 814 159 858 exilii
204 830 332 871 poena
377 813 649 870 superioribus
693 813 849 869 legibus
890 830 970 855 0011
1015 814 1169 865 fuisset,
1227 814 1277 856 ab
1312 815 1379 856 illo
1413 816 1562 871 patriae
1597 814 1817 871 proditores

53 887 101 930 de
133 887 252 930 exilio
285 887 470 929 reductos
504 903 613 938 esse3
648 888 758 942 queri
795 886 843 927 de
880 887 1032 927 Milone
1057 902 1124 942 per
1150 889 1226 928 vim
1250 887 1430 943 expuISO,
1463 890 1659 929 neminem
1685 895 1816 929 tamen

54 976 94 1004 se
138 960 392 1010 violaturum,
443 961 518 1001 nisi
570 961 638 1015 qui
683 975 791 1002 arma
837 965 989 1001 contra.
1027 960 1137 1001 Haec
1172 960 1346 1002 Baebius
1379 961 1556 1016 quidam,
1591 977 1613 1002 a
1645 962 1817 1002 Curione

54 1047 122 1077 111.

53 1106 186 1149 nescio
219 1105 316 1161 quid
350 1121 479 1161 agam.
514 1106 620 1148 Elim
657 1107 842 1162 equidem
877 1106 1054 1147 Gnaeum
1088 1106 1308 1162 profectum
1344 1112 1455 1163 puto.
1501 1107 1710 1162 Quidquid
1745 1114 1819 1158 est,

56 1179 180 1222 biduo
212 1180 398 1221 sciemus.
450 1182 485 1220 A
518 1186 558 1220 te
591 1178 694 1220 nihil
726 1194 776 1220 ne
811 1184 902 1220 ante
937 1178 1023 1220 dies
1057 1178 1218 1233 quidem
1251 1180 1429 1234 quinque
1462 1179 1682 1221 literarum.
1734 1181 1820 1222 Nec

52 1253 214 1295 mirum:
263 1251 361 1307 quid
402 1252 507 1293 enim
553 1252 763 1306 estquod
797 1250 1043 1292 scribamus?
1099 1251 1184 1304 Ego
1217 1256 1350 1293 tamen
1382 1251 1537 1293 nullum
1572 1252 1675 1294 diem
1715 1268 1820 1308 prae-

169 1033 233 1075 Id.
274 1033 490 1089 profectus,
541 1032 659 1074 homo
704 1049 784 1075 11011
829 1033 975 1083 infans,
1022 1033 1133 1076 †sed
1167 1035 1271 1089 quis,
1309 1034 1375 1076 ulli
1414 1049 1493 1075 11011
1529 1034 1649 1076 dicat.
1702 1034 1818 1075 Plane

98 1417 136 1450 13
158 1417 258 1454 nihi&
284 1427 323 1449 ne
347 1418 484 1449 Anteros
507 1416 628 1459 quidem
650 1417 726 1459 quid
746 1417 937 1448 lztteramm.

93 1555 111 1596 ἓ
133 1555 163 1587 2.
188 1553 242 1586 Cn.
267 1553 426 1591 Carbonis,
459 1553 504 1585 M.
528 1553 626 1585 Bruti
647 1563 680 1585 se
705 1563 827 1595 poenas
852 1565 919 1596 per-

21 1599 26 1601 *
53 1608 150 1652 sequi.
199 1607 261 1641 Cn.
287 1608 446 1650 Papirius
476 1607 583 1640 Carbo
612 1609 668 1640 111
696 1609 809 1640 consul
839 1620 916 1641 011111

8 1672 17 1697 1
57 1665 95 1699 C.
119 1665 227 1698 Mario
249 1665 319 1696 filio
341 1665 496 1706 Lilybaei
519 1675 537 1696 a
560 1664 622 1696 Cn.
646 1665 806 1706 Pompeio
821 1665 918 1697 inter-

58 1719 161 1753 fectus
183 1725 242 1758 est,
264 1726 303 1751 ut
325 1719 439 1751 scribit
462 1719 589 1757 Cicero,
613 1719 707 1764 Eam.
732 1719 796 1750 IX.
821 1720 870 1757 22,
890 1721 918 1751 3.

7 1806 22 1813 ,,
57 1772 105 1804 M.
126 1773 242 1805 Iunius
265 1773 399 1810 Brutus,
430 1773 488 1813 qui
517 1773 696 1813 aliquando
726 1782 827 1813 remp.
858 1772 917 1804 Ca-

4 1851 10 1861 ..
32 1822 40 1831 “
57 1837 156 1870 puam
179 1826 357 1859 transferre
379 1827 497 1865 voluit,
519 1827 561 1858 ab
591 1827 707 1858 eodem
737 1836 766 1857 a.
790 1826 851 1859 678
881 1827 915 1857 in

5 1916 18 1925 s
57 1879 167 1913 Gallia
189 1880 361 1922 Cisalpina
382 1880 489 1912 victus
522 1886 571 1912 est
600 1885 632 1912 et
661 1880 796 1911 occisus.
834 1880 917 1912 Rem

59 1938 192 1965 narrant
213 1933 399 1974 Appianus,
423 1932 629 1970 Plutarchus,
655 1932 745 1964 Livii
762 1932 918 1974 epitoma-

58 1991 118 2024 tor,
155 1986 222 2024 alii,
256 1995 398 2027 quorum
428 1986 528 2018 verba
565 1985 681 2017 citavit
708 1985 853 2019 Orellius
884 1986 917 2017 in

19 2064 21 2068 ,
61 2038 180 2073 Onom.
203 2040 293 2072 Tull.
315 2050 346 2081 p.
369 2040 441 2072 319.
825 2044 828 2046 “

4 2999 8 3002 “
0 2150 33 2982 ’ἵῖᾳῖᾰῦθὲᾈωΜτῐΓ-’ΐΐῌτίθῐῖδῡ
19 2115 22 2118 «

98 2093 169 2126 Hoc
189 2094 284 2126 socio.
319 2093 498 2136 Pompeius
521 2093 611 2126 enim
633 2104 709 2125 cum
731 2093 827 2125 Sulla
850 2094 920 2125 Ma-

60 2146 169 2178 rianos
189 2152 260 2179 erat
281 2152 482 2188 persecutus.

101 2199 154 2231 Ad
173 2199 378 2231 ambitionem.
400 2199 451 2231 De
472 2199 535 2230 hoc
558 2199 630 2231 loco
653 2205 806 2241 corrupto
822 2199 920 2230 multi

62 2253 165 2284 multa
187 2253 397 2294 scripserunt,
423 2253 481 2285 sed
504 2262 601 2284 nemo
633 2251 802 2284 Ciceronis
831 2261 920 2284 nien-

42 2312 128 2338 ·tem
150 2305 269 2337 melius
291 2311 460 2337 assecutus
490 2305 630 2343 videtur,
659 2315 760 2346 quam
788 2305 826 2339 P.
849 2305 920 2336 Ma-

61 2358 182 2396 nutius,
205 2359 299 2390 cuius
320 2358 422 2390 verba
441 2358 636 2389 describam.
660 2357 716 2390 Sic
730 2358 832 2399 igitur
844 2357 917 2388 ille:

61 2411 180 2444 uDuae
201 2417 280 2443 sunt
300 2412 571 2453 comparationes,
603 2422 669 2443 una
703 2411 857 2443 Curionis
887 2416 920 2442 et

62 2465 211 2498 Caesaris
232 2477 309 2498 cum
331 2467 491 2508 Pompeio
513 2471 546 2498 et
569 2466 674 2504 Sulla,
697 2467 802 2498 altera
824 2466 920 2498 Pom-

61 2520 126 2562 peii
147 2530 223 2551 cum
245 2520 349 2552 Sulla.
373 2521 414 2551 In
437 2520 544 2561 priore
568 2530 635 2551 non
655 2519 838 2551 Curionem
851 2529 921 2550 cru-

62 2573 180 2606 deliter
201 2574 416 2616 improbeque
439 2583 473 2605 se
497 2574 581 2605 duce
603 2573 720 2611 facere,
743 2573 791 2604 uti
810 2572 923 2604 fecerit

43 2625 240 2669 *Pompeius
263 2628 346 2660 duce
372 2626 478 2665 Sulla,
501 2626 677 2668 significat,
711 2627 777 2664 sed,
801 2632 838 2657 ut
859 2626 923 2658 sibi

64 2679 164 2715 Curio
192 2682 290 2713 rebus
318 2681 354 2713 in
385 2681 540 2713 omnibus
570 2681 779 2722 obsequatur,
808 2679 924 2712 itidem

64 2732 263 2776 Pompeium
284 2743 509 2775 quascumque
540 2743 591 2765 res
620 2732 715 2765 Sulla
744 2732 923 2774 imperave-

63 2786 107 2818 rit
126 2791 183 2818 aut
204 2787 357 2825 voluerit,
381 2787 415 2818 in
439 2787 478 2818 iis
501 2786 599 2818 rebus
628 2786 758 2817 dedisse
779 2795 923 2827 operam,

65 2843 103 2870 nt
123 2839 175 2871 illi
195 2840 294 2882 plane
317 2839 527 2871 satisfaceret.
550 2839 628 2870 Non
646 2839 746 2880 igitur
763 2838 848 2869 facta
863 2837 924 2870 Cu-

40 2915 43 2917 »
65 2891 167 2925 rionis
187 2902 266 2924 cum
287 2892 440 2933 Pompeii
464 2892 556 2923 factis
578 2896 755 2933 comparat,
779 2900 820 2923 ne
844 2896 876 2922 et
890 2899 924 2922 se

65 2943 187 2982 Sullae,
211 2951 244 2977 et
265 2944 444 2977 Curionem
467 2945 628 2986 Pompeio
650 2944 775 2976 similes
798 2944 831 2975 in
855 2953 926 2974 cru-

66 2996 199 3030 delitate
220 2997 328 3035 faciat,
364 2998 422 3029 sed
451 2997 658 3028 voluntatem
691 2996 820 3028 confert
847 3006 922 3028 cum

70 3049 250 3089 voluntate,
280 3051 478 3092 obsequium
507 3059 583 3082 01110
612 3051 782 3091 obsequio.
813 3049 926 3081 Poste-

10 3110 14 3147 ]
68 3103 135 3136 rior
153 3106 353 3147 comparatio
376 3105 572 3147 Pompeium
595 3111 629 3137 et
661 3105 790 3138 Sullam
819 3114 923 3146 aeque

9 3195 20 3202 -
68 3155 190 3188 indicat
213 3159 325 3199 inique
348 3159 471 3194 fecisse,
496 3168 599 3199 quum
625 3158 719 3189 Sulla
735 3158 924 3198 victorpro-

1429 1370 1492 1430 '3

965 1556 1088 1588 ditores
1102 1557 1226 1598 patriae
1241 1557 1418 1595 reduxerit,
1438 1556 1614 1598 Pompeius
1630 1555 1753 1587 Consul
1769 1555 1822 1586 111

966 1610 1039 1651 lege
1062 1612 1102 1642 de
1125 1611 1251 1642 ambitu
1274 1611 1339 1643 lata
1362 1612 1396 1642 in
1427 1611 1568 1642 exilium
1599 1611 1730 1642 eiecerit
1759 1619 1822 1647 eos,

964 1665 1084 1705 quibus
1107 1670 1233 1696 veteres
1256 1666 1346 1706 leges
1369 1665 1534 1696 damnatis
1556 1666 1596 1696 de
1619 1664 1745 1695 ambitu
1758 1663 1826 1694 exi·

964 1719 1048 1750 lium
1071 1729 1138 1750 non
1163 1719 1363 1760 irrogabant.
1404 1720 1523 1760 Itaque
1546 1718 1660 1750 Sullae
1682 1718 1826 1759 primuni

965 1771 1109 1803 viventis
1131 1772 1280 1812 imperio,
1303 1772 1423 1803 deinde
1446 1771 1569 1802 mortui
1599 1770 1753 1811 exemplo
1783 1769 1826 1801 fe-

966 1825 1010 1856 cit
1033 1825 1181 1866 improbe
1203 1824 1416 1867 Pompeius.”
1439 1822 1567 1856 Deinde
1590 1824 1709 1856 menda
1725 1824 1759 1854 in
1776 1823 1827 1854 his

969 1881 1078 1912 verbis
1101 1881 1230 1912 excutit
1253 1888 1286 1912 et
1308 1887 1415 1913 totum
1438 1881 1548 1912 locum
1569 1880 1615 1912 sic
1637 1879 1704 1911 fere
1727 1889 1745 1910 a
1776 1878 1827 1910 Ci-

969 1942 1088 1965 cerone
1111 1930 1267 1974 script'um
1292 1933 1492 1974 suspicatur:
1516 1933 1554 1963 ab
1577 1933 1635 1964 lzoe
1658 1932 1706 1971 (0:
1732 1931 1827 1962 Pom-

968 1987 1056 2027 peio)
1080 1986 1148 2028 leqe
1170 1986 1209 2018 de
1230 1986 1347 2018 ambitu
1371 1997 1461 2025 nova,
1486 1986 1595 2028 quibus
1617 1985 1707 2016 exitii
1722 1994 1826 2026 poena

968 2050 992 2072 s,
1016 2041 1038 2072 l.
1068 2052 1126 2072 non
1157 2041 1286 2081 ficisset,
1320 2041 1451 2072 eiectos:
1483 2041 1522 2072 ab
1550 2041 1608 2071 illo
1638 2040 1686 2080 (oz
1717 2038 1827 2078 Sulla)

962 2095 1093 2136 patriae
1108 2095 1290 2136 proditores
1311 2095 1351 2126 de
1373 2095 1471 2126 exilio
1485 2095 1630 2126 reductos
1643 2104 1721 2126 esse.
1744 2094 1828 2124 Ean-

969 2149 1045 2180 dem
1078 2150 1278 2181 sententiam
1315 2149 1461 2188 habebis,
1496 2149 1524 2180 si
1555 2157 1684 2180 mecum
1721 2148 1826 2188 leges:

971 2201 1053 2232 hunc
1083 2201 1210 2232 eiecisse
1248 2201 1284 2232 ob
1321 2201 1468 2233 ambitum
1502 2211 1564 2239 eos,
1600 2200 1707 2242 quibus
1739 2198 1830 2230 esitii

962 2264 1067 2295 poena
1090 2264 1116 2286 s.
1139 2255 1162 2285 l.
1184 2254 1398 2295 nonsuz'sset;
1421 2254 1459 2284 ab
1470 2254 1528 2284 illo
1541 2272 1583 2276 —
1597 2253 1740 2284 reductos
1752 2260 1830 2283 esse.

969 2307 1043 2338 Duo
1065 2308 1173 2349 priora
1197 2308 1362 2339 vocabula
1384 2307 1466 2338 hunc
1480 2307 1609 2338 eiecisse
1621 2306 1662 2337 ab
1673 2306 1831 2337 oscitante

969 2361 1105 2392 librario
1126 2366 1199 2403 post
1223 2362 1326 2393 verba
1347 2361 1426 2392 duce
1439 2360 1574 2401 fecisset
1607 2359 1703 2391 facile
1725 2358 1831 2390 omitti

969 2420 1156 2456 potuerunt.

1015 2467 1112 2509 Queri
1145 2468 1184 2499 de
1215 2468 1336 2500 Milone
1364 2474 1426 2499 eet.
1462 2466 1606 2508 Opponit
1639 2466 1689 2496 liis
1724 2465 1831 2496 verbis

972 2522 1092 2555 Caesar
1109 2521 1259 2563 Pompeii
1276 2521 1309 2552 in
1323 2520 1487 2552 Milonem
1502 2519 1709 2561 iniquitatem
1722 2519 1829 2559 aequi-

970 2575 1028 2606 tati
1051 2583 1140 2606 suae.

1014 2627 1115 2659 Homo
1137 2637 1197 2658 non
1220 2625 1338 2667 infans,
1361 2627 1379 2664 †
1399 2624 1457 2657 sed
1477 2624 1554 2666 quis,
1577 2624 1638 2655 ulli
1659 2622 1830 2655 nondicat.

972 2681 1093 2713 Latine
1117 2680 1280 2717 nesciunt,
1304 2679 1362 2721 qui
1383 2679 1465 2710 haec
1487 2688 1567 2710 sana
1587 2683 1712 2719 putent.
1734 2676 1830 2707 Alio·

974 2745 1047 2766 rum
1073 2734 1278 2776 suspiciones
1306 2733 1357 2772 (in
1386 2732 1506 2774 quibus
1533 2730 1744 2762 Gronoviana
1776 2728 1832 2758 sed

973 2788 1041 2830 quis
1061 2788 1122 2819 illa
1145 2797 1206 2818 non
1228 2786 1356 2825 dicat?)
1384 2795 1486 2827 quum
1516 2784 1597 2816 mihi
1620 2794 1687 2815 non
1710 2782 1831 2813 satissa-

973 2846 1094 2879 cerent,
1118 2840 1261 2872 conieci:
1296 2838 1354 2870 sed
1380 2838 1434 2880 qui
1466 2837 1527 2868 illa
1549 2836 1631 2868 nulli
1651 2846 1712 2867 non
1734 2834 1831 2865 dica!-

974 2894 1136 2935 Designat
1151 2893 1314 2925 Baebium
1329 2897 1365 2923 ut
1378 2891 1549 2922 hominem
1564 2890 1744 2930 loquacem,
1761 2887 1829 2927 qui,

975 2957 1060 2989 quae
1083 2947 1203 2979 Caesar
1224 2956 1336 2978 coram
1357 2955 1391 2977 se
1422 2944 1552 2981 dixerit,
1586 2943 1739 2974 omnibus
1762 2950 1831 2971 nar-

979 3000 1082 3032 rabat.
1105 3000 1199 3032 Ideni
1221 2998 1402 3030 coniecisse
1424 2997 1460 3028 C.
1483 2996 1522 3027 F.
1543 2995 1774 3026 Hermannum
1797 2992 1830 3022 in

976 3052 1157 3092 Phnologo
1179 3052 1247 3083 111.
1267 3060 1288 3091 p
1323 3049 1382 3080 105
1405 3049 1526 3080 omisso
1548 3047 1607 3078 illa
1630 3052 1741 3087 postea
1754 3044 1831 3074 vidi.

1017 3105 1045 3135 A
1067 3107 1098 3136 te
1120 3104 1203 3136 nihil
1223 3113 1263 3134 ne
1284 3104 1359 3134 ante
1381 3102 1450 3133 dies
1469 3100 1587 3143 quidem
1610 3098 1741 3140 quinque
1763 3096 1832 3127 lite-

977 3169 1092 3190 rarum.
1117 3157 1234 3197 Recepi
1258 3156 1463 3196 Malaspinae
1485 3154 1716 3187 coniecturam,
1748 3159 1832 3190 quae

1841 974 1873 999 lU
