<?xml version="1.0" encoding="UTF-8"?>
<!DOCTYPE html PUBLIC "-//W3C//DTD XHTML 1.0 Transitional//EN"
    "http://www.w3.org/TR/xhtml1/DTD/xhtml1-transitional.dtd">
<html xmlns="http://www.w3.org/1999/xhtml" xml:lang="en" lang="en">
 <head>
  <title>
</title>
<meta http-equiv="Content-Type" content="text/html;charset=utf-8" />
  <meta name='ocr-system' content='tesseract 3.04.00' />
  <meta name='ocr-capabilities' content='ocr_page ocr_carea ocr_par ocr_line ocrx_word'/>
</head>
<body>
  <div class='ocr_page' id='page_1' title='image "./epistolarumadtpo02ciceuoft_0301.png"; bbox 0 0 2062 3565; ppageno 0'>
   <div class='ocr_carea' id='block_1_1' title="bbox 112 143 1934 928">
    <p class='ocr_par' dir='ltr' id='par_1_1' title="bbox 112 143 1934 928">
     <span class='ocr_line' id='line_1_1' title="bbox 691 143 1877 188; baseline 0 -2"><span class='ocrx_word' id='word_1_1' title='bbox 691 143 798 186; x_wconf 84' lang='lat' dir='ltr'>LIB.</span> <span class='ocrx_word' id='word_1_2' title='bbox 834 145 949 187; x_wconf 75' lang='lat' dir='ltr'>xlv.</span> <span class='ocrx_word' id='word_1_3' title='bbox 985 146 1068 188; x_wconf 80' lang='grc' dir='ltr'>ΕΡ.</span> <span class='ocrx_word' id='word_1_4' title='bbox 1108 147 1300 187; x_wconf 82' lang='lat'>15—17.</span> <span class='ocrx_word' id='word_1_5' title='bbox 1796 147 1877 186; x_wconf 85' lang='grc'>291</span> 
     </span>
     <span class='ocr_line' id='line_1_2' title="bbox 116 279 1880 338; baseline -0.001 -14"><span class='ocrx_word' id='word_1_6' title='bbox 116 280 263 324; x_wconf 88' lang='lat' dir='ltr'>audeat</span> <span class='ocrx_word' id='word_1_7' title='bbox 293 279 448 322; x_wconf 88' lang='lat' dir='ltr'>laedere</span> <span class='ocrx_word' id='word_1_8' title='bbox 483 281 685 336; x_wconf 85' lang='lat' dir='ltr'>proposita</span> <span class='ocrx_word' id='word_1_9' title='bbox 718 295 834 323; x_wconf 89' lang='lat' dir='ltr'>cruce</span> <span class='ocrx_word' id='word_1_10' title='bbox 869 286 940 324; x_wconf 87' lang='lat' dir='ltr'>aut</span> <span class='ocrx_word' id='word_1_11' title='bbox 972 284 1096 324; x_wconf 79' lang='lat' dir='ltr'>saxo?</span> <span class='ocrx_word' id='word_1_12' title='bbox 1130 283 1362 338; x_wconf 84' lang='lat' dir='ltr'>praesertim</span> <span class='ocrx_word' id='word_1_13' title='bbox 1381 283 1506 324; x_wconf 86' lang='lat' dir='ltr'>tantis</span> <span class='ocrx_word' id='word_1_14' title='bbox 1526 280 1748 338; x_wconf 78' lang='lat' dir='ltr'>plausibus,</span> <span class='ocrx_word' id='word_1_15' title='bbox 1768 286 1880 323; x_wconf 85' lang='lat' dir='ltr'>tanta</span> 
     </span>
     <span class='ocr_line' id='line_1_3' title="bbox 116 353 1878 412; baseline -0.001 -14"><span class='ocrx_word' id='word_1_16' title='bbox 116 353 400 412; x_wconf 77' lang='lat' dir='ltr'>approbatione</span> <span class='ocrx_word' id='word_1_17' title='bbox 432 354 688 396; x_wconf 72' lang='lat' dir='ltr'>infimorum?</span> <span class='ocrx_word' id='word_1_18' title='bbox 724 357 764 396; x_wconf 91' lang='lat'>3.</span> <span class='ocrx_word' id='word_1_19' title='bbox 800 356 938 407; x_wconf 89' lang='lat' dir='ltr'>Nunc,</span> <span class='ocrx_word' id='word_1_20' title='bbox 975 356 1030 398; x_wconf 90' lang='lat' dir='ltr'>mi</span> <span class='ocrx_word' id='word_1_21' title='bbox 1064 357 1215 407; x_wconf 85' lang='lat' dir='ltr'>Attice,</span> <span class='ocrx_word' id='word_1_22' title='bbox 1252 372 1314 398; x_wconf 91' lang='lat' dir='ltr'>me</span> <span class='ocrx_word' id='word_1_23' title='bbox 1348 356 1409 398; x_wconf 80' lang='lat' dir='ltr'>fao</span> <span class='ocrx_word' id='word_1_24' title='bbox 1431 361 1479 399; x_wconf 89' lang='lat' dir='ltr'>ut</span> <span class='ocrx_word' id='word_1_25' title='bbox 1496 355 1698 412; x_wconf 76' lang='lat' dir='ltr'>expedias,</span> <span class='ocrx_word' id='word_1_26' title='bbox 1733 356 1878 412; x_wconf 87' lang='lat' dir='ltr'>Cupi0,</span> 
     </span>
     <span class='ocr_line' id='line_1_4' title="bbox 117 427 1879 485; baseline 0.001 -16"><span class='ocrx_word' id='word_1_27' title='bbox 117 442 241 484; x_wconf 86' lang='lat' dir='ltr'>quum</span> <span class='ocrx_word' id='word_1_28' title='bbox 283 427 411 470; x_wconf 89' lang='lat' dir='ltr'>Bruto</span> <span class='ocrx_word' id='word_1_29' title='bbox 454 433 592 470; x_wconf 89' lang='lat' dir='ltr'>nostro</span> <span class='ocrx_word' id='word_1_30' title='bbox 637 429 788 471; x_wconf 81' lang='lat' dir='ltr'>affatim</span> <span class='ocrx_word' id='word_1_31' title='bbox 836 430 1110 481; x_wconf 72' lang='lat' dir='ltr'><strong>satisfecerim,</strong></span> <span class='ocrx_word' id='word_1_32' title='bbox 1145 446 1351 472; x_wconf 72' lang='lat' dir='ltr'>excurrere</span> <span class='ocrx_word' id='word_1_33' title='bbox 1385 432 1428 473; x_wconf 89' lang='lat' dir='ltr'>in</span> <span class='ocrx_word' id='word_1_34' title='bbox 1463 431 1686 472; x_wconf 80' lang='lat' dir='ltr'>Graeciam.</span> <span class='ocrx_word' id='word_1_35' title='bbox 1737 430 1879 485; x_wconf 83' lang='lat' dir='ltr'>Magni</span> 
     </span>
     <span class='ocr_line' id='line_1_5' title="bbox 115 500 1881 559; baseline 0.002 -17"><span class='ocrx_word' id='word_1_36' title='bbox 115 501 282 543; x_wconf 85' lang='lat' dir='ltr'>interest</span> <span class='ocrx_word' id='word_1_37' title='bbox 314 500 518 543; x_wconf 85' lang='lat' dir='ltr'>Ciceronis</span> <span class='ocrx_word' id='word_1_38' title='bbox 553 502 614 544; x_wconf 91' lang='lat' dir='ltr'>vel</span> <span class='ocrx_word' id='word_1_39' title='bbox 648 517 736 544; x_wconf 82' lang='lat' dir='ltr'>mea</span> <span class='ocrx_word' id='word_1_40' title='bbox 769 503 905 558; x_wconf 86' lang='lat' dir='ltr'>potius</span> <span class='ocrx_word' id='word_1_41' title='bbox 940 504 1001 545; x_wconf 91' lang='lat' dir='ltr'>vel</span> <span class='ocrx_word' id='word_1_42' title='bbox 1036 504 1260 546; x_wconf 87' lang='lat' dir='ltr'>mehercule</span> <span class='ocrx_word' id='word_1_43' title='bbox 1302 505 1511 559; x_wconf 82' lang='lat' dir='ltr'>utriusque</span> <span class='ocrx_word' id='word_1_44' title='bbox 1544 520 1606 546; x_wconf 83' lang='lat' dir='ltr'>mc</span> <span class='ocrx_word' id='word_1_45' title='bbox 1639 505 1881 546; x_wconf 84' lang='lat' dir='ltr'>intervenire</span> 
     </span>
     <span class='ocr_line' id='line_1_6' title="bbox 115 573 1934 635; baseline 0.004 -20"><span class='ocrx_word' id='word_1_46' title='bbox 115 573 301 616; x_wconf 84' lang='lat' dir='ltr'>discenti.</span> <span class='ocrx_word' id='word_1_47' title='bbox 336 575 443 616; x_wconf 89' lang='lat' dir='ltr'>Nam</span> <span class='ocrx_word' id='word_1_48' title='bbox 477 575 646 631; x_wconf 86' lang='lat' dir='ltr'>epistola</span> <span class='ocrx_word' id='word_1_49' title='bbox 679 576 898 628; x_wconf 82' lang='lat' dir='ltr'>Leonidae,</span> <span class='ocrx_word' id='word_1_50' title='bbox 933 593 1053 634; x_wconf 88' lang='lat' dir='ltr'>quam</span> <span class='ocrx_word' id='word_1_51' title='bbox 1087 578 1135 620; x_wconf 85' lang='lat' dir='ltr'>ad</span> <span class='ocrx_word' id='word_1_52' title='bbox 1170 595 1232 620; x_wconf 85' lang='lat' dir='ltr'>me</span> <span class='ocrx_word' id='word_1_53' title='bbox 1267 579 1425 630; x_wconf 87' lang='lat' dir='ltr'>misisti,</span> <span class='ocrx_word' id='word_1_54' title='bbox 1447 579 1542 635; x_wconf 90' lang='lat' dir='ltr'>quid</span> <span class='ocrx_word' id='word_1_55' title='bbox 1563 578 1697 630; x_wconf 85' lang='lat' dir='ltr'>habet,</span> <span class='ocrx_word' id='word_1_56' title='bbox 1718 594 1879 634; x_wconf 77' lang='lat' dir='ltr'>quaeSO,</span> <span class='ocrx_word' id='word_1_57' title='bbox 1920 596 1934 622; x_wconf 85' lang='lat'><strong>5</strong></span> 
     </span>
     <span class='ocr_line' id='line_1_7' title="bbox 112 646 1884 708; baseline 0.003 -19"><span class='ocrx_word' id='word_1_58' title='bbox 112 646 170 690; x_wconf 70' lang='lat' dir='ltr'>ii?</span> <span class='ocrx_word' id='word_1_59' title='bbox 196 662 276 704; x_wconf 90' lang='lat' dir='ltr'>quo</span> <span class='ocrx_word' id='word_1_60' title='bbox 320 663 466 704; x_wconf 85' lang='lat' dir='ltr'>magno</span> <span class='ocrx_word' id='word_1_61' title='bbox 509 664 625 705; x_wconf 90' lang='lat' dir='ltr'>opere</span> <span class='ocrx_word' id='word_1_62' title='bbox 658 650 881 693; x_wconf 73' lang='lat' dir='ltr'>laetemur?</span> <span class='ocrx_word' id='word_1_63' title='bbox 915 652 1137 708; x_wconf 78' lang='lat' dir='ltr'>Nunquam</span> <span class='ocrx_word' id='word_1_64' title='bbox 1172 653 1238 694; x_wconf 90' lang='lat' dir='ltr'>ille</span> <span class='ocrx_word' id='word_1_65' title='bbox 1273 654 1372 694; x_wconf 87' lang='lat' dir='ltr'>mihi</span> <span class='ocrx_word' id='word_1_66' title='bbox 1406 654 1502 695; x_wconf 87' lang='lat' dir='ltr'>satis</span> <span class='ocrx_word' id='word_1_67' title='bbox 1536 653 1694 694; x_wconf 86' lang='lat' dir='ltr'>laudari</span> <span class='ocrx_word' id='word_1_68' title='bbox 1728 650 1884 694; x_wconf 50' lang='lat' dir='ltr'>videbi-¹</span> 
     </span>
     <span class='ocr_line' id='line_1_8' title="bbox 114 722 1880 777; baseline 0.002 -14"><span class='ocrx_word' id='word_1_69' title='bbox 114 727 194 774; x_wconf 89' lang='lat' dir='ltr'>tur,</span> <span class='ocrx_word' id='word_1_70' title='bbox 241 737 366 777; x_wconf 89' lang='lat' dir='ltr'>quum</span> <span class='ocrx_word' id='word_1_71' title='bbox 411 722 470 764; x_wconf 88' lang='lat' dir='ltr'>ita</span> <span class='ocrx_word' id='word_1_72' title='bbox 512 722 766 765; x_wconf 76' lang='lat' dir='ltr'>laudabitur:</span> <span class='ocrx_word' id='word_1_73' title='bbox 818 724 1125 776; x_wconf 61' lang='lat' dir='ltr'>„Quomodo</span> <span class='ocrx_word' id='word_1_74' title='bbox 1158 741 1294 767; x_wconf 89' lang='lat' dir='ltr'>nunc</span> <span class='ocrx_word' id='word_1_75' title='bbox 1339 726 1465 767; x_wconf 82' lang='lat' dir='ltr'>est.&#39;&#39;</span> <span class='ocrx_word' id='word_1_76' title='bbox 1498 727 1594 768; x_wconf 86' lang='lat' dir='ltr'>Non</span> <span class='ocrx_word' id='word_1_77' title='bbox 1628 731 1688 767; x_wconf 87' lang='lat' dir='ltr'>est</span> <span class='ocrx_word' id='word_1_78' title='bbox 1720 726 1880 768; x_wconf 84' lang='lat' dir='ltr'>fidentis</span> 
     </span>
     <span class='ocr_line' id='line_1_9' title="bbox 114 796 1880 852; baseline 0.001 -15"><span class='ocrx_word' id='word_1_79' title='bbox 114 796 189 838; x_wconf 90' lang='lat' dir='ltr'>hoc</span> <span class='ocrx_word' id='word_1_80' title='bbox 221 796 515 848; x_wconf 86' lang='lat' dir='ltr'>testimonium,</span> <span class='ocrx_word' id='word_1_81' title='bbox 560 796 629 838; x_wconf 88' lang='lat' dir='ltr'>sed</span> <span class='ocrx_word' id='word_1_82' title='bbox 662 797 798 852; x_wconf 87' lang='lat' dir='ltr'>potius</span> <span class='ocrx_word' id='word_1_83' title='bbox 829 798 1027 840; x_wconf 87' lang='lat' dir='ltr'>timentis.</span> <span class='ocrx_word' id='word_1_84' title='bbox 1064 799 1217 841; x_wconf 88' lang='lat' dir='ltr'>Herodi</span> <span class='ocrx_word' id='word_1_85' title='bbox 1252 805 1386 841; x_wconf 88' lang='lat' dir='ltr'>autem</span> <span class='ocrx_word' id='word_1_86' title='bbox 1420 800 1666 850; x_wconf 86' lang='lat' dir='ltr'>mandaram,</span> <span class='ocrx_word' id='word_1_87' title='bbox 1701 804 1748 840; x_wconf 88' lang='lat' dir='ltr'>ut</span> <span class='ocrx_word' id='word_1_88' title='bbox 1781 798 1880 840; x_wconf 85' lang='lat' dir='ltr'>mihi</span> 
     </span>
     <span class='ocr_line' id='line_1_10' title="bbox 114 867 1881 928; baseline 0 -15"><span class='ocrx_word' id='word_1_89' title='bbox 114 867 248 914; x_wconf 67' lang='lat' dir='ltr'>nava*</span> <span class='ocrx_word' id='word_1_90' title='bbox 293 869 447 928; x_wconf 83' lang='grc' dir='ltr'><strong><em>μίτον</em></strong></span> <span class='ocrx_word' id='word_1_91' title='bbox 495 869 701 922; x_wconf 72' lang='lat' dir='ltr'>scriberet,</span> <span class='ocrx_word' id='word_1_92' title='bbox 746 885 769 912; x_wconf 90' lang='lat' dir='ltr'>a</span> <span class='ocrx_word' id='word_1_93' title='bbox 814 886 893 926; x_wconf 91' lang='lat' dir='ltr'>quo</span> <span class='ocrx_word' id='word_1_94' title='bbox 927 871 1060 913; x_wconf 84' lang='lat' dir='ltr'>adhuc</span> <span class='ocrx_word' id='word_1_95' title='bbox 1092 872 1205 914; x_wconf 89' lang='lat' dir='ltr'>nulla</span> <span class='ocrx_word' id='word_1_96' title='bbox 1238 872 1354 914; x_wconf 89' lang='lat' dir='ltr'>litera</span> <span class='ocrx_word' id='word_1_97' title='bbox 1387 879 1460 914; x_wconf 87' lang='lat' dir='ltr'>est.</span> <span class='ocrx_word' id='word_1_98' title='bbox 1512 873 1661 914; x_wconf 90' lang='lat' dir='ltr'>Vereor</span> <span class='ocrx_word' id='word_1_99' title='bbox 1696 887 1744 913; x_wconf 88' lang='lat' dir='ltr'>ne</span> <span class='ocrx_word' id='word_1_100' title='bbox 1778 872 1881 913; x_wconf 88' lang='lat' dir='ltr'>nihil</span> 
     </span>
    </p>
   </div>
   <div class='ocr_carea' id='block_1_2' title="bbox 43 943 1938 1002">
    <p class='ocr_par' dir='ltr' id='par_1_2' title="bbox 43 943 1938 1002">
     <span class='ocr_line' id='line_1_11' title="bbox 43 943 1938 1002; baseline 0.001 -16"><span class='ocrx_word' id='word_1_101' title='bbox 43 979 50 985; x_wconf 92' lang='lat'>.</span> <span class='ocrx_word' id='word_1_102' title='bbox 113 943 312 996; x_wconf 88' lang='lat' dir='ltr'>habuerit,</span> <span class='ocrx_word' id='word_1_103' title='bbox 346 943 453 1000; x_wconf 90' lang='lat' dir='ltr'>quod</span> <span class='ocrx_word' id='word_1_104' title='bbox 486 943 601 995; x_wconf 88' lang='lat' dir='ltr'>mihi,</span> <span class='ocrx_word' id='word_1_105' title='bbox 644 959 768 1000; x_wconf 88' lang='lat' dir='ltr'>quum</span> <span class='ocrx_word' id='word_1_106' title='bbox 814 959 1063 1001; x_wconf 86' lang='lat' dir='ltr'>cognossem,</span> <span class='ocrx_word' id='word_1_107' title='bbox 1097 946 1323 987; x_wconf 86' lang='lat' dir='ltr'>iucundum</span> <span class='ocrx_word' id='word_1_108' title='bbox 1357 951 1518 1002; x_wconf 83' lang='lat' dir='ltr'>putaret</span> <span class='ocrx_word' id='word_1_109' title='bbox 1551 946 1648 988; x_wconf 89' lang='lat' dir='ltr'>fore.</span> <span class='ocrx_word' id='word_1_110' title='bbox 1686 949 1726 987; x_wconf 74' lang='lat'>4.</span> <span class='ocrx_word' id='word_1_111' title='bbox 1761 946 1882 998; x_wconf 78' lang='lat' dir='ltr'>Quod</span> <span class='ocrx_word' id='word_1_112' title='bbox 1902 955 1938 982; x_wconf 87' lang='lat'>10</span> 
     </span>
    </p>
   </div>
   <div class='ocr_carea' id='block_1_3' title="bbox 112 1017 1938 1592">
    <p class='ocr_par' dir='ltr' id='par_1_3' title="bbox 112 1017 1938 1592">
     <span class='ocr_line' id='line_1_12' title="bbox 114 1017 1882 1076; baseline 0.001 -16"><span class='ocrx_word' id='word_1_113' title='bbox 114 1017 166 1060; x_wconf 88' lang='lat' dir='ltr'>ad</span> <span class='ocrx_word' id='word_1_114' title='bbox 198 1018 408 1061; x_wconf 88' lang='lat' dir='ltr'>Xenonem</span> <span class='ocrx_word' id='word_1_115' title='bbox 441 1019 652 1075; x_wconf 89' lang='lat' dir='ltr'>scripsisti,</span> <span class='ocrx_word' id='word_1_116' title='bbox 686 1018 801 1061; x_wconf 87' lang='lat' dir='ltr'>valde</span> <span class='ocrx_word' id='word_1_117' title='bbox 835 1020 935 1062; x_wconf 89' lang='lat' dir='ltr'>mihi</span> <span class='ocrx_word' id='word_1_118' title='bbox 967 1025 1127 1076; x_wconf 82' lang='lat' dir='ltr'>gratum</span> <span class='ocrx_word' id='word_1_119' title='bbox 1160 1026 1234 1062; x_wconf 89' lang='lat' dir='ltr'>est.</span> <span class='ocrx_word' id='word_1_120' title='bbox 1269 1020 1386 1062; x_wconf 90' lang='lat' dir='ltr'>Nihil</span> <span class='ocrx_word' id='word_1_121' title='bbox 1412 1021 1519 1062; x_wconf 90' lang='lat' dir='ltr'>euim</span> <span class='ocrx_word' id='word_1_122' title='bbox 1538 1021 1673 1062; x_wconf 84' lang='lat' dir='ltr'>deesse</span> <span class='ocrx_word' id='word_1_123' title='bbox 1697 1020 1882 1062; x_wconf 86' lang='lat' dir='ltr'>Ciceroni</span> 
     </span>
     <span class='ocr_line' id='line_1_13' title="bbox 115 1091 1883 1149; baseline 0.002 -16"><span class='ocrx_word' id='word_1_124' title='bbox 115 1106 240 1148; x_wconf 87' lang='lat' dir='ltr'>quum</span> <span class='ocrx_word' id='word_1_125' title='bbox 273 1091 324 1133; x_wconf 89' lang='lat' dir='ltr'>ad</span> <span class='ocrx_word' id='word_1_126' title='bbox 356 1091 547 1143; x_wconf 88' lang='lat' dir='ltr'>officium,</span> <span class='ocrx_word' id='word_1_127' title='bbox 580 1097 671 1134; x_wconf 93' lang='lat' dir='ltr'>tum</span> <span class='ocrx_word' id='word_1_128' title='bbox 706 1093 756 1134; x_wconf 89' lang='lat' dir='ltr'>ad</span> <span class='ocrx_word' id='word_1_129' title='bbox 791 1093 1128 1136; x_wconf 83' lang='lat' dir='ltr'>existimationem</span> <span class='ocrx_word' id='word_1_130' title='bbox 1164 1109 1291 1135; x_wconf 87' lang='lat' dir='ltr'>meam</span> <span class='ocrx_word' id='word_1_131' title='bbox 1327 1094 1514 1149; x_wconf 87' lang='lat' dir='ltr'>pertinet.</span> <span class='ocrx_word' id='word_1_132' title='bbox 1551 1095 1771 1136; x_wconf 80' lang='lat' dir='ltr'>Flammam</span> <span class='ocrx_word' id='word_1_133' title='bbox 1795 1095 1883 1136; x_wconf 83' lang='lat' dir='ltr'>Fla-</span> 
     </span>
     <span class='ocr_line' id='line_1_14' title="bbox 114 1165 1882 1224; baseline 0.002 -18"><span class='ocrx_word' id='word_1_134' title='bbox 114 1165 287 1207; x_wconf 90' lang='lat' dir='ltr'>minium</span> <span class='ocrx_word' id='word_1_135' title='bbox 318 1165 440 1208; x_wconf 90' lang='lat' dir='ltr'>audio</span> <span class='ocrx_word' id='word_1_136' title='bbox 475 1166 625 1208; x_wconf 87' lang='lat' dir='ltr'>Romae</span> <span class='ocrx_word' id='word_1_137' title='bbox 659 1183 758 1209; x_wconf 89' lang='lat' dir='ltr'>esse.</span> <span class='ocrx_word' id='word_1_138' title='bbox 794 1168 859 1209; x_wconf 78' lang='lat' dir='ltr'>Ad</span> <span class='ocrx_word' id='word_1_139' title='bbox 894 1183 986 1210; x_wconf 90' lang='lat' dir='ltr'>eum</span> <span class='ocrx_word' id='word_1_140' title='bbox 1020 1169 1162 1224; x_wconf 84' lang='lat' dir='ltr'>scripsi</span> <span class='ocrx_word' id='word_1_141' title='bbox 1195 1184 1257 1210; x_wconf 90' lang='lat' dir='ltr'>me</span> <span class='ocrx_word' id='word_1_142' title='bbox 1291 1168 1368 1210; x_wconf 89' lang='lat' dir='ltr'>tibi</span> <span class='ocrx_word' id='word_1_143' title='bbox 1403 1168 1611 1210; x_wconf 84' lang='lat' dir='ltr'>mandasse</span> <span class='ocrx_word' id='word_1_144' title='bbox 1645 1185 1715 1224; x_wconf 88' lang='lat' dir='ltr'>per</span> <span class='ocrx_word' id='word_1_145' title='bbox 1731 1169 1882 1220; x_wconf 88' lang='lat' dir='ltr'>literas,</span> 
     </span>
     <span class='ocr_line' id='line_1_15' title="bbox 114 1237 1883 1298; baseline 0.002 -18"><span class='ocrx_word' id='word_1_146' title='bbox 114 1242 162 1280; x_wconf 91' lang='lat' dir='ltr'>ut</span> <span class='ocrx_word' id='word_1_147' title='bbox 193 1237 243 1280; x_wconf 88' lang='lat' dir='ltr'>de</span> <span class='ocrx_word' id='word_1_148' title='bbox 277 1239 466 1281; x_wconf 86' lang='lat' dir='ltr'>Montani</span> <span class='ocrx_word' id='word_1_149' title='bbox 497 1240 662 1295; x_wconf 86' lang='lat' dir='ltr'>negotio</span> <span class='ocrx_word' id='word_1_150' title='bbox 697 1255 789 1282; x_wconf 89' lang='lat' dir='ltr'>cum</span> <span class='ocrx_word' id='word_1_151' title='bbox 823 1256 869 1282; x_wconf 93' lang='lat' dir='ltr'>eo</span> <span class='ocrx_word' id='word_1_152' title='bbox 901 1241 1123 1295; x_wconf 79' lang='lat' dir='ltr'>loquerere.</span> <span class='ocrx_word' id='word_1_153' title='bbox 1158 1245 1198 1282; x_wconf 91' lang='lat' dir='ltr'>et</span> <span class='ocrx_word' id='word_1_154' title='bbox 1230 1241 1349 1283; x_wconf 84' lang='lat' dir='ltr'>velim</span> <span class='ocrx_word' id='word_1_155' title='bbox 1383 1256 1496 1283; x_wconf 89' lang='lat' dir='ltr'>cures</span> <span class='ocrx_word' id='word_1_156' title='bbox 1516 1241 1739 1297; x_wconf 82' lang='lat' dir='ltr'>epistolam,</span> <span class='ocrx_word' id='word_1_157' title='bbox 1763 1257 1883 1298; x_wconf 87' lang='lat' dir='ltr'>quam</span> 
     </span>
     <span class='ocr_line' id='line_1_16' title="bbox 113 1312 1938 1370; baseline 0.001 -15"><span class='ocrx_word' id='word_1_158' title='bbox 113 1312 164 1355; x_wconf 86' lang='lat' dir='ltr'>ad</span> <span class='ocrx_word' id='word_1_159' title='bbox 207 1327 299 1355; x_wconf 89' lang='lat' dir='ltr'>eum</span> <span class='ocrx_word' id='word_1_160' title='bbox 341 1313 447 1366; x_wconf 89' lang='lat' dir='ltr'>misi,</span> <span class='ocrx_word' id='word_1_161' title='bbox 492 1313 753 1366; x_wconf 84' lang='lat' dir='ltr'>reddendam,</span> <span class='ocrx_word' id='word_1_162' title='bbox 788 1319 828 1356; x_wconf 92' lang='lat' dir='ltr'>et</span> <span class='ocrx_word' id='word_1_163' title='bbox 861 1314 961 1370; x_wconf 89' lang='lat' dir='ltr'>ipse,</span> <span class='ocrx_word' id='word_1_164' title='bbox 995 1314 1102 1370; x_wconf 91' lang='lat' dir='ltr'>quod</span> <span class='ocrx_word' id='word_1_165' title='bbox 1137 1314 1346 1356; x_wconf 88' lang='lat' dir='ltr'>commodo</span> <span class='ocrx_word' id='word_1_166' title='bbox 1379 1318 1450 1356; x_wconf 88' lang='lat' dir='ltr'>tuo</span> <span class='ocrx_word' id='word_1_167' title='bbox 1483 1316 1566 1364; x_wconf 87' lang='lat' dir='ltr'>fiat,</span> <span class='ocrx_word' id='word_1_168' title='bbox 1602 1330 1693 1356; x_wconf 89' lang='lat' dir='ltr'>cum</span> <span class='ocrx_word' id='word_1_169' title='bbox 1726 1330 1771 1356; x_wconf 91' lang='lat' dir='ltr'>eo</span> <span class='ocrx_word' id='word_1_170' title='bbox 1805 1315 1938 1356; x_wconf 79' lang='lat' dir='ltr'>col-1⁵</span> 
     </span>
     <span class='ocr_line' id='line_1_17' title="bbox 112 1386 1883 1444; baseline 0.001 -16"><span class='ocrx_word' id='word_1_171' title='bbox 112 1386 290 1443; x_wconf 90' lang='lat' dir='ltr'>loquare.</span> <span class='ocrx_word' id='word_1_172' title='bbox 342 1387 463 1439; x_wconf 88' lang='lat' dir='ltr'>Puto,</span> <span class='ocrx_word' id='word_1_173' title='bbox 509 1388 543 1430; x_wconf 91' lang='lat' dir='ltr'>si</span> <span class='ocrx_word' id='word_1_174' title='bbox 582 1387 682 1444; x_wconf 88' lang='lat' dir='ltr'>quid</span> <span class='ocrx_word' id='word_1_175' title='bbox 725 1389 766 1430; x_wconf 90' lang='lat' dir='ltr'>in</span> <span class='ocrx_word' id='word_1_176' title='bbox 801 1387 964 1430; x_wconf 89' lang='lat' dir='ltr'>homine</span> <span class='ocrx_word' id='word_1_177' title='bbox 998 1387 1162 1444; x_wconf 89' lang='lat' dir='ltr'>pudoris</span> <span class='ocrx_word' id='word_1_178' title='bbox 1196 1392 1269 1439; x_wconf 87' lang='lat' dir='ltr'>est,</span> <span class='ocrx_word' id='word_1_179' title='bbox 1304 1392 1598 1444; x_wconf 86' lang='lat' dir='ltr'>praestaturum</span> <span class='ocrx_word' id='word_1_180' title='bbox 1633 1403 1740 1439; x_wconf 89' lang='lat' dir='ltr'>eum,</span> <span class='ocrx_word' id='word_1_181' title='bbox 1775 1388 1800 1431; x_wconf 88' lang='lat'>†</span> <span class='ocrx_word' id='word_1_182' title='bbox 1833 1403 1883 1429; x_wconf 86' lang='lat' dir='ltr'>ne</span> 
     </span>
     <span class='ocr_line' id='line_1_18' title="bbox 115 1460 1883 1518; baseline 0 -16"><span class='ocrx_word' id='word_1_183' title='bbox 115 1475 232 1517; x_wconf 83' lang='lat' dir='ltr'>spero</span> <span class='ocrx_word' id='word_1_184' title='bbox 264 1461 439 1518; x_wconf 90' lang='lat' dir='ltr'>quodam</span> <span class='ocrx_word' id='word_1_185' title='bbox 473 1460 592 1502; x_wconf 90' lang='lat' dir='ltr'>modo</span> <span class='ocrx_word' id='word_1_186' title='bbox 626 1460 891 1517; x_wconf 86' lang='lat' dir='ltr'>dependatur.</span> <span class='ocrx_word' id='word_1_187' title='bbox 934 1461 994 1503; x_wconf 93' lang='lat' dir='ltr'>De</span> <span class='ocrx_word' id='word_1_188' title='bbox 1028 1461 1166 1503; x_wconf 85' lang='lat' dir='ltr'>Attica</span> <span class='ocrx_word' id='word_1_189' title='bbox 1199 1465 1427 1517; x_wconf 84' lang='lat' dir='ltr'>pergratum</span> <span class='ocrx_word' id='word_1_190' title='bbox 1463 1461 1563 1503; x_wconf 87' lang='lat' dir='ltr'>mihi</span> <span class='ocrx_word' id='word_1_191' title='bbox 1597 1461 1741 1512; x_wconf 86' lang='lat' dir='ltr'>fecisti,</span> <span class='ocrx_word' id='word_1_192' title='bbox 1776 1461 1883 1516; x_wconf 91' lang='lat' dir='ltr'>quod</span> 
     </span>
     <span class='ocr_line' id='line_1_19' title="bbox 117 1535 1481 1592; baseline -0.001 -15"><span class='ocrx_word' id='word_1_193' title='bbox 117 1535 268 1577; x_wconf 89' lang='lat' dir='ltr'>curasti</span> <span class='ocrx_word' id='word_1_194' title='bbox 300 1539 348 1578; x_wconf 85' lang='lat' dir='ltr'>ut</span> <span class='ocrx_word' id='word_1_195' title='bbox 380 1539 473 1578; x_wconf 88' lang='lat' dir='ltr'>ante</span> <span class='ocrx_word' id='word_1_196' title='bbox 507 1535 650 1578; x_wconf 88' lang='lat' dir='ltr'>scirem</span> <span class='ocrx_word' id='word_1_197' title='bbox 681 1540 788 1579; x_wconf 90' lang='lat' dir='ltr'>recte</span> <span class='ocrx_word' id='word_1_198' title='bbox 821 1550 906 1578; x_wconf 86' lang='lat' dir='ltr'>esse</span> <span class='ocrx_word' id='word_1_199' title='bbox 940 1551 1061 1592; x_wconf 84' lang='lat' dir='ltr'>quam</span> <span class='ocrx_word' id='word_1_200' title='bbox 1094 1536 1190 1579; x_wconf 61' lang='lat' dir='ltr'>non‘</span> <span class='ocrx_word' id='word_1_201' title='bbox 1207 1535 1310 1577; x_wconf 87' lang='lat' dir='ltr'>belle</span> <span class='ocrx_word' id='word_1_202' title='bbox 1345 1535 1481 1577; x_wconf 87' lang='lat' dir='ltr'>fuisse.</span> 
     </span>
    </p>
   </div>
   <div class='ocr_carea' id='block_1_4' title="bbox 159 1699 582 1739">
    <p class='ocr_par' dir='ltr' id='par_1_4' title="bbox 159 1699 582 1739">
     <span class='ocr_line' id='line_1_20' title="bbox 159 1699 582 1739; baseline 0.002 -5"><span class='ocrx_word' id='word_1_203' title='bbox 159 1702 177 1734; x_wconf 83' lang='lat' dir='ltr'>l</span> <span class='ocrx_word' id='word_1_204' title='bbox 199 1699 319 1733; x_wconf 80' lang='lat' dir='ltr'>audeat</span> <span class='ocrx_word' id='word_1_205' title='bbox 342 1702 360 1739; x_wconf 83' lang='lat'><em>†</em></span> <span class='ocrx_word' id='word_1_206' title='bbox 381 1701 519 1734; x_wconf 82' lang='lat' dir='ltr'>laudare</span> <span class='ocrx_word' id='word_1_207' title='bbox 540 1720 582 1727; x_wconf 89' lang='lat'>-—</span> 
     </span>
    </p>
   </div>
   <div class='ocr_carea' id='block_1_5' title="bbox 114 1849 983 2155">
    <p class='ocr_par' dir='ltr' id='par_1_5' title="bbox 114 1849 884 1895">
     <span class='ocr_line' id='line_1_21' title="bbox 114 1849 884 1895; baseline -0.008 -9"><span class='ocrx_word' id='word_1_208' title='bbox 114 1853 276 1895; x_wconf 86' lang='lat' dir='ltr'>triumphi</span> <span class='ocrx_word' id='word_1_209' title='bbox 296 1852 525 1884; x_wconf 79' lang='lat' dir='ltr'>mittebantur.</span> <span class='ocrx_word' id='word_1_210' title='bbox 547 1849 634 1883; x_wconf 89' lang='lat' dir='ltr'>Gell.</span> <span class='ocrx_word' id='word_1_211' title='bbox 658 1850 701 1881; x_wconf 88' lang='lat' dir='ltr'>N.</span> <span class='ocrx_word' id='word_1_212' title='bbox 724 1850 768 1881; x_wconf 91' lang='lat' dir='ltr'>A.</span> <span class='ocrx_word' id='word_1_213' title='bbox 789 1850 832 1881; x_wconf 92' lang='lat' dir='ltr'>V.</span> <span class='ocrx_word' id='word_1_214' title='bbox 855 1850 884 1881; x_wconf 88' lang='lat'>6.</span> 
     </span>
    </p>

    <p class='ocr_par' dir='ltr' id='par_1_6' title="bbox 115 1903 983 2155">
     <span class='ocr_line' id='line_1_22' title="bbox 157 1903 983 1947; baseline -0.005 -8"><span class='ocrx_word' id='word_1_215' title='bbox 157 1906 310 1939; x_wconf 82' lang='lat' dir='ltr'>Laedere.</span> <span class='ocrx_word' id='word_1_216' title='bbox 334 1905 467 1938; x_wconf 87' lang='lat' dir='ltr'>Certam</span> <span class='ocrx_word' id='word_1_217' title='bbox 477 1905 586 1947; x_wconf 87' lang='lat' dir='ltr'>recepi</span> <span class='ocrx_word' id='word_1_218' title='bbox 604 1903 724 1937; x_wconf 84' lang='lat' dir='ltr'>Orellii</span> <span class='ocrx_word' id='word_1_219' title='bbox 735 1905 983 1936; x_wconf 80' lang='lat' dir='ltr'>correctionem·</span> 
     </span>
     <span class='ocr_line' id='line_1_23' title="bbox 115 1961 983 2004; baseline -0.002 -9"><span class='ocrx_word' id='word_1_220' title='bbox 115 1964 156 1995; x_wconf 91' lang='lat' dir='ltr'>In</span> <span class='ocrx_word' id='word_1_221' title='bbox 182 1963 274 1996; x_wconf 90' lang='lat' dir='ltr'>Med.</span> <span class='ocrx_word' id='word_1_222' title='bbox 297 1963 404 2004; x_wconf 83' lang='lat' dir='ltr'>prima</span> <span class='ocrx_word' id='word_1_223' title='bbox 425 1972 544 1994; x_wconf 84' lang='lat' dir='ltr'>manus</span> <span class='ocrx_word' id='word_1_224' title='bbox 568 1961 698 2002; x_wconf 83' lang='lat' dir='ltr'>scripsit</span> <span class='ocrx_word' id='word_1_225' title='bbox 719 1961 866 1999; x_wconf 82' lang='lat' dir='ltr'>laudare,</span> <span class='ocrx_word' id='word_1_226' title='bbox 894 1962 983 2003; x_wconf 90' lang='lat' dir='ltr'>quod</span> 
     </span>
     <span class='ocr_line' id='line_1_24' title="bbox 116 2014 981 2059; baseline -0.003 -11"><span class='ocrx_word' id='word_1_227' title='bbox 116 2026 289 2059; x_wconf 84' lang='lat' dir='ltr'>perperam</span> <span class='ocrx_word' id='word_1_228' title='bbox 310 2015 460 2048; x_wconf 85' lang='lat' dir='ltr'>defendit</span> <span class='ocrx_word' id='word_1_229' title='bbox 482 2015 602 2047; x_wconf 90' lang='lat' dir='ltr'>Bosius</span> <span class='ocrx_word' id='word_1_230' title='bbox 625 2015 667 2046; x_wconf 90' lang='lat' dir='ltr'>de</span> <span class='ocrx_word' id='word_1_231' title='bbox 694 2014 834 2046; x_wconf 82' lang='lat' dir='ltr'>Caesare</span> <span class='ocrx_word' id='word_1_232' title='bbox 857 2015 981 2045; x_wconf 85' lang='lat' dir='ltr'>dietum</span> 
     </span>
     <span class='ocr_line' id='line_1_25' title="bbox 116 2067 980 2112; baseline -0.005 -10"><span class='ocrx_word' id='word_1_233' title='bbox 116 2069 292 2112; x_wconf 84' lang='lat' dir='ltr'>accipiens.</span> <span class='ocrx_word' id='word_1_234' title='bbox 316 2069 356 2101; x_wconf 91' lang='lat' dir='ltr'>In</span> <span class='ocrx_word' id='word_1_235' title='bbox 379 2069 469 2100; x_wconf 88' lang='lat' dir='ltr'>Med.</span> <span class='ocrx_word' id='word_1_236' title='bbox 499 2072 531 2100; x_wconf 81' lang='lat' dir='ltr'>et</span> <span class='ocrx_word' id='word_1_237' title='bbox 552 2067 648 2108; x_wconf 88' lang='lat' dir='ltr'>Hisp.</span> <span class='ocrx_word' id='word_1_238' title='bbox 680 2067 768 2098; x_wconf 88' lang='lat' dir='ltr'>male</span> <span class='ocrx_word' id='word_1_239' title='bbox 796 2073 980 2099; x_wconf 83' lang='lat' dir='ltr'>correctum</span> 
     </span>
     <span class='ocr_line' id='line_1_26' title="bbox 115 2122 320 2155; baseline -0.01 0"><span class='ocrx_word' id='word_1_240' title='bbox 115 2128 167 2155; x_wconf 86' lang='lat' dir='ltr'>est</span> <span class='ocrx_word' id='word_1_241' title='bbox 187 2122 320 2154; x_wconf 82' lang='lat' dir='ltr'>violare.</span> 
     </span>
    </p>
   </div>
   <div class='ocr_carea' id='block_1_6' title="bbox 115 2229 977 2490">
    <p class='ocr_par' dir='ltr' id='par_1_7' title="bbox 115 2229 976 2322">
     <span class='ocr_line' id='line_1_27' title="bbox 115 2229 976 2272; baseline -0.003 -9"><span class='ocrx_word' id='word_1_242' title='bbox 115 2235 194 2263; x_wconf 89' lang='lat' dir='ltr'>erat.</span> <span class='ocrx_word' id='word_1_243' title='bbox 217 2230 266 2263; x_wconf 83' lang='lat' dir='ltr'>Cf.</span> <span class='ocrx_word' id='word_1_244' title='bbox 290 2240 340 2272; x_wconf 86' lang='lat' dir='ltr'>ep.</span> <span class='ocrx_word' id='word_1_245' title='bbox 364 2230 414 2268; x_wconf 84' lang='lat'>18,</span> <span class='ocrx_word' id='word_1_246' title='bbox 436 2232 457 2261; x_wconf 80' lang='lat'><em>4</em></span> <span class='ocrx_word' id='word_1_247' title='bbox 477 2230 510 2261; x_wconf 94' lang='lat' dir='ltr'>h.</span> <span class='ocrx_word' id='word_1_248' title='bbox 535 2229 557 2261; x_wconf 90' lang='lat'>1.</span> <span class='ocrx_word' id='word_1_249' title='bbox 587 2235 620 2261; x_wconf 89' lang='lat' dir='ltr'>et</span> <span class='ocrx_word' id='word_1_250' title='bbox 648 2229 729 2260; x_wconf 90' lang='lat' dir='ltr'>XV.</span> <span class='ocrx_word' id='word_1_251' title='bbox 753 2229 792 2260; x_wconf 88' lang='grc'>16</span> <span class='ocrx_word' id='word_1_252' title='bbox 814 2230 859 2260; x_wconf 90' lang='lat' dir='ltr'>A.</span> <span class='ocrx_word' id='word_1_253' title='bbox 882 2229 976 2260; x_wconf 85' lang='lat' dir='ltr'>Fam.</span> 
     </span>
     <span class='ocr_line' id='line_1_28' title="bbox 115 2284 341 2322; baseline -0.009 -6"><span class='ocrx_word' id='word_1_254' title='bbox 115 2284 214 2316; x_wconf 78' lang='lat' dir='ltr'>XVI.</span> <span class='ocrx_word' id='word_1_255' title='bbox 236 2284 288 2322; x_wconf 83' lang='lat'>21,</span> <span class='ocrx_word' id='word_1_256' title='bbox 311 2286 341 2315; x_wconf 90' lang='grc'>5.</span> 
     </span>
    </p>

    <p class='ocr_par' dir='ltr' id='par_1_8' title="bbox 115 2332 977 2427">
     <span class='ocr_line' id='line_1_29' title="bbox 160 2332 977 2383; baseline -0.001 -14"><span class='ocrx_word' id='word_1_257' title='bbox 160 2332 259 2370; x_wconf 76' lang='grc' dir='ltr'>Κατὰ</span> <span class='ocrx_word' id='word_1_258' title='bbox 286 2335 402 2383; x_wconf 83' lang='grc' dir='ltr'><strong>μίτον.</strong></span> <span class='ocrx_word' id='word_1_259' title='bbox 431 2335 646 2376; x_wconf 83' lang='lat' dir='ltr'>Singillatim,</span> <span class='ocrx_word' id='word_1_260' title='bbox 670 2336 763 2378; x_wconf 88' lang='lat' dir='ltr'>quasi</span> <span class='ocrx_word' id='word_1_261' title='bbox 789 2335 845 2367; x_wconf 82' lang='lat' dir='ltr'>fila</span> <span class='ocrx_word' id='word_1_262' title='bbox 863 2345 977 2368; x_wconf 85' lang='lat' dir='ltr'>nume·</span> 
     </span>
     <span class='ocr_line' id='line_1_30' title="bbox 115 2394 470 2427; baseline -0.003 0"><span class='ocrx_word' id='word_1_263' title='bbox 115 2399 201 2427; x_wconf 84' lang='lat' dir='ltr'>raret</span> <span class='ocrx_word' id='word_1_264' title='bbox 222 2395 316 2426; x_wconf 89' lang='lat' dir='ltr'>nullo</span> <span class='ocrx_word' id='word_1_265' title='bbox 337 2394 470 2426; x_wconf 82' lang='lat' dir='ltr'>omisso.</span> 
     </span>
    </p>

    <p class='ocr_par' dir='ltr' id='par_1_9' title="bbox 157 2447 975 2490">
     <span class='ocr_line' id='line_1_31' title="bbox 157 2447 975 2490; baseline -0.002 -9"><span class='ocrx_word' id='word_1_266' title='bbox 157 2452 175 2490; x_wconf 60' lang='grc' dir='ltr'>ς’</span> <span class='ocrx_word' id='word_1_267' title='bbox 197 2450 227 2481; x_wconf 83' lang='grc'>4.</span> <span class='ocrx_word' id='word_1_268' title='bbox 248 2451 265 2487; x_wconf 85' lang='lat'>†</span> <span class='ocrx_word' id='word_1_269' title='bbox 288 2448 336 2480; x_wconf 88' lang='lat' dir='ltr'>Ne</span> <span class='ocrx_word' id='word_1_270' title='bbox 366 2459 455 2489; x_wconf 67' lang='lat' dir='ltr'>spero</span> <span class='ocrx_word' id='word_1_271' title='bbox 483 2447 615 2490; x_wconf 83' lang='lat' dir='ltr'>quodam</span> <span class='ocrx_word' id='word_1_272' title='bbox 645 2447 732 2479; x_wconf 85' lang='lat' dir='ltr'>modo</span> <span class='ocrx_word' id='word_1_273' title='bbox 764 2447 975 2489; x_wconf 74' lang='lat' dir='ltr'>dependatur.</span> 
     </span>
    </p>
   </div>
   <div class='ocr_carea' id='block_1_7' title="bbox 1001 1890 1011 2455">
    <p class='ocr_par' dir='ltr' id='par_1_10' title="bbox 1001 1890 1011 2455">
     <span class='ocr_line' id='line_1_32' title="bbox 1001 1890 1011 2455; baseline 0 0"><span class='ocrx_word' id='word_1_274' title='bbox 1001 1890 1011 2455; x_wconf 95' lang='lat' dir='ltr'> </span> 
     </span>
    </p>
   </div>
   <div class='ocr_carea' id='block_1_8' title="bbox 1026 1848 1890 2109">
    <p class='ocr_par' dir='ltr' id='par_1_11' title="bbox 1026 1848 1890 2109">
     <span class='ocr_line' id='line_1_33' title="bbox 1030 1848 1890 1891; baseline -0.002 -10"><span class='ocrx_word' id='word_1_275' title='bbox 1030 1849 1174 1882; x_wconf 81' lang='lat' dir='ltr'>Videtur</span> <span class='ocrx_word' id='word_1_276' title='bbox 1195 1850 1248 1891; x_wconf 74' lang='lat' dir='ltr'>agi</span> <span class='ocrx_word' id='word_1_277' title='bbox 1270 1851 1312 1881; x_wconf 88' lang='lat' dir='ltr'>de</span> <span class='ocrx_word' id='word_1_278' title='bbox 1334 1850 1448 1881; x_wconf 76' lang='lat' dir='ltr'>eadem</span> <span class='ocrx_word' id='word_1_279' title='bbox 1470 1858 1516 1885; x_wconf 90' lang='lat' dir='ltr'>re,</span> <span class='ocrx_word' id='word_1_280' title='bbox 1545 1849 1585 1880; x_wconf 87' lang='lat' dir='ltr'>de</span> <span class='ocrx_word' id='word_1_281' title='bbox 1608 1857 1673 1889; x_wconf 85' lang='lat' dir='ltr'>qua</span> <span class='ocrx_word' id='word_1_282' title='bbox 1695 1857 1803 1880; x_wconf 90' lang='lat' dir='ltr'>sermo</span> <span class='ocrx_word' id='word_1_283' title='bbox 1826 1848 1890 1880; x_wconf 80' lang='lat' dir='ltr'>fuit</span> 
     </span>
     <span class='ocr_line' id='line_1_34' title="bbox 1028 1904 1889 1948; baseline -0.002 -10"><span class='ocrx_word' id='word_1_284' title='bbox 1028 1907 1063 1938; x_wconf 90' lang='lat' dir='ltr'>in</span> <span class='ocrx_word' id='word_1_285' title='bbox 1093 1917 1142 1948; x_wconf 89' lang='lat' dir='ltr'>ep.</span> <span class='ocrx_word' id='word_1_286' title='bbox 1172 1907 1221 1944; x_wconf 88' lang='grc'>52,</span> <span class='ocrx_word' id='word_1_287' title='bbox 1255 1907 1313 1937; x_wconf 92' lang='lat' dir='ltr'>lib.</span> <span class='ocrx_word' id='word_1_288' title='bbox 1343 1905 1426 1937; x_wconf 87' lang='lat' dir='ltr'>XII.</span> <span class='ocrx_word' id='word_1_289' title='bbox 1459 1905 1499 1936; x_wconf 91' lang='lat' dir='ltr'>L.</span> <span class='ocrx_word' id='word_1_290' title='bbox 1533 1904 1666 1936; x_wconf 88' lang='lat' dir='ltr'>Tullius</span> <span class='ocrx_word' id='word_1_291' title='bbox 1697 1904 1889 1942; x_wconf 82' lang='lat' dir='ltr'>Montanus,</span> 
     </span>
     <span class='ocr_line' id='line_1_35' title="bbox 1027 1959 1890 2003; baseline -0.005 -10"><span class='ocrx_word' id='word_1_292' title='bbox 1027 1971 1127 2003; x_wconf 89' lang='lat' dir='ltr'>quem</span> <span class='ocrx_word' id='word_1_293' title='bbox 1150 1961 1321 1993; x_wconf 86' lang='lat' dir='ltr'>Ciceronis</span> <span class='ocrx_word' id='word_1_294' title='bbox 1344 1961 1500 1992; x_wconf 87' lang='lat' dir='ltr'>clientem</span> <span class='ocrx_word' id='word_1_295' title='bbox 1529 1959 1630 1990; x_wconf 88' lang='lat' dir='ltr'>fuisse</span> <span class='ocrx_word' id='word_1_296' title='bbox 1658 1959 1765 1996; x_wconf 85' lang='lat' dir='ltr'>credo,</span> <span class='ocrx_word' id='word_1_297' title='bbox 1795 1968 1890 2000; x_wconf 85' lang='lat' dir='ltr'>praes</span> 
     </span>
     <span class='ocr_line' id='line_1_36' title="bbox 1027 2012 1890 2058; baseline -0.005 -10"><span class='ocrx_word' id='word_1_298' title='bbox 1027 2022 1097 2048; x_wconf 83' lang='lat' dir='ltr'>erat</span> <span class='ocrx_word' id='word_1_299' title='bbox 1120 2027 1177 2058; x_wconf 87' lang='lat' dir='ltr'>pro</span> <span class='ocrx_word' id='word_1_300' title='bbox 1201 2016 1240 2047; x_wconf 91' lang='lat' dir='ltr'>T.</span> <span class='ocrx_word' id='word_1_301' title='bbox 1264 2015 1433 2047; x_wconf 84' lang='lat' dir='ltr'>Flaminio</span> <span class='ocrx_word' id='word_1_302' title='bbox 1455 2014 1618 2045; x_wconf 81' lang='lat' dir='ltr'>Flamma.</span> <span class='ocrx_word' id='word_1_303' title='bbox 1652 2012 1688 2045; x_wconf 89' lang='lat' dir='ltr'>Si</span> <span class='ocrx_word' id='word_1_304' title='bbox 1711 2013 1765 2044; x_wconf 91' lang='lat' dir='ltr'>hic</span> <span class='ocrx_word' id='word_1_305' title='bbox 1787 2013 1890 2054; x_wconf 81' lang='lat' dir='ltr'>igitur</span> 
     </span>
     <span class='ocr_line' id='line_1_37' title="bbox 1026 2066 1890 2109; baseline -0.003 -9"><span class='ocrx_word' id='word_1_306' title='bbox 1026 2079 1093 2100; x_wconf 92' lang='lat' dir='ltr'>non</span> <span class='ocrx_word' id='word_1_307' title='bbox 1117 2070 1267 2105; x_wconf 83' lang='lat' dir='ltr'>solveret,</span> <span class='ocrx_word' id='word_1_308' title='bbox 1292 2068 1380 2109; x_wconf 87' lang='lat' dir='ltr'>quod</span> <span class='ocrx_word' id='word_1_309' title='bbox 1402 2067 1544 2099; x_wconf 84' lang='lat' dir='ltr'>debebat</span> <span class='ocrx_word' id='word_1_310' title='bbox 1567 2066 1702 2104; x_wconf 81' lang='lat' dir='ltr'>Planco,</span> <span class='ocrx_word' id='word_1_311' title='bbox 1733 2066 1791 2098; x_wconf 90' lang='lat' dir='ltr'>ille</span> <span class='ocrx_word' id='word_1_312' title='bbox 1814 2076 1890 2097; x_wconf 90' lang='lat' dir='ltr'>con·</span> 
     </span>
    </p>
   </div>
   <div class='ocr_carea' id='block_1_9' title="bbox 156 2120 1887 2218">
    <p class='ocr_par' dir='ltr' id='par_1_12' title="bbox 156 2120 1887 2218">
     <span class='ocr_line' id='line_1_38' title="bbox 1003 2120 1887 2160; baseline -0.005 -6"><span class='ocrx_word' id='word_1_313' title='bbox 1003 2123 1204 2158; x_wconf 66' lang='lat' dir='ltr'>,veniretun</span> <span class='ocrx_word' id='word_1_314' title='bbox 1239 2121 1304 2153; x_wconf 88' lang='lat' dir='ltr'>Sed</span> <span class='ocrx_word' id='word_1_315' title='bbox 1334 2121 1435 2153; x_wconf 83' lang='lat' dir='ltr'>verba</span> <span class='ocrx_word' id='word_1_316' title='bbox 1465 2120 1585 2152; x_wconf 80' lang='lat' dir='ltr'>misere</span> <span class='ocrx_word' id='word_1_317' title='bbox 1618 2125 1773 2160; x_wconf 83' lang='lat' dir='ltr'>corrupta</span> <span class='ocrx_word' id='word_1_318' title='bbox 1800 2124 1887 2151; x_wconf 86' lang='lat' dir='ltr'>sunt.</span> 
     </span>
     <span class='ocr_line' id='line_1_39' title="bbox 156 2166 1004 2218; baseline -0.004 -9"><span class='ocrx_word' id='word_1_319' title='bbox 156 2177 175 2218; x_wconf 65' lang='grc' dir='ltr'>ξ</span> <span class='ocrx_word' id='word_1_320' title='bbox 198 2178 227 2209; x_wconf 86' lang='lat'>3.</span> <span class='ocrx_word' id='word_1_321' title='bbox 249 2175 420 2208; x_wconf 80' lang='lat' dir='ltr'>Leonidae.</span> <span class='ocrx_word' id='word_1_322' title='bbox 456 2175 623 2207; x_wconf 86' lang='lat' dir='ltr'>Leonides</span> <span class='ocrx_word' id='word_1_323' title='bbox 651 2175 700 2206; x_wconf 92' lang='lat' dir='ltr'>M.</span> <span class='ocrx_word' id='word_1_324' title='bbox 728 2175 791 2206; x_wconf 91' lang='lat' dir='ltr'>filii</span> <span class='ocrx_word' id='word_1_325' title='bbox 819 2175 979 2215; x_wconf 83' lang='lat' dir='ltr'>magister</span> <span class='ocrx_word' id='word_1_326' title='bbox 1002 2166 1004 2175; x_wconf 82' lang='grc'><strong>’</strong></span> 
     </span>
    </p>
   </div>
   <div class='ocr_carea' id='block_1_10' title="bbox 1023 2173 1890 2272">
    <p class='ocr_par' dir='ltr' id='par_1_13' title="bbox 1023 2173 1890 2272">
     <span class='ocr_line' id='line_1_40' title="bbox 1024 2173 1890 2214; baseline -0.005 -6"><span class='ocrx_word' id='word_1_327' title='bbox 1024 2175 1172 2208; x_wconf 88' lang='lat' dir='ltr'>Orellius</span> <span class='ocrx_word' id='word_1_328' title='bbox 1194 2176 1352 2207; x_wconf 85' lang='lat' dir='ltr'>coniecit:</span> <span class='ocrx_word' id='word_1_329' title='bbox 1387 2185 1426 2206; x_wconf 89' lang='lat' dir='ltr'>ne</span> <span class='ocrx_word' id='word_1_330' title='bbox 1446 2184 1516 2206; x_wconf 73' lang='lat' dir='ltr'>sero</span> <span class='ocrx_word' id='word_1_331' title='bbox 1539 2184 1605 2205; x_wconf 83' lang='lat' dir='ltr'>cum</span> <span class='ocrx_word' id='word_1_332' title='bbox 1635 2173 1749 2204; x_wconf 78' lang='lat' dir='ltr'>damno</span> <span class='ocrx_word' id='word_1_333' title='bbox 1779 2173 1890 2214; x_wconf 57' lang='lat' dir='ltr'>(Mon-</span> 
     </span>
     <span class='ocr_line' id='line_1_41' title="bbox 1023 2228 1889 2272; baseline -0.005 -10"><span class='ocrx_word' id='word_1_334' title='bbox 1023 2231 1107 2270; x_wconf 83' lang='lat' dir='ltr'>tani)</span> <span class='ocrx_word' id='word_1_335' title='bbox 1132 2229 1338 2272; x_wconf 76' lang='lat' dir='ltr'>dependatur.</span> <span class='ocrx_word' id='word_1_336' title='bbox 1368 2229 1455 2260; x_wconf 85' lang='lat' dir='ltr'>Mihi</span> <span class='ocrx_word' id='word_1_337' title='bbox 1479 2229 1512 2259; x_wconf 86' lang='lat' dir='ltr'>iu</span> <span class='ocrx_word' id='word_1_338' title='bbox 1536 2232 1682 2260; x_wconf 85' lang='lat' dir='ltr'>mentem</span> <span class='ocrx_word' id='word_1_339' title='bbox 1704 2228 1811 2259; x_wconf 83' lang='lat' dir='ltr'>venit:</span> <span class='ocrx_word' id='word_1_340' title='bbox 1832 2237 1889 2259; x_wconf 77' lang='lat' dir='ltr'>nec</span> 
     </span>
    </p>
   </div>
   <div class='ocr_carea' id='block_1_11' title="bbox 1002 2275 1888 2377">
    <p class='ocr_par' dir='ltr' id='par_1_14' title="bbox 1002 2275 1888 2377">
     <span class='ocr_line' id='line_1_42' title="bbox 1002 2275 1888 2329; baseline -0.002 -15"><span class='ocrx_word' id='word_1_341' title='bbox 1002 2275 1138 2329; x_wconf 50' lang='lat' dir='ltr'>{quaero</span> <span class='ocrx_word' id='word_1_342' title='bbox 1172 2293 1230 2324; x_wconf 84' lang='lat' dir='ltr'>quo</span> <span class='ocrx_word' id='word_1_343' title='bbox 1264 2282 1361 2320; x_wconf 86' lang='lat' dir='ltr'>modo,</span> <span class='ocrx_word' id='word_1_344' title='bbox 1393 2281 1555 2313; x_wconf 81' lang='lat' dir='ltr'>dummodo</span> <span class='ocrx_word' id='word_1_345' title='bbox 1588 2279 1795 2322; x_wconf 76' lang='lat' dir='ltr'>dependatur.</span> <span class='ocrx_word' id='word_1_346' title='bbox 1839 2280 1888 2312; x_wconf 88' lang='lat' dir='ltr'>De</span> 
     </span>
     <span class='ocr_line' id='line_1_43' title="bbox 1002 2333 1888 2377; baseline -0.005 -9"><span class='ocrx_word' id='word_1_347' title='bbox 1002 2337 1140 2368; x_wconf 66' lang='lat' dir='ltr'>{eodem</span> <span class='ocrx_word' id='word_1_348' title='bbox 1164 2336 1299 2377; x_wconf 81' lang='lat' dir='ltr'>negotio</span> <span class='ocrx_word' id='word_1_349' title='bbox 1326 2335 1427 2367; x_wconf 90' lang='lat' dir='ltr'>verbo</span> <span class='ocrx_word' id='word_1_350' title='bbox 1459 2338 1613 2366; x_wconf 88' lang='lat' dir='ltr'>monetur</span> <span class='ocrx_word' id='word_1_351' title='bbox 1643 2343 1692 2375; x_wconf 87' lang='lat' dir='ltr'>ep.</span> <span class='ocrx_word' id='word_1_352' title='bbox 1726 2333 1764 2366; x_wconf 84' lang='lat'>17</span> <span class='ocrx_word' id='word_1_353' title='bbox 1795 2339 1888 2372; x_wconf 66' lang='lat' dir='ltr'>extr„</span> 
     </span>
    </p>
   </div>
   <div class='ocr_carea' id='block_1_12' title="bbox 1025 2387 1888 2481">
    <p class='ocr_par' dir='ltr' id='par_1_15' title="bbox 1025 2387 1888 2481">
     <span class='ocr_line' id='line_1_44' title="bbox 1025 2387 1888 2429; baseline -0.002 -7"><span class='ocrx_word' id='word_1_354' title='bbox 1025 2392 1074 2429; x_wconf 89' lang='grc'>18,</span> <span class='ocrx_word' id='word_1_355' title='bbox 1098 2393 1128 2422; x_wconf 85' lang='grc'>3.</span> <span class='ocrx_word' id='word_1_356' title='bbox 1152 2390 1231 2422; x_wconf 91' lang='lat' dir='ltr'>XV.</span> <span class='ocrx_word' id='word_1_357' title='bbox 1256 2391 1284 2427; x_wconf 83' lang='lat'>2,</span> <span class='ocrx_word' id='word_1_358' title='bbox 1309 2391 1338 2420; x_wconf 78' lang='lat'>4.</span> <span class='ocrx_word' id='word_1_359' title='bbox 1379 2389 1430 2421; x_wconf 88' lang='lat' dir='ltr'>De</span> <span class='ocrx_word' id='word_1_360' title='bbox 1452 2389 1607 2420; x_wconf 83' lang='lat' dir='ltr'>Flamma</span> <span class='ocrx_word' id='word_1_361' title='bbox 1636 2387 1805 2420; x_wconf 81' lang='lat' dir='ltr'>Ciceronis</span> <span class='ocrx_word' id='word_1_362' title='bbox 1835 2389 1888 2420; x_wconf 83' lang='lat' dir='ltr'>de-</span> 
     </span>
     <span class='ocr_line' id='line_1_45' title="bbox 1025 2443 1491 2481; baseline -0.009 -4"><span class='ocrx_word' id='word_1_363' title='bbox 1025 2445 1129 2477; x_wconf 86' lang='lat' dir='ltr'>bitore</span> <span class='ocrx_word' id='word_1_364' title='bbox 1150 2444 1242 2476; x_wconf 85' lang='lat' dir='ltr'>Fam.</span> <span class='ocrx_word' id='word_1_365' title='bbox 1268 2443 1366 2475; x_wconf 83' lang='lat' dir='ltr'>XVI.</span> <span class='ocrx_word' id='word_1_366' title='bbox 1391 2444 1440 2481; x_wconf 75' lang='grc'>24,</span> <span class='ocrx_word' id='word_1_367' title='bbox 1468 2444 1491 2473; x_wconf 88' lang='lat' dir='ltr'>l.</span> 
     </span>
    </p>
   </div>
   <div class='ocr_carea' id='block_1_13' title="bbox 696 2587 1298 2644">
    <p class='ocr_par' dir='ltr' id='par_1_16' title="bbox 696 2587 1298 2644">
     <span class='ocr_line' id='line_1_46' title="bbox 696 2587 1298 2644; baseline -0.003 -14"><span class='ocrx_word' id='word_1_368' title='bbox 696 2589 843 2630; x_wconf 84' lang='lat' dir='ltr'>XVII.</span> <span class='ocrx_word' id='word_1_369' title='bbox 909 2590 974 2644; x_wconf 84' lang='lat' dir='ltr'>(A.</span> <span class='ocrx_word' id='word_1_370' title='bbox 1016 2588 1060 2630; x_wconf 82' lang='lat' dir='ltr'>U.</span> <span class='ocrx_word' id='word_1_371' title='bbox 1100 2589 1141 2629; x_wconf 83' lang='lat' dir='ltr'>C.</span> <span class='ocrx_word' id='word_1_372' title='bbox 1180 2587 1298 2642; x_wconf 85' lang='lat'>710.)</span> 
     </span>
    </p>
   </div>
   <div class='ocr_carea' id='block_1_14' title="bbox 116 2713 1931 3137">
    <p class='ocr_par' dir='ltr' id='par_1_17' title="bbox 116 2713 1931 3137">
     <span class='ocr_line' id='line_1_47' title="bbox 181 2713 1882 2772; baseline -0.003 -14"><span class='ocrx_word' id='word_1_373' title='bbox 181 2718 221 2758; x_wconf 92' lang='lat'>1.</span> <span class='ocrx_word' id='word_1_374' title='bbox 254 2717 305 2759; x_wconf 89' lang='lat' dir='ltr'>In</span> <span class='ocrx_word' id='word_1_375' title='bbox 338 2716 628 2772; x_wconf 87' lang='lat' dir='ltr'>Pompeianum</span> <span class='ocrx_word' id='word_1_376' title='bbox 662 2714 752 2756; x_wconf 89' lang='lat' dir='ltr'>veni</span> <span class='ocrx_word' id='word_1_377' title='bbox 786 2728 828 2757; x_wconf 83' lang='lat' dir='ltr'>v.</span> <span class='ocrx_word' id='word_1_378' title='bbox 861 2715 1002 2757; x_wconf 88' lang='lat' dir='ltr'>Nonas</span> <span class='ocrx_word' id='word_1_379' title='bbox 1041 2715 1157 2764; x_wconf 72' lang='lat' dir='ltr'>Mai„</span> <span class='ocrx_word' id='word_1_380' title='bbox 1192 2731 1316 2771; x_wconf 90' lang='lat' dir='ltr'>quum</span> <span class='ocrx_word' id='word_1_381' title='bbox 1352 2715 1494 2771; x_wconf 87' lang='lat' dir='ltr'>pridie,</span> <span class='ocrx_word' id='word_1_382' title='bbox 1531 2720 1575 2756; x_wconf 92' lang='lat' dir='ltr'>ut</span> <span class='ocrx_word' id='word_1_383' title='bbox 1609 2719 1725 2755; x_wconf 83' lang='lat' dir='ltr'>antea</span> <span class='ocrx_word' id='word_1_384' title='bbox 1760 2713 1809 2754; x_wconf 87' lang='lat' dir='ltr'>ad</span> <span class='ocrx_word' id='word_1_385' title='bbox 1846 2722 1882 2753; x_wconf 80' lang='lat' dir='ltr'>te</span> 
     </span>
     <span class='ocr_line' id='line_1_48' title="bbox 116 2787 1882 2846; baseline -0.005 -13"><span class='ocrx_word' id='word_1_386' title='bbox 116 2790 271 2846; x_wconf 87' lang='lat' dir='ltr'>scripsi,</span> <span class='ocrx_word' id='word_1_387' title='bbox 316 2789 461 2831; x_wconf 84' lang='lat' dir='ltr'>Piliam</span> <span class='ocrx_word' id='word_1_388' title='bbox 503 2788 547 2830; x_wconf 91' lang='lat' dir='ltr'>in</span> <span class='ocrx_word' id='word_1_389' title='bbox 589 2787 771 2829; x_wconf 90' lang='lat' dir='ltr'>Cumano</span> <span class='ocrx_word' id='word_1_390' title='bbox 804 2787 1115 2830; x_wconf 90' lang='lat' dir='ltr'>collocavissem.</span> <span class='ocrx_word' id='word_1_391' title='bbox 1165 2787 1231 2830; x_wconf 89' lang='lat' dir='ltr'>Ibi</span> <span class='ocrx_word' id='word_1_392' title='bbox 1264 2788 1364 2830; x_wconf 90' lang='lat' dir='ltr'>mihi</span> <span class='ocrx_word' id='word_1_393' title='bbox 1398 2788 1583 2830; x_wconf 85' lang='lat' dir='ltr'>coenanti</span> <span class='ocrx_word' id='word_1_394' title='bbox 1617 2787 1755 2828; x_wconf 85' lang='lat' dir='ltr'>literae</span> <span class='ocrx_word' id='word_1_395' title='bbox 1789 2790 1882 2826; x_wconf 83' lang='lat' dir='ltr'>tuae</span> 
     </span>
     <span class='ocr_line' id='line_1_49' title="bbox 117 2858 1883 2918; baseline -0.004 -13"><span class='ocrx_word' id='word_1_396' title='bbox 117 2867 212 2905; x_wconf 86' lang='lat' dir='ltr'>sunt</span> <span class='ocrx_word' id='word_1_397' title='bbox 243 2861 437 2912; x_wconf 89' lang='lat' dir='ltr'>redditae,</span> <span class='ocrx_word' id='word_1_398' title='bbox 472 2876 571 2917; x_wconf 88' lang='lat' dir='ltr'>quas</span> <span class='ocrx_word' id='word_1_399' title='bbox 605 2860 768 2902; x_wconf 86' lang='lat' dir='ltr'>dederas</span> <span class='ocrx_word' id='word_1_400' title='bbox 801 2861 1007 2902; x_wconf 87' lang='lat' dir='ltr'>Demetrio</span> <span class='ocrx_word' id='word_1_401' title='bbox 1039 2860 1184 2903; x_wconf 89' lang='lat' dir='ltr'>liberto</span> <span class='ocrx_word' id='word_1_402' title='bbox 1217 2861 1321 2918; x_wconf 88' lang='lat' dir='ltr'>prid.</span> <span class='ocrx_word' id='word_1_403' title='bbox 1357 2861 1465 2912; x_wconf 66' lang='lat' dir='ltr'>Kal„</span> <span class='ocrx_word' id='word_1_404' title='bbox 1501 2861 1543 2902; x_wconf 91' lang='lat' dir='ltr'>in</span> <span class='ocrx_word' id='word_1_405' title='bbox 1578 2859 1725 2915; x_wconf 83' lang='lat' dir='ltr'>quibus</span> <span class='ocrx_word' id='word_1_406' title='bbox 1757 2858 1883 2899; x_wconf 85' lang='lat' dir='ltr'>multa</span> 
     </span>
     <span class='ocr_line' id='line_1_50' title="bbox 118 2934 1931 2992; baseline -0.004 -14"><span class='ocrx_word' id='word_1_407' title='bbox 118 2936 330 2992; x_wconf 78' lang='lat' dir='ltr'>sapienter,</span> <span class='ocrx_word' id='word_1_408' title='bbox 376 2935 445 2977; x_wconf 89' lang='lat' dir='ltr'>sed</span> <span class='ocrx_word' id='word_1_409' title='bbox 488 2940 624 2976; x_wconf 89' lang='lat' dir='ltr'>tamen</span> <span class='ocrx_word' id='word_1_410' title='bbox 661 2934 772 2986; x_wconf 85' lang='lat' dir='ltr'>talia,</span> <span class='ocrx_word' id='word_1_411' title='bbox 815 2934 1154 2990; x_wconf 88' lang='lat' dir='ltr'>quemadmodum</span> <span class='ocrx_word' id='word_1_412' title='bbox 1186 2939 1274 2977; x_wconf 87' lang='lat' dir='ltr'>tute</span> <span class='ocrx_word' id='word_1_413' title='bbox 1308 2934 1523 2986; x_wconf 84' lang='lat' dir='ltr'>scribebas,</span> <span class='ocrx_word' id='word_1_414' title='bbox 1557 2938 1603 2975; x_wconf 87' lang='lat' dir='ltr'>ut</span> <span class='ocrx_word' id='word_1_415' title='bbox 1637 2948 1752 2974; x_wconf 84' lang='lat' dir='ltr'>omne</span> <span class='ocrx_word' id='word_1_416' title='bbox 1787 2946 1881 2972; x_wconf 87' lang='lat' dir='ltr'>con·</span> <span class='ocrx_word' id='word_1_417' title='bbox 1917 2952 1931 2976; x_wconf 82' lang='lat'>5</span> 
     </span>
     <span class='ocr_line' id='line_1_51' title="bbox 119 3007 1879 3065; baseline -0.003 -15"><span class='ocrx_word' id='word_1_418' title='bbox 119 3009 254 3050; x_wconf 86' lang='lat' dir='ltr'>silium</span> <span class='ocrx_word' id='word_1_419' title='bbox 296 3009 339 3050; x_wconf 92' lang='lat' dir='ltr'>in</span> <span class='ocrx_word' id='word_1_420' title='bbox 381 3009 542 3050; x_wconf 88' lang='lat' dir='ltr'>fortuna</span> <span class='ocrx_word' id='word_1_421' title='bbox 584 3008 760 3063; x_wconf 85' lang='lat' dir='ltr'>positum</span> <span class='ocrx_word' id='word_1_422' title='bbox 808 3008 1023 3050; x_wconf 86' lang='lat' dir='ltr'>videretur.</span> <span class='ocrx_word' id='word_1_423' title='bbox 1073 3009 1216 3065; x_wconf 87' lang='lat' dir='ltr'>Itaque</span> <span class='ocrx_word' id='word_1_424' title='bbox 1261 3009 1323 3050; x_wconf 89' lang='lat' dir='ltr'>his</span> <span class='ocrx_word' id='word_1_425' title='bbox 1367 3008 1415 3049; x_wconf 89' lang='lat' dir='ltr'>de</span> <span class='ocrx_word' id='word_1_426' title='bbox 1460 3007 1578 3049; x_wconf 88' lang='lat' dir='ltr'>rebus</span> <span class='ocrx_word' id='word_1_427' title='bbox 1624 3022 1671 3047; x_wconf 76' lang='lat' dir='ltr'>ex</span> <span class='ocrx_word' id='word_1_428' title='bbox 1703 3010 1879 3060; x_wconf 83' lang='lat' dir='ltr'>tempore</span> 
     </span>
     <span class='ocr_line' id='line_1_52' title="bbox 120 3080 1880 3137; baseline -0.003 -14"><span class='ocrx_word' id='word_1_429' title='bbox 120 3086 160 3123; x_wconf 90' lang='lat' dir='ltr'>et</span> <span class='ocrx_word' id='word_1_430' title='bbox 208 3095 353 3123; x_wconf 88' lang='lat' dir='ltr'>coram.</span> <span class='ocrx_word' id='word_1_431' title='bbox 406 3085 447 3123; x_wconf 85' lang='grc'>2.</span> <span class='ocrx_word' id='word_1_432' title='bbox 493 3081 554 3123; x_wconf 88' lang='lat' dir='ltr'>De</span> <span class='ocrx_word' id='word_1_433' title='bbox 597 3081 811 3124; x_wconf 85' lang='lat' dir='ltr'>Buthrotio</span> <span class='ocrx_word' id='word_1_434' title='bbox 851 3082 1028 3137; x_wconf 86' lang='lat' dir='ltr'>negotio,</span> <span class='ocrx_word' id='word_1_435' title='bbox 1073 3083 1229 3125; x_wconf 87' lang='lat' dir='ltr'>utinam</span> <span class='ocrx_word' id='word_1_436' title='bbox 1274 3081 1434 3137; x_wconf 89' lang='lat' dir='ltr'>quidem</span> <span class='ocrx_word' id='word_1_437' title='bbox 1483 3080 1704 3122; x_wconf 73' lang='lat' dir='ltr'>Antonium</span> <span class='ocrx_word' id='word_1_438' title='bbox 1739 3092 1880 3118; x_wconf 83' lang='lat' dir='ltr'>conve-</span> 
     </span>
    </p>
   </div>
   <div class='ocr_carea' id='block_1_15' title="bbox 59 3152 1882 3267">
    <p class='ocr_par' dir='ltr' id='par_1_18' title="bbox 59 3152 1882 3267">
     <span class='ocr_line' id='line_1_53' title="bbox 59 3152 1882 3212; baseline -0.003 -15"><span class='ocrx_word' id='word_1_439' title='bbox 59 3165 64 3169; x_wconf 85' lang='grc'><strong>”</strong></span> <span class='ocrx_word' id='word_1_440' title='bbox 122 3154 253 3198; x_wconf 84' lang='lat' dir='ltr'>niam!</span> <span class='ocrx_word' id='word_1_441' title='bbox 304 3154 484 3197; x_wconf 88' lang='lat' dir='ltr'>Multum</span> <span class='ocrx_word' id='word_1_442' title='bbox 529 3154 705 3210; x_wconf 84' lang='lat' dir='ltr'>profecto</span> <span class='ocrx_word' id='word_1_443' title='bbox 750 3156 965 3212; x_wconf 83' lang='lat' dir='ltr'>proficiam.</span> <span class='ocrx_word' id='word_1_444' title='bbox 1015 3156 1092 3197; x_wconf 81' lang='lat' dir='ltr'>Sed</span> <span class='ocrx_word' id='word_1_445' title='bbox 1138 3173 1216 3198; x_wconf 80' lang='lat' dir='ltr'>non</span> <span class='ocrx_word' id='word_1_446' title='bbox 1268 3155 1510 3197; x_wconf 68' lang='lat' dir='ltr'>arbitrantur</span> <span class='ocrx_word' id='word_1_447' title='bbox 1555 3170 1642 3195; x_wconf 67' lang='lat' dir='ltr'>vum</span> <span class='ocrx_word' id='word_1_448' title='bbox 1692 3169 1710 3192; x_wconf 75' lang='lat' dir='ltr'>a</span> <span class='ocrx_word' id='word_1_449' title='bbox 1745 3152 1882 3207; x_wconf 65' lang='lat' dir='ltr'>Capua</span> 
     </span>
     <span class='ocr_line' id='line_1_54' title="bbox 1612 3225 1698 3267; baseline -0.012 0"><span class='ocrx_word' id='word_1_450' title='bbox 1612 3225 1698 3267; x_wconf 64' lang='lat'>19³⁶</span> 
     </span>
    </p>
   </div>
  </div>
 </body>
</html>
