2062 3565
107 122 194 162 290
514 120 597 161 ΕΡ.
631 118 707 159 AD
739 118 786 158 T.
820 114 1171 158 POMPONIUM
1204 113 1468 156 ATTICUM.

111 272 283 308 crucem,
317 256 543 298 columnam
575 253 728 304 tollere,
762 252 895 293 10011111
928 250 1044 292 11111111
1078 248 1340 291 sternendum
1372 249 1518 292 locare.
1552 249 1667 296 Quid
1689 249 1875 305 quaeris?

111 326 310 389 ήρωϊκά.
350 327 568 370 Sustulisse
601 325 703 367 mihi
735 324 896 366 videtur
928 322 1227 366 simulationem
1261 321 1465 373 desiderii,
1498 322 1630 364 adhuc
1663 337 1764 378 quae
1797 337 1876 364 ser-

114 403 235 460 pebat
276 402 320 444 in
365 400 450 442 dies
495 405 536 442 et
568 400 804 450 inveterata,
839 397 1019 449 verebar,
1051 412 1103 439 ne
1136 396 1360 453 periculosa
1391 396 1540 438 nostris
1571 395 1876 452 tyrannoctonis

114 480 230 518 esset.
268 478 308 516 2.
342 475 465 516 Nunc
498 488 660 530 prorsus
693 472 889 514 assentior
921 472 1003 513 tuis
1034 471 1163 512 literis
1196 485 1390 525 speroque
1423 470 1600 521 meliora,
1633 484 1877 525 quamquam

78 564 92 588 5
113 550 210 591 istos
253 548 354 590 ferre
397 562 479 589 non
519 561 697 602 possum,
733 545 816 600 qui,
852 545 950 587 dum
983 559 1023 586 se
1057 543 1331 601 11306111176116
1365 543 1572 595 simulant,
1605 548 1695 585 aeta
1726 542 1878 584 nefaria

112 620 348 663 defendunt.
396 619 474 662 Sed
516 634 599 660 non
641 622 810 675 possunt
843 617 978 660 omnia
1006 616 1140 658 simul.
1190 616 1343 672 Incipit
1374 631 1437 657 res
1470 616 1613 658 melius
1645 617 1718 668 ire,
1756 631 1878 670 quam

114 698 310 750 putaram.
344 693 387 734 Ν
388 707 432 734 60
465 707 557 734 vero
591 691 808 742 discedam,
841 691 921 732 nisi
954 705 1079 745 quum
1112 694 1159 731 tu
1190 704 1254 731 me
1286 688 1329 731 id
1362 689 1529 732 honeste
1562 689 1726 746 putabis
1747 690 1879 732 facere

114 783 243 825 posse.
294 767 421 808 Bruto
465 771 571 808 certe
614 780 703 807 meo
746 765 858 806 nullo
902 764 989 806 1000
1023 763 1155 814 deero,
1188 763 1326 819 idque,
1360 763 1519 805 etiamsi
1550 764 1652 806 mihi
1684 778 1777 806 cum
1809 763 1880 805 illo

114 842 218 884 nihil
260 840 416 890 fuisset,
462 839 632 881 facerem
674 843 835 894 propter
878 838 965 879 eius
1009 837 1253 892 singularem
1284 836 1642 892 incredibilemque
1675 837 1880 878 virtutem.

62 927 95 952 10
117 918 159 958 3.
203 914 331 956 Piliae
374 919 533 956 nostrae
580 913 716 955 villam
759 917 900 964 totam,
942 926 1124 967 quaeque
1166 911 1210 952 in
1254 910 1349 952 villa
1397 915 1506 962 sunt,
1539 911 1654 953 trado
1685 911 1730 952 in
1763 910 1881 952 Pom-

115 989 306 1045 peianum
348 988 434 1044 ipse
480 986 735 1044 proficiscens
767 985 943 1028 Kalend.
977 984 1115 1027 Maiis.
1165 984 1297 1038 Quam
1331 984 1450 1026 velim
1481 984 1610 1026 Bruto
1642 984 1882 1042 persuadeas

116 1067 163 1104 ut
195 1063 368 1103 Asturae
403 1061 470 1103 sit.

114 1225 244 1257 Evertit
265 1225 456 1256 columnam
480 1224 610 1256 Caesari
634 1226 668 1256 111
694 1226 763 1256 soro
787 1227 928 1267 positam
942 1232 973 1258 et
1026 1224 1104 1256 XV.
1129 1225 1176 1262 10,
1201 1226 1220 1256 2
1241 1224 1276 1258 si,
1299 1224 1374 1255 mz'ln·
1405 1226 1503 1254 tecum
1533 1223 1636 1254 minus
1671 1225 1761 1261 esset,
1793 1233 1884 1264 quam

114 1288 226 1311 severe
249 1278 484 1309 animadvertit
506 1278 539 1309 111
564 1279 703 1310 audaces
731 1289 843 1311 servos
866 1285 898 1311 et
921 1289 976 1311 ne·
1024 1282 1070 1311 est
1093 1290 1159 1310 cum
1184 1280 1248 1310 tuis
1270 1280 1417 1311 omnibus.

115 1333 213 1364 farios
243 1333 366 1364 liberos
374 1346 382 1370 ;
417 1337 488 1364 turn
513 1333 562 1370 iis,
592 1334 648 1374 qui
677 1334 789 1365 turbas
823 1334 976 1372 facerent,
1070 1333 1167 1375 Quam
1190 1334 1280 1365 velim
1304 1333 1406 1365 Bruto
1413 1333 1612 1375 persuadeas
1627 1335 1661 1364 ut
1679 1334 1817 1364 Asturae
1832 1332 1885 1364 sit.

114 1397 246 1419 crucem
267 1387 437 1428 proposuit
461 1392 516 1417 aut
541 1397 669 1418 saxum.
695 1388 772 1418 Vid.
796 1397 845 1429 ep.
868 1398 935 1429 seq.
948 1389 978 1419 2.
1025 1389 1104 1421 Sive
1127 1390 1215 1430 quod
1237 1399 1304 1420 non
1327 1390 1464 1430 putabat
1487 1399 1563 1420 eum
1591 1389 1626 1420 in
1659 1389 1740 1420 urbe
1777 1393 1886 1419 tutum

157 1440 391 1472 simulationem
426 1439 588 1470 desiderii.
632 1440 798 1472 Homines
838 1441 979 1482 improbi
1026 1444 1105 1481 fore,
1127 1444 1197 1475 sive
1219 1445 1308 1485 quod
1331 1444 1465 1475 nolebat
1487 1454 1564 1476 eum
1585 1444 1719 1484 longius
1740 1443 1782 1474 ab
1803 1443 1886 1474 urbe

116 1495 207 1527 enim
230 1493 435 1525 simulabant
457 1502 492 1524 se
515 1502 612 1533 agere
634 1493 796 1525 desiderio
821 1494 979 1531 Caesaris,
1027 1497 1202 1535 discedere,
1229 1497 1264 1528 111
1287 1507 1388 1538 quam
1421 1497 1621 1539 propediem,
1655 1502 1693 1528 ut
1722 1506 1774 1528 res
1806 1501 1886 1528 tune

116 1559 219 1590 quum
240 1557 276 1579 re
300 1557 376 1579 vera
399 1546 552 1577 omnium
575 1556 685 1578 rerum
698 1548 980 1588 perturbationem
1028 1557 1132 1589 erant,
1145 1562 1222 1582 011111
1236 1552 1341 1592 gloria
1358 1552 1465 1584 redire
1479 1561 1574 1594 posse
1589 1551 1773 1584 videbatur.
1791 1551 1887 1583 Idem

118 1607 150 1634 et
172 1601 264 1633 urbis
287 1600 508 1642 direptionem
529 1606 699 1641 pararent.
1028 1606 1147 1647 repetit
1170 1606 1204 1637 111
1228 1615 1278 1647 ep,
1304 1606 1354 1645 19,
1377 1608 1406 1638 5,

160 1657 178 1697 ἓ
202 1657 231 1688 2.
254 1653 387 1687 Etiamsi
404 1653 481 1685 milti
493 1664 559 1686 cum
570 1653 630 1686 illo
645 1653 728 1685 nihil
731 1653 865 1695 fuisset.
888 1655 981 1688 Fam.

723 1761 846 1803 XVI.
912 1765 977 1818 (A.
1020 1766 1066 1807 U.
1100 1764 1143 1807 0.
1182 1766 1300 1822 710.)

186 1881 226 1920 1.
271 1892 312 1919 v.
354 1877 465 1919 Non.
511 1876 783 1919 conscendens
828 1878 878 1920 ab
922 1880 1050 1923 hortis
1097 1882 1305 1924 Cluvianis
1350 1882 1392 1924 in
1433 1882 1644 1938 phaselum
1676 1881 1888 1937 epicopum

122 1952 194 1993 has
239 1950 333 1992 dedi
364 1950 515 2002 literas,
550 1965 674 2006 quum
717 1951 845 1994 Piliae
888 1959 1046 1997 nostrae
1092 1956 1227 1998 villam
1261 1957 1310 1999 ad
1343 1957 1579 2008 Lucrinum,
1614 1956 1768 2007 vilicos,
1802 1970 1892 2011 pro-

125 2029 326 2066 curatores
370 2024 640 2066 tradidissem.
691 2025 783 2081 Ipse
829 2032 963 2070 autem
1007 2044 1053 2071 eo
1097 2029 1162 2072 die
1206 2031 1249 2072 in
1295 2031 1410 2072 Paeti
1442 2031 1570 2072 nostri
1602 2028 1891 2086 tyrotarichum

91 2109 104 2133 5
125 2097 400 2149 imminebam,
451 2099 660 2154 perpaucis
710 2099 853 2142 diebus
896 2102 940 2143 in
990 2103 1296 2159 Pompeianum,
1342 2108 1432 2159 post
1463 2104 1507 2145 in
1540 2103 1638 2145 haec
1671 2102 1893 2144 Puteolana

127 2177 166 2213 et
211 2172 393 2213 Cumana
436 2186 559 2226 regna
603 2173 850 2228 renavigaro.
902 2175 938 2216 O
981 2175 1068 2217 loca
1112 2178 1315 2232 ceteroqui
1355 2176 1469 2218 valde
1503 2175 1737 2232 expetenda,
1770 2176 1894 2217 inter-

128 2244 366 2300 pellantium
413 2249 547 2286 autem
591 2245 854 2287 multitudine
898 2263 1023 2303 paene
1069 2249 1279 2304 fugienda!
1326 2253 1366 2291 2.
1412 2249 1490 2291 Sed
1534 2249 1584 2290 ad
1624 2265 1708 2292 rem
1752 2254 1798 2291 ut
1830 2265 1894 2290 ve-

129 2318 252 2369 niam,
288 2334 310 2359 0
344 2316 575 2359 Dolabellae
609 2319 736 2359 nostri
754 2334 940 2374 magnam
958 2318 1243 2380 ἄριστειάνέ
1265 2327 1416 2379 quanta
1434 2328 1495 2365 est
1517 2319 1893 2383 ἅναθεώρησιςέ

131 2390 328 2445 Equidem
373 2390 534 2432 laudare
578 2405 671 2431 eum
704 2396 744 2433 et
776 2392 929 2435 hortari
962 2410 1045 2437 non
1079 2396 1243 2438 desisto.
1295 2397 1418 2439 Recte
1451 2401 1498 2438 tu
1531 2397 1718 2439 omnibus
1751 2398 1896 2454 episto-

78 2474 112 2500 10
131 2463 181 2506 lis
227 2464 428 2519 significas
471 2462 568 2518 quid
613 2463 661 2505 de
704 2480 759 2516 re,
807 2466 905 2521 quid
949 2467 997 2509 de
1043 2468 1127 2510 viro
1169 2471 1330 2511 sentias.
1380 2469 1487 2512 Mihi
1531 2469 1692 2524 quidem
1737 2470 1896 2512 videtur

134 2539 286 2580 Brutus
317 2542 453 2579 noster
485 2537 566 2579 iam
599 2538 661 2579 vel
694 2553 882 2581 coronam
915 2556 1077 2584 auream
1110 2559 1180 2599 per
1213 2544 1345 2586 forum
1377 2544 1478 2585 ferre
1500 2559 1630 2600 posse.
1664 2543 1766 2596 Quis
1789 2544 1896 2585 enim

180 2715 198 2755 ξ
221 2715 249 2745 1.
274 2714 315 2744 In
341 2713 507 2754 phaselum
549 2713 712 2755 epicopum.
756 2715 806 2747 De
835 2713 995 2762 ἐπικώπῳ
1086 2720 1258 2764 Ceteroqui.
1282 2721 1332 2754 Cf.
1345 2722 1387 2753 ad
1407 2720 1490 2753 ΧΠ.
1505 2722 1534 2759 3,
1549 2720 1577 2752 1.
1591 2722 1696 2751 cetera
1708 2730 1799 2761 quam
1811 2718 1900 2760 quod

139 2771 209 2802 dixi
232 2771 274 2802 ad
303 2770 346 2802 V.
380 2771 429 2808 11,
458 2772 499 2815 45
521 2772 561 2802 de
591 2773 783 2812 tyrotarichi
812 2775 925 2814 patina
956 2776 997 2807 ad
1042 2773 1150 2814 placet
1171 2774 1305 2806 Handio
1327 2774 1422 2805 Turs.
1451 2774 1497 2805 Π.
1526 2784 1557 2814 p.
1587 2773 1630 2804 42
1661 2772 1798 2804 omnino
1826 2770 1899 2802 reii-

141 2826 204 2857 IV.
228 2827 246 2856 S
272 2836 300 2856 a.
323 2826 457 2857 Iocatur
479 2827 519 2857 de
544 2825 599 2856 illa
622 2836 743 2858 coenae
766 2829 907 2861 rusticae
919 2830 995 2861 sim·
1042 2830 1197 2862 ciendum
1218 2834 1275 2867 est,
1299 2840 1410 2871 quum,
1432 2834 1470 2861 ut
1491 2829 1645 2861 observat
1666 2827 1821 2865 Orellius,
1851 2836 1901 2857 oe-

140 2880 285 2920 plicitate
309 2879 341 2910 in
365 2879 501 2920 epistola
531 2879 572 2910 ad
602 2879 741 2912 Paetum
772 2881 878 2922 ipsum
909 2884 993 2921 data,
1042 2887 1114 2916 tera
1136 2894 1196 2915 nee
1219 2884 1417 2916 adjectivum
1439 2894 1470 2915 v.
1492 2884 1562 2914 loca
1585 2891 1654 2914 esse
1665 2882 1777 2923 possit,
1793 2890 1900 2922 neque

140 2932 234 2962 Fam·
257 2931 321 2962 IX·
345 2932 393 2968 16,
417 2932 507 2964 7-9-
1043 2938 1123 2978 poni
1144 2947 1203 2978 pro
1225 2936 1308 2978 quod
1334 2936 1378 2967 ad
1406 2938 1513 2967 cetera
1543 2935 1670 2973 attinet,
1703 2944 1769 2976 quo
1801 2934 1900 2965 modo

185 2984 406 3015 Procuratores
443 2990 479 3016 ut
513 2984 598 3016 vilici
628 2992 704 3016 sunt
735 2988 822 3018 servi
852 2988 997 3020 familiae
1044 2991 1176 3022 Tullius
1197 3001 1371 3031 nunquam
1391 2990 1509 3032 posuit.

144 3038 289 3067 rusticae.
322 3036 405 3068 Cum
437 3038 543 3068 vilicis
572 3038 786 3069 nominantur
814 3041 854 3071 de
885 3040 941 3072 Or.
970 3043 996 3072 I.
1087 3046 1105 3083 g
1128 3045 1157 3075 2.
1186 3043 1339 3075 Coronam
1362 3054 1491 3074 auream
1521 3053 1577 3084 per
1596 3041 1705 3082 fhrwn
1726 3040 1822 3081 ferre
1852 3047 1901 3072 est

141 3092 212 3129 249,
235 3092 292 3122 ubi
314 3092 379 3122 vid.
412 3093 608 3131 Ellendtius,
639 3099 670 3124 et
702 3094 734 3124 in
766 3095 786 3125 1.
811 3095 825 3126 1
851 3095 928 3137 Dig.
956 3098 996 3128 de
1045 3097 1277 3138 triumphantis
1299 3097 1414 3128 habitu
1430 3106 1488 3138 per
1504 3095 1612 3127 forum
1626 3095 1790 3126 incedere.
1811 3094 1899 3125 Nam

142 3157 236 3177 servo
260 3146 410 3187 fugitivo.
1045 3160 1184 3182 coronae
1220 3160 1337 3182 aureae
1373 3149 1622 3191 imperatoribus
1661 3148 1704 3179 ob
1742 3148 1899 3181 honorem

2052 2858 2060 2916 ξ.
