2062 3565
723 149 829 190 LIB.
867 149 940 190 [x.
978 149 1059 190 ΕΡ.
1098 152 1137 189 Γ).
1174 154 1216 189 (3.
1791 153 1838 191 5]

80 282 238 324 decreta
271 281 582 337 municipiorum
617 298 708 338 prae
734 283 796 325 liis
819 283 867 324 de
892 284 1058 325 victoria
1074 283 1441 338 gratulationibus?
1473 284 1648 334 Timent,
1677 285 1846 340 inquies.

81 357 136 398 At
166 354 243 410 ipsi
276 359 362 396 tum
396 370 437 396 se
471 356 653 398 timuisse
688 357 844 398 dicunt.
880 358 958 399 Sed
994 357 1202 399 videamus
1236 358 1331 412 quid
1367 363 1498 399 actum
1535 358 1588 398 sit
1627 358 1844 399 Brundisii.

80 429 142 471 Ex
174 443 220 470 00
253 429 418 470 fortasse
454 429 478 471 †
497 444 544 469 ea
578 430 745 471 consilia
780 436 996 471 nascentur
1031 431 1210 484 aliaeque
1244 430 1394 481 literae.

120 591 169 623 De
188 591 372 624 valetudine
394 590 534 622 decreta.
557 592 622 622 vid.
647 593 688 623 ml
712 592 810 624 VIII.
836 593 883 630 16,
910 594 936 624 1.
987 604 1029 625 ex
1061 594 1241 631 voluntate,
1274 596 1330 626 sed
1360 595 1476 626 timore
1511 604 1552 626 ne
1583 595 1749 626 silentium
1784 596 1846 626 sibi

120 644 165 676 A·
185 645 246 686 ipsi
267 664 308 669 —
331 645 442 676 (licant
466 654 500 675 a:
533 655 598 676 non
623 651 658 676 tu
681 646 732 676 vel
756 647 851 684 alius,
881 648 938 678 sed
989 653 1132 678 noceret.

79 700 140 742 ipsi
162 699 219 741 qui
244 705 315 730 tum
338 697 497 739 Pompeio
521 699 747 730 valetudinem
772 709 937 740 recupera·
1030 699 1074 730 Εα
1099 700 1240 731 consilia.
1264 700 1436 732 Sententia
1453 701 1590 741 requirit
1605 701 1682 739 alia,
1700 712 1777 733 nova
1795 702 1845 733 vel

78 758 144 785 tam
166 753 323 793 gmtulati
345 759 429 790 sunt,
461 753 577 783 dicunt
599 762 633 784 se
663 753 695 784 id
726 753 839 785 fecisse
870 764 935 785 non
961 782 964 787 ,
988 754 1096 785 simile
1119 754 1208 794 quid.

706 860 779 901 VJ.
844 861 909 913 (A.
952 860 996 901 U.
1035 863 1076 900 C.
1115 861 1232 915 705.)

142 975 182 1015 1.
217 974 304 1015 Νο8
339 973 472 1015 adhuc
506 973 725 1016 Brundisio
759 974 876 1016 nihil.
914 975 1039 1016 Roma
1072 974 1233 1030 scripsit
1266 973 1417 1015 Balbus
1452 980 1590 1031 putare
1624 976 1701 1017 iam
1745 976 1846 1018 Len-

75 1046 205 1089 tulum
250 1046 453 1088 consulem
499 1047 719 1089 tramisisse
762 1063 836 1089 nec
880 1063 970 1089 eum
1018 1064 1040 1089 a
1083 1048 1235 1090 minore
1278 1047 1404 1089 Balbo
1449 1054 1704 1100 conventum,
1740 1050 1846 1104 quod

74 1121 110 1163 is
154 1120 228 1162 1100
269 1121 350 1162 iam
398 1120 564 1162 Canusii
614 1121 793 1163 audisset
803 1141 814 1173 3
865 1121 960 1163 inde
1005 1121 1055 1162 ad
1104 1137 1143 1163 se
1187 1137 1278 1163 eum
1329 1123 1549 1179 scripsisse,
1585 1122 1846 1179 cohortesque

76 1208 158 1245 8011,
204 1207 307 1249 quae
350 1193 478 1235 Albae
511 1193 696 1244 fuissent,
731 1194 781 1235 ad
815 1193 984 1235 Curium
1019 1194 1203 1235 Minucia
1235 1194 1441 1244 transisse,
1476 1194 1518 1235 id
1552 1195 1761 1237 Caesarem
1797 1195 1846 1237 ad

79 1283 118 1309 se
161 1267 365 1324 scripsisse
408 1271 449 1308 ct
494 1266 604 1308 brevi
650 1272 828 1322 tempore
873 1283 964 1308 eum
1009 1266 1059 1308 ad
1093 1265 1234 1308 urbem
1267 1267 1464 1309 futurum.
1514 1268 1621 1323 Ergo
1654 1275 1745 1310 utar
1777 1274 1847 1310 tuo

76 1341 258 1392 consilio,
303 1356 435 1397 neque
478 1357 541 1382 me
591 1341 791 1396 Arpinum
840 1341 915 1382 1100
963 1346 1141 1396 tempore
1186 1340 1345 1391 abdam,
1404 1341 1493 1392 etsi,
1543 1341 1726 1383 Ciceroni
1761 1358 1846 1384 meo

72 1419 208 1470 togam
253 1429 391 1470 puram
432 1430 556 1470 quum
602 1414 695 1456 dare
740 1415 883 1470 Arpini
918 1414 1088 1465 vellem,
1108 1413 1211 1455 hanc
1246 1429 1352 1456 eram
1386 1415 1513 1469 ipsam
1547 1416 1845 1457 excusationem

74 1487 287 1529 relicturus
321 1487 371 1530 ad
405 1487 629 1530 Caesarem.
664 1487 741 1530 Sed
776 1487 942 1529 fortasse
975 1488 1018 1528 in
1052 1503 1098 1529 eo
1120 1487 1208 1542 ipso
1232 1487 1470 1538 offendetur,
1499 1502 1570 1528 cur
1592 1503 1673 1528 non
1698 1488 1845 1529 Romae

73 1561 220 1616 potius.
269 1561 347 1604 Sed
391 1566 539 1612 tamen,
586 1562 620 1603 si
663 1567 724 1603 est
768 1560 1081 1610 conveniendus,
1126 1561 1192 1602 1110
1238 1561 1509 1617 potissimum.
1557 1561 1660 1602 Tum
1692 1561 1847 1616 reliqua

73 1619 314 1687 videbimus,
360 1635 402 1677 id
446 1640 521 1687 est,
567 1641 607 1677 et
641 1650 720 1690 quo
754 1640 794 1676 et
827 1649 906 1690 qua
940 1639 980 1676 et
1013 1633 1268 1690 quandove.
1301 1635 1520 1686 Domitius,
1555 1639 1602 1676 ut
1635 1635 1770 1685 audio,
1804 1635 1847 1676 111

76 1706 232 1750 Cosano
265 1715 338 1760 est,
380 1714 421 1751 et
465 1709 642 1765 quidem,
687 1714 734 1750 ut
777 1709 905 1759 aiunt,
948 1712 1110 1764 paratus
1144 1708 1193 1749 ad
1226 1708 1521 1763 navigandum:
1558 1708 1590 1750 si
1623 1708 1663 1749 in
1700 1709 1847 1764 Hispa-

76 1781 197 1832 niam,
241 1797 323 1824 non
371 1781 518 1838 prob03
565 1782 597 1824 si
646 1781 696 1823 ad
740 1781 936 1831 Cnaeum,
978 1780 1121 1832 laud03
1169 1780 1311 1836 quovis
1343 1780 1478 1836 potius
1511 1786 1615 1822 certe
1650 1796 1770 1836 quam
1803 1786 1848 1822 ut

76 1852 263 1896 Curtium
305 1854 453 1906 videat,
504 1869 624 1910 quem
669 1869 741 1909 ego
784 1858 977 1909 patronus
1023 1852 1226 1908 adspicere
1255 1868 1336 1894 non
1369 1868 1555 1909 possum:
1593 1853 1689 1908 quid
1723 1854 1849 1895 alios?

77 1926 168 1978 Sed,
203 1927 358 1982 opinor,
393 1928 659 1982 quiescamus,
694 1942 744 1968 ne
778 1931 955 1968 nostram
977 1925 1136 1981 culpam
1162 1941 1440 1981 coarguamus,
1464 1928 1548 1982 qui,
1573 1927 1670 1968 duni
1693 1926 1847 1977 urbem,

76 2000 118 2041 id
167 2005 241 2052 est,
290 2000 474 2057 patriam,
525 2015 704 2042 amamus
745 2000 921 2055 dumque
971 2014 1052 2040 rem
1099 2005 1383 2041 conventuram
1427 2004 1629 2055 putamus,
1672 2000 1729 2040 ita
1762 2015 1847 2050 nos,

77 2074 288 2128 gessimus,
337 2079 384 2115 ut
429 2074 547 2129 pla-ne
593 2073 804 2115 interclusi
857 2072 1045 2127 captique
1096 2073 1235 2113 simus.
1283 2075 1323 2113 3.
1367 2073 1523 2127 Scripta
1564 2073 1641 2114 iam
1677 2074 1843 2128 epistola

79 2146 218 2202 Capua
255 2147 394 2189 literae
436 2153 531 2190 sunt
577 2148 719 2190 allatae
764 2148 838 2188 1100
881 2147 1081 2202 exemplo:
1136 2147 1383 2202 ,Pompeius
1425 2162 1528 2188 mare
1562 2148 1722 2188 transiit
1757 2163 1846 2190 011111

113 2311 130 2339 5
155 2310 198 2340 ad
226 2310 352 2341 Curium
375 2311 463 2352 [via]
488 2311 631 2344 Minucia
654 2330 694 2334 —

124 2456 142 2495 ξ
169 2457 195 2487 1.
225 2456 352 2488 Putat-e.
376 2458 483 2489 Abest
503 2467 547 2495 se,
570 2459 658 2498 quod
677 2458 718 2489 ad
734 2458 938 2490 infinitivum

83 2518 149 2540 non
172 2519 245 2540 raro
274 2510 446 2541 omittitur.
491 2509 588 2548 Quod
618 2509 761 2542 Orellius
797 2511 965 2544 malebat>

76 2561 198 2600 putari,
233 2571 299 2592 non
329 2563 441 2603 probo,
470 2572 573 2603 quum
604 2572 670 2593 non
705 2563 744 2593 de
773 2547 965 2594 communi*

986 2459 1037 2496 sit,
1067 2468 1133 2489 non
1164 2458 1383 2489 necessarium
1413 2464 1471 2488 est.
1516 2458 1566 2488 Ita
1597 2456 1657 2488 IX.
1687 2458 1731 2493 ΙΙ,
1759 2458 1784 2487 l.
1808 2457 1848 2487 ad

987 2513 1028 2552 Q.
1053 2512 1089 2543 fr.
1114 2513 1179 2543 111.
1204 2512 1231 2549 7,
1260 2513 1283 2542 l.
1307 2512 1389 2542 IIor.
1412 2510 1479 2543 Sat.
1504 2512 1530 2542 l.
1555 2513 1583 2548 5,
1616 2512 1634 2541 (5
1666 2511 1713 2541 viu
1745 2510 1845 2550 Appia

989 2566 1076 2596 nude
1098 2565 1198 2605 Appia
1224 2570 1370 2595 vocatur.

82 2613 255 2646 hominum
278 2615 313 2646 in
336 2615 417 2646 urbe
439 2615 605 2656 opinione,
634 2616 692 2646 sed
713 2616 753 2646 110
776 2624 825 2653 eo,
855 2617 942 2656 quod
964 2613 967 2641 1

84 2668 209 2700 Balbus
238 2678 256 2700 e
283 2669 421 2700 minoris
457 2669 554 2700 Balbi
586 2669 689 2700 literis
724 2669 942 2709 cognovisset,

85 2726 211 2762 agatur.

126 2773 190 2807 Neo
222 2786 290 2807 eum
323 2787 343 2807 a
381 2776 499 2807 minore
531 2775 571 2806 B.
596 2777 788 2812 conventum,
818 2775 875 2816 qui
905 2777 947 2807 ad

86 2836 163 2859 eum
183 2828 301 2860 missus
323 2833 392 2860 erat
415 2838 435 2860 a
456 2827 605 2860 Caesare.
628 2827 694 2858 vid.
717 2827 817 2859 VIII.
841 2828 869 2865 9,
893 2829 924 2865 4,

127 2881 180 2913 Ad
204 2881 341 2914 Curium.
367 2881 487 2914 Caesar
509 2882 547 2914 B.
572 2881 608 2913 C.
630 2882 659 2913 Ι.
681 2882 722 2913 24
750 2882 791 2913 de
820 2882 881 2913 hac
913 2891 948 2914 re

88 2944 223 2967 narrans
246 2935 384 2967 Vibium
407 2935 547 2967 Curium
562 2940 666 2966 vocat.
695 2953 724 2958 —-
740 2934 882 2966 Minucia
895 2935 950 2967 via

90 2993 221 3020 tantum
242 2994 321 3020 nota
343 2998 388 3020 ex
409 2989 442 3020 h.
465 2989 489 3020 1.
513 2994 547 3020 et
568 2997 611 3020 ex
632 2988 765 3020 Horatii
787 2997 836 3029 ep.
856 2988 884 3020 Ι.
899 2989 947 3026 18,

88 3039 129 3071 20
150 3040 356 3083 (Ambiqitur)
385 3040 591 3072 Brundisium
615 3040 737 3072 Minuci
757 3040 868 3072 melior
897 3040 948 3071 via

89 3092 185 3125 ducat
197 3104 239 3126 an
249 3094 340 3136 Appi,
357 3103 415 3136 per
423 3093 565 3126 Sabinos
577 3100 610 3126 et
621 3093 796 3126 Samnium
815 3094 950 3126 duxisse

93 3146 228 3180 videtur.
260 3146 316 3178 Via
340 3148 428 3189 quod
451 3148 484 3178 in
508 3148 597 3180 Med.
620 3147 723 3188 prima
740 3157 856 3180 manus
870 3147 949 3179 omi·

1031 2618 1050 2658 ξ
1073 2618 1103 2648 2.
1127 2616 1165 2647 In
1191 2616 1319 2648 Cosam).
1342 2616 1382 2647 es.
1407 2615 1499 2648 Caes.
1521 2616 1560 2647 B.
1583 2615 1621 2647 C.
1647 2616 1671 2646 Ι.
1691 2616 1741 2646 34.
1765 2614 1847 2646 Cosa

990 2676 1059 2702 erat
1080 2670 1237 2712 oppidum
1270 2670 1418 2701 Etruriae
1448 2668 1661 2705 maritimum,
1693 2677 1758 2708 quo
1787 2667 1848 2698 Ro-

990 2724 1081 2754 mani
1105 2733 1134 2754 a.
1159 2733 1190 2754 u.
1205 2722 1266 2755 479
1285 2722 1451 2753 coloniam
1467 2722 1685 2752 deduxerunt.
1709 2720 1797 2750 Iacet
1809 2720 1848 2750 ad

991 2777 1090 2808 maris
1112 2777 1231 2813 sinum,
1255 2786 1322 2807 non
1336 2776 1434 2815 louge
1452 2775 1493 2805 ab
1507 2774 1666 2805 hodierno
1688 2772 1850 2804 orbitello.

1035 2828 1201 2860 Patronus.
1250 2828 1366 2859 Cicero
1396 2838 1461 2858 uon
1492 2826 1631 2857 traditur
1665 2826 1848 2856 defendisse

993 2881 1191 2912 Postumum
1213 2879 1372 2917 Curtium,
1404 2880 1460 2911 sed
1490 2889 1517 2910 a.
1542 2879 1602 2911 700
1625 2878 1700 2909 huie
1723 2876 1849 2908 homini

994 2933 1199 2965 tribunatum
1221 2932 1291 2963 mil.
1315 2942 1333 2963 a
1357 2931 1495 2963 Caesare
1517 2931 1663 2972 petierat,
1681 2930 1849 2970 111111ιεί111-

994 2992 1188 3029 petraverat.
1212 2987 1278 3018 vid.
1300 2986 1343 3025 Q.
1367 2985 1405 3017 fr.
1428 2986 1473 3017 II.
1498 2986 1546 3023 15,
1570 2987 1598 3016 3.
1612 2985 1677 3016 111.
1697 2984 1787 3021 1,10.

1040 3039 1124 3081 Quid
1143 3039 1226 3071 alio-s·
1248 3049 1281 3070 a:
1307 3040 1386 3080 quid
1408 3039 1525 3076 dicam,
1555 3047 1652 3079 quain
1683 3043 1716 3067 ut
1746 3037 1852 3068 videat

996 3092 1089 3130 alios,
1112 3093 1170 3133 qui
1196 3102 1270 3123 cum
1294 3090 1434 3123 Caesare
1457 3089 1559 3122 sunt?

1040 3146 1058 3185 ἓ
1082 3147 1111 3176 3.
1135 3145 1260 3176 Litterae
1281 3163 1320 3167 —
1343 3145 1399 3176 ltoc
1422 3143 1560 3183 evemplo
1591 3152 1622 3172 a:
1664 3142 1774 3173 literae
1809 3143 1851 3172 ita

1545 3195 1594 3236 syc

1867 1576 1901 1602 10

1874 1943 1906 1968 15
