2062 3565
203 156 256 193 43
630 155 713 196 ΕΡ.
749 155 824 197 AD
857 156 902 196 Τ.
938 153 1287 196 POMPONIVM
1321 152 1586 194 ATTICUM.

203 291 422 346 quaesisset
455 306 590 333 servus
623 301 757 333 noster
791 292 1023 347 Dionysius.
1061 290 1148 331 Nos
1181 294 1316 330 autem
1349 288 1603 331 audieramus
1637 304 1727 331 eum
1751 291 1976 346 profectum
2038 307 2042 313 ·

204 365 285 406 sive
319 365 369 406 ad
402 366 637 421 Pompeium
669 367 751 408 sive.
785 367 828 408 in
861 365 1117 420 Hispaniam.
1152 363 1202 404 Id
1235 362 1463 404 cuiusmodi
1495 363 1548 404 sit
1579 363 1679 405 scire
1713 379 1808 407 sane
1842 365 1975 407 velim.

204 437 312 479 Nam
361 438 413 480 ad
446 438 503 490 id,
544 438 651 494 quod
696 438 886 489 delibero,
920 438 1108 493 pertinet,
1144 437 1178 477 si
1210 436 1276 478 ille
1311 441 1416 477 certe
1449 451 1648 492 nusquam
1682 437 1879 488 discessit,
1913 437 1975 478 in·
2032 446 2033 449 ’

202 509 380 565 telljgere
425 511 603 553 Gnaeum
650 528 733 553 non
782 527 866 553 esse
911 510 1047 552 faciles
1090 509 1208 550 nobis
1241 525 1289 551 ex
1323 509 1442 551 Italia
1474 509 1619 560 exitus,
1655 525 1779 565 quum
1812 525 1858 552 ea
1889 515 1977 552 tota

165 597 179 621 5
203 583 322 624 armis
355 584 644 640 praesidiisque
676 590 874 635 teneatur,
909 584 1040 624 hieme
1073 583 1319 638 praesertim.
1389 583 1495 623 Nam
1531 583 1565 624 si
1597 582 1845 625 commodius
1879 583 1976 626 anni

203 661 360 711 tempus
405 662 520 708 esset,
568 658 629 699 vel
675 658 802 699 infero
847 657 947 698 mari
980 656 1119 698 liceret
1152 657 1227 698 uti.
1262 657 1385 698 Nunc
1418 656 1521 697 nihil
1555 663 1687 711 potest
1719 657 1799 698 nisi
1831 672 1975 713 supero
2036 698 2043 699 .

202 730 386 781 tramitti,
433 745 511 784 quo
554 732 631 773 iter
674 731 936 772 interclusum
986 736 1059 771 est.
1115 730 1293 781 Quaeres
1325 730 1450 784 igitur
1483 735 1523 771 et
1556 731 1605 771 de
1639 731 1819 773 Domitio
1852 738 1893 773 et
1925 731 1974 773 de

204 801 389 842 Lentulo.
426 805 465 844 2.
502 806 537 845 A
573 805 791 846 Brundisio
823 805 934 846 nulla
969 804 1100 846 adhuc
1135 804 1240 844 fama
1274 810 1448 854 venerat,
1484 809 1523 844 et
1557 810 1642 846 erat
1674 805 1740 846 hic
1775 805 1860 847 dies
1893 819 1974 849 v11.

204 873 281 925 Id„
316 890 395 930 quo
429 875 493 918 die
528 878 830 934 suspicabamur
863 885 933 920 aut
968 878 1094 934 pridie
1131 877 1391 918 Brundisium
1426 878 1582 919 venisse
1606 879 1830 921 Caesarem.
1867 880 1975 922 Nam

148 960 182 986 10
204 948 296 989 Kal.
347 949 467 1004 Arpis
517 956 730 993 manserat.
781 952 859 993 Sed
894 952 926 992 si
960 953 1199 992 Postumum
1232 949 1369 991 audire
1404 950 1538 1000 velles,
1573 956 1856 1006 persecuturus
1889 958 1975 995 erat

204 1021 396 1062 Gnaeum.
441 1023 645 1065 Transisse
691 1024 798 1065 enim
830 1026 910 1066 iam
944 1024 1114 1080 putabat
1147 1023 1375 1064 coniectura
1407 1028 1691 1078 tempestatum
1725 1040 1770 1067 ac
1804 1025 1974 1069 dierum.

206 1095 292 1149 Ego
336 1101 479 1138 nautas
523 1111 614 1138 eum
663 1113 744 1139 non
777 1097 969 1154 putabam
1014 1097 1261 1146 habiturum,
1306 1095 1373 1137 ille
1407 1095 1646 1146 confidebat,
1681 1103 1721 1138 et
1753 1113 1799 1140 eo
1832 1100 1975 1154 magiS,

206 1168 311 1223 quod
346 1169 484 1211 audita
517 1171 772 1212 naviculariis
806 1171 980 1212 hominis
1016 1170 1234 1212 liberalitas
1268 1175 1385 1211 esset.
1420 1170 1497 1211 Sed
1531 1175 1616 1212 tota
1638 1185 1699 1211 res
1729 1171 1975 1214 Brundisina

206 1242 282 1283 iam
319 1244 517 1297 quomodo
550 1244 697 1286 habeat
731 1261 770 1287 se
805 1245 958 1286 diutius
993 1245 1145 1286 nescire
1179 1259 1261 1285 non
1296 1259 1471 1298 possum.

251 1423 283 1451 δι’
313 1422 489 1454 Postumum
514 1423 628 1454 audire
657 1423 752 1453 velles
781 1433 815 1454 o:
850 1423 875 1453 si
907 1423 1066 1454 Postumo
1095 1425 1208 1465 igitur
1237 1425 1329 1456 Fam.
1380 1426 1424 1458 11.
1465 1427 1502 1456 18
1534 1433 1617 1457 extr.
1658 1426 1736 1457 VII.
1767 1426 1816 1463 20,
1849 1433 1882 1458 et
1911 1435 1976 1459 sae-

211 1477 309 1507 tidem
331 1477 451 1508 habere
474 1477 561 1509 lieet.
585 1477 748 1508 Similiter
769 1478 797 1507 si
820 1488 866 1508 me
889 1477 1000 1508 audies
1023 1478 1066 1510 le-
1096 1463 1100 1512 l
1119 1479 1202 1519 pius.

825 1598 908 1639 JV.
976 1600 1040 1651 (A.
1084 1598 1127 1639 U.
1167 1598 1208 1637 C.
1249 1598 1366 1651 705.)

279 1716 317 1755 1.
368 1714 455 1769 Ego
501 1714 572 1754 etsi
618 1713 773 1755 tamdiu
817 1713 1035 1768 requiesco,
1081 1711 1276 1768 quamdiu
1323 1717 1393 1754 aut
1436 1711 1486 1754 ad
1535 1717 1574 1753 te
1627 1712 1757 1755 scribo
1790 1718 1860 1756 aut
1892 1719 1983 1756 tuas

212 1788 347 1829 literas
394 1787 497 1842 lego,
547 1794 681 1829 tamen
726 1794 765 1829 et
814 1787 899 1843 ipse
945 1802 1042 1842 egeo
1091 1792 1326 1841 argumento
1375 1785 1633 1842 epistolarum
1677 1792 1718 1828 et
1763 1785 1841 1828 tibi
1872 1785 1981 1828 idem

217 1861 394 1903 accidere
428 1866 534 1902 certo
569 1861 665 1902 scio.
699 1861 812 1913 Quae
846 1862 953 1903 enim
986 1861 1116 1907 soluto
1150 1861 1283 1902 animo
1317 1859 1565 1901 familiariter
1604 1859 1724 1902 scribi
1758 1860 1900 1912 solent,
1936 1875 1982 1902 ea

179 1934 460 1991 5temporibus
506 1934 567 1976 his
612 1935 900 1986 excluduntur;
945 1950 1047 1990 quae
1081 1939 1214 1976 autem
1248 1942 1343 1975 sunt
1375 1933 1517 1974 horum
1549 1940 1789 1990 temporum,
1823 1949 1869 1976 ea
1901 1933 1981 1975 iam

215 2009 491 2050 contrivimus.
541 2008 619 2050 Sed
663 2014 811 2060 tamen,
859 2024 908 2050 ne
952 2024 1014 2050 me
1059 2013 1189 2050 totum
1224 2007 1468 2062 aegritudini
1502 2007 1660 2058 dedam,
1695 2008 1848 2064 sumpsi
1879 2007 1981 2049 mihi

215 2082 409 2138 quasdam
439 2087 633 2137 tanquam
667 2082 854 2138 θέσεις,
890 2097 991 2138 quae
1024 2088 1064 2123 et
1095 2078 1352 2124 πολιτικαὶ
1387 2085 1481 2122 sunt
1514 2085 1554 2122 et
1576 2085 1802 2137 temporum
1823 2080 1981 2133 horum,

215 2163 262 2196 ut
306 2162 347 2196 et
387 2155 581 2198 abducam
624 2157 803 2198 animum
847 2155 897 2197 ab
931 2156 1102 2211 querelis
1135 2160 1175 2195 et
1208 2156 1249 2195 in
1283 2170 1329 2195 eo
1362 2155 1463 2209 ipso,
1499 2154 1546 2195 de
1581 2170 1660 2208 quo
1694 2155 1840 2210 agitur,
1875 2169 1984 2196 exer-

218 2243 319 2270 cear.
353 2229 436 2271 Eae
470 2236 565 2271 sunt
598 2230 851 2271 huiusmodi:

164 2328 196 2352 ῃ,
282 2305 322 2343 2.
357 2299 425 2344 Εἰ
449 2303 679 2361 μενετέον
713 2301 768 2348 ἐν
800 2307 855 2361 τῇ
889 2297 1095 2362 πατρίδι
1136 2301 1513 2361 τυραννουμένῃ
1521 2318 1543 2355 ;
1580 2301 1984 2361 τυραννουμένης

219 2369 272 2417 δὲ
298 2372 470 2430 αὐτῆς,
496 2372 545 2418 εἰ
561 2374 714 2419 παντὶ
742 2374 901 2435 τρόπῳ
926 2369 1227 2434 τυραννίδος
1250 2371 1531 2419 κατάλυσιν
1555 2375 1981 2434 πραγματευτέον,

219 2445 317 2492 κᾶν
347 2445 500 2508 μέλλῃ
533 2442 622 2491 δια
654 2450 798 2502 τοῦτο
833 2447 939 2508 περὶ
973 2449 1075 2493 τῶν
1107 2445 1234 2492 ὅλων
1266 2447 1292 2501 η’
1326 2446 1471 2500 πόλις
1504 2442 1898 2502 κινδυνεύσειν5ἱ
1922 2445 1992 2492 Εἰ

220 2517 525 2578 εὐλαβητέον
558 2521 647 2568 τὸν
680 2520 1018 2577 καταλύοντα,
1052 2522 1120 2578 μὴ
1155 2520 1308 2573 αυτὸς
1342 2523 1578 2581 edoma&
1635 2519 1698 2565 Ei
1724 2522 1984 2582 πειρατέον

263 2688 283 2715 4·
304 2685 415 2724 solent,
438 2686 623 2727 temporibus
645 2704 683 2709 -·

268 2845 355 2886 Quae
384 2864 426 2869 --
453 2846 564 2884 solent,
594 2857 630 2878 ea
660 2865 702 2870 —
729 2844 946 2877 excluduntur.
980 2846 1080 2879 Recte
1105 2844 1109 2870 ³
1131 2846 1276 2878 technol.
1295 2845 1397 2879 .1·het.
1433 2845 1546 2877 Graec.
1585 2857 1615 2887 p.
1655 2846 1726 2878 156.
1767 2844 1986 2887 Opponuntur

224 2898 377 2930 Klotzius
407 2908 424 2930 e
453 2899 600 2940 vestigiis
628 2899 699 2930 cod.
732 2899 822 2930 Med.
845 2900 1009 2930 revocavit
1033 2909 1079 2937 ea«,
1106 2871 1110 2915 l
1132 2890 1335 2940 ὑποθέσεις,
1367 2900 1574 2941 quaestiones
1602 2900 1714 2931 finitae
1734 2899 1892 2941 personis,
1907 2903 1986 2930 tem.

225 2953 313 2993 quod
334 2953 370 2984 in
393 2953 496 2984 altero
518 2954 668 2985 membro
690 2953 873 2985 sententiae
895 2953 996 2984 adest.
1131 2956 1275 2997 poribus,
1305 2962 1365 2988 cet.
1396 2975 1437 2980 —
1465 2954 1581 2994 ,θέσεις
1621 2956 1680 2988 has
1707 2956 1922 2988 commentam·
1951 2965 1986 2987 se

265 2997 384 3044 θέσεις
411 3011 489 3037 Sunt
517 3005 664 3047 ‘infinitae
704 3005 902 3048 quaeStimlssS
933 3006 1001 3037 Sine
1031 3006 1082 3038 de·
1131 3013 1243 3044 scribit
1276 3023 1324 3054 ep.
1355 3014 1383 3051 9,
1413 3014 1441 3044 1.
1474 3012 1599 3045 Graeca
1621 3014 1699 3045 satis
1722 3013 1878 3055 expedita
1898 3015 1986 3044 sunt.

224 3061 402 3104 siynatione
421 3072 624 3103 personarum
648 3064 678 3100 e}
690 3064 867 3102 temporum,
885 3066 921 3093 ut
934 3062 979 3093 ait
991 3061 1082 3094 Cras-
1132 3066 1293 3097 Tironum
1311 3076 1409 3097 eausa
1423 3076 1542 3099 moneo
1557 3067 1784 3108 quaestionem
1795 3063 1825 3099 εἰ
1838 3075 1987 3099 συναπο·

226 3127 281 3148 sus
309 3118 349 3149 de
379 3116 433 3150 Or.
467 3117 494 3148 Ι.
523 3117 594 3148 138.
623 3117 662 3149 cf.
698 3117 775 3149 ibid.
805 3117 870 3148 111.
900 3117 970 3148 120.
994 3116 1083 3150 Orat.
1131 3116 1302 3164 γραπτέον
1331 3121 1404 3157 τοῖς
1431 3118 1607 3164 ἀρίστοις,
1639 3119 1896 3152 indicare:sitne
1911 3128 1987 3150 cum

229 3169 266 3198 46
296 3179 370 3200 cum
394 3170 503 3201 adnm·
534 3169 679 3202 Goellel’i
703 3174 732 3201 θῒ
760 3170 919 3202 ΕΥΠθδῐὶὶὃ
943 3170 974 3201 ῙΠ
998 3170 1081 3202 Lex·
1133 3176 1264 3216 optimis
1288 3185 1407 3207 nomen
1431 3177 1576 3208 dandum
1597 3183 1627 3209 et
1651 3186 1726 3208 cum
1749 3176 1788 3207 iis
1804 3185 1837 3207 se
1854 3175 1987 3206 coniun-
