2062 3565
671 165 781 208 Lm.
814 165 931 209 xv1.
965 166 1051 209 ΕΡ.
1090 150 1160 208 1'4.
1199 168 1270 209 15.
1764 167 1848 209 3⁷1

80 300 221 344 scribit
253 300 303 342 ad
337 302 462 357 patris
507 303 585 344 mei
616 308 804 358 nepotem
836 318 877 344 se
911 318 959 345 ex
992 303 1124 345 Nonis
1159 304 1221 354 iis,
1257 303 1405 358 quibus
1440 319 1512 346 nos
1548 317 1695 358 magna
1727 301 1852 356 gessi-

85 390 188 426 mus,
232 375 370 416 aedem
415 376 516 431 Opis
560 377 871 432 explicaturum,
915 377 1038 432 idque
1083 377 1132 418 ad
1179 378 1387 433 populum.
1443 377 1611 419 Videbis
1654 376 1780 431 igitur
1813 381 1853 416 et

85 446 251 490 scribes.
286 448 399 490 Sexti
431 448 630 491 iudicium
664 454 867 505 exspecto.

127 625 189 681 401¹
210 624 258 655 tui
274 634 443 665 pronepos.
466 625 507 656 In
532 626 626 657 codd.
649 625 739 666 quod
761 631 810 657 est
831 625 884 667 qui
907 626 956 656 tui

77 686 236 718 pronepos
259 677 314 709 vel
344 676 382 713 Q.
405 677 454 708 lui
470 688 627 719 pronepos
649 678 816 719 praeclare
840 689 859 710 3
880 679 953 710 Mu-

85 735 156 763 reto
178 737 363 763 correctum
394 737 452 762 est.
495 731 606 772 Quin&
635 741 756 762 nomen
788 732 841 762 bie
869 738 956 764 stare

91 784 217 826 nequit.
241 785 354 823 Quum
377 795 397 816 a
419 785 601 825 glossatore
624 785 773 816 additum
798 790 894 823 esset,
917 783 953 825 Q.

88 838 141 869 avi
165 838 200 869 in
221 838 274 879 qui
296 837 387 869 abiit.
411 837 568 870 Potuerat
591 838 708 869 Cicero
732 838 864 870 brevius
876 839 953 870 scri·

89 892 182 923 bere:
223 890 261 928 Q.
278 891 373 933 filius
394 891 503 922 scribit
525 891 571 922 ad
594 891 736 922 Marcum
759 901 866 929 meum,
896 892 953 923 sed
976 914 978 935 ,

89 954 167 976 usus
189 949 239 976 est
259 944 491 985 descriptione.
976 959 977 975 1

129 995 471 1037 Se—eoeplicaturum.
497 996 610 1027 Aedem
636 997 704 1036 opis
727 996 890 1036 explicare
905 1002 954 1028 est
976 989 977 1000 ³

90 1050 248 1087 indicare,
271 1054 434 1090 quantum
455 1049 617 1090 pecuniae
640 1049 686 1080 ibi
709 1049 810 1081 fuerit
825 1049 952 1090 deposi-

91 1109 172 1140 tum,
195 1112 261 1144 quo
297 1107 445 1142 tempore
474 1101 511 1133 C.
535 1102 654 1133 Caesar
682 1102 810 1133 occisus
842 1107 889 1133 est
921 1096 977 1140 et}

90 1156 234 1188 rationes
257 1156 348 1188 illius
371 1155 530 1197 pecuniae
553 1156 689 1196 exigere
719 1156 761 1186 ab
790 1155 951 1187 Antonio.
976 1151 977 1154 '

94 1212 138 1244 cf
169 1211 257 1243 Phil.
281 1211 309 1242 I.
332 1211 380 1243 17.
405 1211 450 1242 ΙΙ.
475 1211 513 1242 35
538 1216 570 1242 et
593 1211 643 1242 93.
685 1210 751 1242 Sed
773 1211 954 1251 quaeritur,

90 1276 157 1308 quo
179 1266 251 1297 iure
272 1265 335 1296 hoc
358 1263 465 1296 facere
488 1265 633 1306 potuerit
657 1264 699 1302 Q.
723 1264 821 1295 filius.
856 1263 952 1301 Sunt,

91 1320 150 1361 qui
179 1319 361 1351 conficiant
393 1328 470 1350 eum
505 1318 565 1349 illo
600 1323 747 1359 tempore
780 1318 953 1349 tribunum

93 1375 136 1416 pl.
160 1374 271 1412 fuisse,
295 1374 362 1411 alii,
386 1373 444 1414 qui
467 1373 610 1404 aedilem
633 1373 767 1404 faciant.
791 1371 854 1404 Cui
876 1382 951 1404 con-

694 1514 791 1558 XV.

1000 627 1143 658 iecturae
1154 637 1255 668 quum
1270 627 1335 658 alia
1352 627 1457 658 multa
1473 626 1615 663 obstant,
1629 630 1699 657 tum
1711 624 1861 656 maxime

1000 685 1088 711 aetas
1110 679 1152 718 Q.
1176 679 1356 718 Ciceronis,
1380 680 1437 721 qui
1468 689 1570 721 quum
1601 689 1629 710 3.
1652 677 1713 711 703
1746 683 1858 717 togam

1001 733 1133 765 virilem
1156 734 1281 775 aceepit
1303 735 1391 774 (Att.
1414 734 1457 765 V.
1481 734 1530 771 20,
1553 734 1598 774 9),
1624 742 1712 764 nunc
1734 741 1857 762 annum

1001 786 1115 818 aetatis
1138 786 1335 818 vicesimum
1364 787 1499 818 tertium
1530 786 1650 826 agebat
1681 791 1735 816 aut
1766 794 1859 826 quar-

1000 846 1070 871 tum
1113 840 1250 872 Cautius
1274 841 1383 882 itaque
1413 849 1591 881 sequemur
1623 838 1860 878 Mongnfflium,

1000 894 1058 934 qui
1083 898 1175 934 putat
1198 893 1365 932 Quintum
1388 893 1553 934 privatum
1576 901 1615 923 eo
1637 891 1773 922 nomine
1789 890 1860 922 An·

976 978 977 986 ¹
1000 947 1129 978 tonium
1154 948 1195 978 ad
1218 947 1375 987 populum
1399 955 1551 977 accusare
1584 944 1739 981 voluisse,
1772 949 1860 974 certe

999 999 1034 1030 id
1057 999 1172 1030 Marco
1194 999 1407 1039 significasse.
1442 997 1508 1030 Sed
1544 998 1655 1028 minus
1684 1001 1770 1027 recte
1798 995 1860 1026 hoc

975 1059 977 1083 ¹,
1002 1063 1037 1084 se
1059 1052 1222 1084 facturum
1251 1053 1376 1084 diceret
1405 1062 1443 1083 ez
1477 1051 1577 1082 Nonis
1610 1050 1860 1086 Decembribus,

1002 1116 1103 1146 quum
1127 1112 1217 1137 certo
1240 1111 1386 1146 tempore
1408 1114 1506 1136 causa
1523 1110 1608 1135 esset
1620 1103 1758 1144 agenda.
1783 1101 1861 1133 For-

1000 1164 1085 1190 tasse
1109 1159 1254 1200 scripsit:
1281 1177 1322 1182 -
1343 1168 1376 1189 se
1399 1167 1466 1188 exse
1489 1156 1586 1188 Nonis
1613 1161 1673 1187 cet.
1901 1184 1904 1187 .

1043 1210 1131 1242 Sexti
1151 1211 1301 1242 iudicium
1325 1212 1478 1252 exspecta.
1519 1208 1563 1241 Cf
1601 1219 1650 1250 ep.
1681 1208 1730 1245 11,
1756 1208 1770 1238 l
1819 1207 1862 1237 Tu

1001 1276 1072 1296 vero
1095 1266 1179 1306 (eyes
1201 1264 1296 1296 Sexto
1320 1266 1390 1306 (up.
1414 1264 1597 1295 orationem
1619 1262 1712 1293 illam
1743 1262 1777 1292 in
1812 1261 1860 1293 M.

1000 1318 1206 1354 Antonium)
1229 1317 1355 1359 eiusque
1378 1316 1526 1348 mdia-ium
1550 1315 1624 1346 milti
1641 1314 1825 1356 perscribe-r.

858 1517 924 1570 (A.
967 1516 1011 1556 U.
1051 1515 1092 1554 C.
1131 1513 1249 1566 710.)
1474 1521 1490 1536 ·

161 1659 200 1698 1.
247 1656 345 1699 Noli
387 1659 526 1711 putare
570 1654 734 1710 pigritia
768 1670 830 1696 me
864 1653 1008 1704 facere,
1043 1653 1150 1709 quod
1183 1668 1265 1694 11011
1300 1667 1385 1692 mea
1419 1666 1541 1692 11131111
1575 1650 1760 1700 scribam,
1796 1649 1863 1691 sed

99 1729 324 1772 mehercule
369 1728 548 1784 pigritia.
604 1727 722 1769 Nihil
766 1728 873 1769 enim
923 1727 1051 1769 habeo
1095 1725 1206 1768 aliud
1251 1725 1358 1780 quod
1404 1724 1549 1774 dicam,
1584 1729 1625 1764 et
1656 1729 1790 1764 tamen
1823 1722 1865 1763 in

95 1803 178 1845 tuis
217 1817 375 1857 quoque
420 1801 600 1857 epistolis
646 1801 802 1842 Alexim
838 1801 975 1843 videor
1009 1815 1236 1856 agnoscere.
1288 1798 1365 1841 Sed
1399 1798 1449 1839 ad
1483 1813 1565 1838 rem
1598 1797 1729 1838 venio.
1764 1796 1865 1849 Ego,

98 1877 132 1917 si
177 1891 239 1917 me
285 1891 366 1917 non
415 1874 711 1930 improbissime
745 1875 955 1916 Dolabella
988 1879 1213 1925 tractasset,
1248 1872 1494 1914 dubitassem
1529 1870 1693 1911 fortasse
1728 1872 1863 1909 utrum

99 1949 301 1991 remissior
344 1963 485 1998 essem,
531 1963 583 1989 an
616 1962 772 1988 summo
805 1948 892 1989 iure
926 1947 1223 1989 contenderem.
1277 1946 1399 1987 Nunc
1433 1958 1524 1984 vero
1557 1943 1674 1984 etiam
1709 1939 1865 1996 gaudeo

100 2021 199 2062 mihi
243 2035 403 2062 causam
451 2019 643 2071 oblatam,
687 2020 731 2061 in
777 2035 855 2076 qua
899 2028 940 2062 et
983 2021 1068 2076 ipse
1109 2020 1257 2061 sentiat
1299 2024 1339 2060 et
1371 2017 1515 2071 reliqui
1549 2029 1686 2056 omnes
1719 2028 1781 2054 me
1815 2011 1865 2053 ab

99 2094 169 2136 illo
214 2093 500 2144 abalienatum,
545 2092 667 2148 idque
712 2108 805 2149 prae
855 2109 917 2135 me
950 2093 1090 2144 feram,
1125 2100 1164 2134 et
1198 2091 1358 2147 quidem
1394 2105 1481 2131 mea
1513 2103 1633 2129 causa
1666 2086 1793 2128 facere
1827 2093 1866 2126 et·

101 2168 159 2209 rei
201 2167 401 2223 publicae,
446 2166 518 2221 qui
559 2165 675 2207 illum
720 2165 886 2218 oderim,
926 2167 1049 2222 quod,
1085 2182 1209 2222 quum
1244 2181 1328 2207 eam
1364 2179 1426 2204 me
1460 2168 1620 2204 auctore
1654 2158 1865 2200 defendere

146 2331 164 2361 8
187 2332 217 2360 e!
239 2328 363 2368 quidem
387 2328 468 2371 [me]
491 2340 559 2361 mea
581 2332 598 2366 †
611 2330 732 2371 facere
755 2333 785 2361 et
808 2331 854 2361 rei
871 2330 1020 2371 publicae
1042 2341 1150 2368 causa,
1175 2340 1230 2361 cur
1250 2329 1339 2360 illum
1366 2347 1405 2351 —

147 2484 166 2523 ξ
190 2485 217 2514 1.
240 2483 304 2515 Sed
312 2485 488 2516 mehercule
493 2485 639 2526 piqritia.
661 2486 844 2518 Pulchrum
854 2496 967 2519 exem·
986 2499 988 2518 ;
1054 2489 1093 2520 Et
1115 2489 1235 2531 quidem
1258 2499 1325 2520 mea
1348 2497 1442 2520 causa
1458 2487 1574 2526 s'acere
1594 2485 1625 2515 et
1649 2483 1695 2514 rei
1712 2481 1870 2523 publicae,

105 2538 199 2579 plum
220 2534 413 2583 ὄξυμὼρθυ»
435 2547 477 2568 ex
500 2538 617 2570 eodem
628 2548 750 2578 genere
765 2545 864 2580 atque
884 2539 967 2570 illud
987 2536 989 2574 ἶ
1011 2543 1064 2584 qui
1093 2542 1182 2574 illum
1213 2542 1342 2573 oderim.
1387 2540 1502 2579 Vulgo
1537 2539 1686 2569 inserunt
1721 2544 1767 2564 me
1795 2540 1871 2564 311ιο

107 2594 212 2626 Plinii
233 2595 275 2626 dc
295 2598 426 2626 oratore
457 2594 600 2634 quodam
633 2593 726 2625 Nihil
751 2598 874 2634 peccat,
905 2595 968 2625 nisi
987 2578 990 2594 ¹
1012 2606 1090 2634 mea,
1113 2602 1146 2628 et
1167 2605 1268 2637 quum
1291 2595 1326 2626 in
1348 2594 1420 2625 cod.
1444 2593 1544 2629 Med„
1567 2592 1607 2621 de
1627 2598 1691 2630 quo
1705 2587 1776 2618 solo
1792 2596 1870 2617 con-

106 2646 189 2690 quod
210 2647 293 2678 nillil
310 2649 432 2688 peccat,
455 2647 516 2688 Ep.
532 2646 597 2678 IX.
619 2647 660 2678 26
672 2647 728 2684 in.,
745 2655 777 2678 et
791 2647 967 2688 Scipionis,
988 2669 992 2701 ἰ
1013 2654 1087 2686 stat,
1110 2650 1270 2690 scriptum
1292 2649 1336 2679 sit
1356 2648 1407 2679 cui
1428 2646 1518 2677 illum
1541 2643 1669 2679 oderim,
1691 2642 1750 2672 alii
1772 2640 1871 2680 scrip-

108 2703 196 2744 quod
217 2702 362 2734 servavit
383 2701 451 2733 Cic.
476 2699 541 2734 Off.
565 2701 630 2732 111.
647 2701 722 2738 1,1.
745 2701 844 2732 Nube
858 2711 969 2733 exem·
1014 2707 1129 2734 serunt
1161 2706 1196 2732 ut
1225 2702 1246 2732 i.
1277 2700 1326 2732 od.
1351 2700 1408 2731 alii
1440 2709 1497 2730 cur
1526 2697 1548 2728 i.
1570 2696 1621 2727 od.
1645 2694 1730 2726 Mihi
1759 2694 1870 2723 autem

109 2757 239 2798 plorum
261 2766 279 2789 0
301 2756 515 2798 scriptoribus
545 2754 679 2787 Graecis
713 2761 745 2787 et
777 2755 908 2787 Latinis
931 2754 969 2787 C.
1015 2754 1132 2787 Cicero
1154 2755 1322 2796 scripsisse
1345 2754 1492 2784 videtur:
1528 2750 1621 2791 idque
1647 2756 1730 2788 prae
1759 2756 1805 2776 me
1817 2746 1873 2785 se-

109 2810 349 2842 Rittershusius
382 2810 423 2840 ad
452 2807 596 2850 Oppiani
630 2808 759 2850 Cyneg.
796 2810 821 2839 I.
846 2819 875 2839 v.
909 2808 972 2839 260
1015 2818 1093 2844 ram,
1115 2817 1162 2838 me
1183 2807 1304 2848 quidem
1326 2816 1386 2837 non
1409 2815 1477 2835 mea
1498 2811 1593 2834 causa
1607 2801 1733 2840 facere,
1755 2796 1812 2828 sed
1826 2795 1874 2828 rei

109 2862 195 2893 ΜΗΘ
217 2863 359 2903 figuram
385 2861 573 2892 illustravit·
1012 2859 1168 2899 publicae,
1190 2859 1243 2901 qm·
1263 2859 1353 2890 mam
1374 2856 1503 2888 oderim.
1525 2852 1687 2893 Quamvis
1710 2850 1801 2882 enim
1820 2847 1872 2880 ci-

153 2915 276 2946 Aletn'm
299 2925 336 2946 οι
361 2923 498 2945 manum
509 2913 677 2950 Alexidis,
692 2913 970 2953 libertitui,quae

111 2977 212 3008 prope
236 2967 411 2999 accedebat
432 2967 473 2997 ad
506 2966 763 2997 similitudinem
791 2965 972 3006 scripturae

113 3021 254 3063 patroni.
276 3020 330 3052 Cf.
353 3020 434 3051 Vn.
457 3021 486 3057 2,
510 3019 538 3050 3.

149 3073 218 3104 ‘Sed
238 3074 284 3104 ad
302 3083 364 3104 rem
390 3072 480 3103 venio
502 3082 537 3102 o:
561 3072 602 3102 ad
624 3081 672 3109 ea,
695 3081 779 3113 quae
801 3071 918 3103 scribis
932 3071 973 3102 de

115 3126 300 3163 Dolabella,
334 3135 408 3156 11100
441 3125 600 3156 debitore.
645 3123 694 3154 Cf.
726 3123 825 3155 XIV.
860 3124 907 3159 18,
942 3123 971 3153 l.

116 3178 217 3211 XVI.
240 3181 269 3217 3,
293 3182 322 3210 5.

1016 2921 1092 2944 cero
1125 2922 1219 2943 suam
1254 2919 1386 2952 quoque
1423 2908 1576 2940 iniuriam
1618 2903 1732 2934 ulcisci
1762 2901 1872 2937 vellet,

1017 2964 1151 2996 volebat
1186 2970 1297 2995 tamen
1338 2961 1443 2993 videri
1480 2959 1526 2990 rei
1555 2957 1706 2998 publicae
1738 2953 1873 2985 nomine

1017 3027 1114 3058 agere
1137 3018 1171 3049 in
1195 3015 1415 3048 Dolabellam.

1061 3069 1240 3110 Defendere
1261 3068 1423 3108 coepmet.
1450 3066 1499 3097 (js.
1524 3064 1618 3104 epist.
1642 3058 1811 3092 Ciceronis
1834 3057 1876 3088 ad

1020 3122 1137 3154 Dolab.
1162 3129 1233 3163 post
1257 3132 1305 3162 cp.
1333 3120 1378 3157 17,
1404 3120 1459 3150 lib.
1483 3117 1580 3148 XIV.

1063 3175 1132 3214 §2
1163 3175 1335 3210 i'onsulni,
1365 3182 1448 3212 qnae
1483 3173 1521 3201 (10
1552 3170 1583 3199 11.
1616 3168 1635 3197 l.
1666 3166 1876 3206 disputarunt

1606 3223 1691 3265 245)ε
