2062 3565
163 141 250 182 364
558 145 641 185 ΕΡ.
676 146 752 186 AD
784 146 830 186 T.
866 145 1216 189 POMPONIUM
1251 147 1514 189 ATTICUM.

160 277 262 319 vallo
305 279 532 330 Luciliano,
567 295 657 321 eum
691 295 737 321 ex
773 281 866 322 Gaii
901 281 1016 324 Fadij
1049 282 1131 324 fih‘a
1163 281 1309 324 liberos
1342 281 1544 325 habuisse.
1590 286 1722 342 Atque
1755 288 1910 330 utinam

157 365 248 392 eum
292 351 396 394 diem
441 353 610 404 videam,
654 368 777 408 quum
821 354 898 395 ista
931 355 1058 396 oratio
1087 356 1144 397 ita
1175 354 1298 397 libere
1332 360 1511 411 vagetur,
1545 363 1592 399 ut
1623 359 1743 401 etiam
1775 360 1818 402 in
1852 361 1911 403 Si-

157 440 224 466 cae
268 425 431 467 domum
474 427 670 469 introeat!
716 427 793 469 Sed
827 428 895 469 illo
929 434 1104 484 tempore
1137 445 1237 486 opus
1270 434 1343 480 est,
1379 429 1485 485 quod
1518 430 1598 473 fuit
1627 432 1708 474 1]st
1741 435 1909 477 111viris.

158 498 319 549 Moriar,
362 499 441 540 nisi
485 499 631 542 facete!
676 502 738 542 Tu
770 517 861 543 vero
896 502 1002 557 leges
1035 504 1155 545 Sexto
1187 504 1352 559 eiusque
1383 504 1580 546 iudicium
1613 506 1714 548 mihi
1745 508 1911 563 perscri-

119 585 133 609 5
156 570 237 611 bes.
274 565 365 623 Εἰς
398 570 511 628 ἐμοὶ
543 571 731 633 μύριοι.
765 574 904 616 Caleni
936 575 1208 618 interventum
1241 585 1282 618 et
1314 576 1511 619 Calvenae
1530 578 1702 620 cavebis.
1724 582 1764 621 2.
1788 580 1909 633 Quod

154 644 297 686 vereris
346 661 394 686 ne
428 639 709 703 ἀδόλεσχος
741 647 842 688 mihi
873 653 933 698 tu,
968 648 1057 703 quis
1089 649 1249 691 minus?
1282 650 1361 700 cui,
1396 654 1442 691 ut
1475 650 1736 707 Aristophani
1768 653 1910 694 Archi-

152 717 258 759 lochi
302 719 473 770 iambus,
520 720 575 761 sic
620 721 787 775 epistola
819 721 1052 777 longissima
1085 738 1266 779 quaeque
1300 724 1451 779 optima
1485 723 1656 767 videtur.
1691 725 1813 772 Quod
1847 741 1909 768 me
2050 726 2062 795 1}

153 791 355 843 admones,
398 798 445 834 tu
489 809 580 835 vero
625 794 781 836 etiamsi
825 795 1148 851 reprehenderes,
1193 812 1274 838 non
1317 797 1435 838 modo
1479 797 1593 840 facile
1636 803 1804 854 paterer,
1838 799 1909 841 sed
2053 799 2062 851 l

152 866 272 907 etiam
305 866 494 918 laetarer;
529 867 676 924 quippe
699 883 823 923 quum
847 869 890 910 in
908 870 1213 926 reprehensione
1236 876 1296 913 est
1318 871 1531 927 prudentia
1554 887 1645 914 cum
1667 870 1903 933 εὐμενειᾲ.
2051 854 2062 897 ,³

96 949 129 975 10
152 939 216 981 Ita
248 938 419 981 libenter
451 955 496 982 ea
531 941 739 996 corrigam,
774 957 874 998 quae
909 958 931 984 a
963 947 1002 984 te
1046 943 1322 986 animadversa
1354 949 1462 986 sunt.
1526 946 1667 987 Eodem
1700 947 1799 999 iare,
1835 963 1909 1002 quo

196 1120 209 1149 1
235 1121 251 1154 ψ
273 1119 358 1150 vano
379 1137 420 1142 -
445 1118 532 1149 caza·
555 1118 650 1150 Fadiz·
673 1137 713 1143 -
737 1120 754 1151 3
776 1130 851 1161 opus
873 1123 928 1158 est,
951 1124 968 1158 †
989 1122 1071 1164 quoa
1084 1121 1155 1162 fua
1178 1120 1246 1152 illis
1268 1121 1440 1153 triumviris
1463 1140 1500 1146 -
2046 1093 2062 1216 Ξ

148 1287 276 1320 ciliano.
299 1288 424 1321 Ceteris
447 1291 652 1330 coniecturis,
676 1303 756 1334 quas
772 1295 907 1335 quidem
922 1295 1002 1335 vidi,
1026 1289 1030 1317 ’ἶ
1050 1291 1178 1325 Orellio
1210 1293 1470 1334 comprobatam:
1509 1307 1522 1320 u
1536 1311 1578 1316 —
1609 1304 1667 1335 quo
1690 1294 1820 1334 fuerint
1856 1293 1907 1324 illi

149 1341 301 1372 omnibus
328 1342 411 1379 silla,
445 1343 521 1380 sale,
544 1341 661 1389 ὖὲλῳ,
690 1342 796 1390 ὖλλῳ,
811 1346 905 1387 felle,
928 1346 999 1381 bile,
1025 1332 1181 1385 llllviri,
1225 1347 1286 1379 hoc
1328 1353 1384 1386 est,
1419 1358 1521 1389 quum
1562 1348 1719 1389 perierint
1767 1347 1908 1379 Antonii

148 1398 236 1438 quod
257 1399 342 1429 coni.
366 1400 526 1437 Moserus,
550 1400 655 1441 Symb
690 1402 769 1434 Crit.
794 1403 935 1444 V111.p.
951 1404 1000 1441 21,
1049 1400 1174 1438 fratres,
1197 1402 1338 1439 Marem,
1368 1402 1503 1440 Lucius,
1528 1402 1661 1434 Caius.”
1692 1402 1816 1443 Scripsi
1839 1403 1906 1434 111-

147 1451 208 1482 hoc
243 1452 389 1483 maxime
419 1453 535 1490 obstat,
569 1455 657 1494 quod
687 1462 756 1486 tum
787 1456 866 1487 haec
901 1457 1000 1488 verba
1023 1444 1025 1481 l
1048 1455 1137 1493 vitis,
1173 1457 1260 1496 quod
1295 1457 1578 1497 pronuntiandum
1609 1462 1658 1488 est
1689 1456 1789 1488 tribas
1819 1457 1906 1495 viris,

147 1512 253 1543 neque
284 1514 359 1534 cum
391 1501 515 1542 παῖδες
541 1502 690 1546 παίδων,
716 1518 823 1549 neque
844 1519 919 1540 cum
942 1508 1001 1539 sci·
1022 1499 1025 1522 1
1048 1519 1114 1539 non
1138 1516 1175 1540 ut
1197 1510 1235 1541 fit
1260 1510 1393 1542 barbare
1416 1510 1596 1541 triumviris.

145 1566 202 1593 ant
226 1569 411 1595 constructa
438 1565 555 1596 bonam
579 1567 738 1606 praebent
759 1569 965 1599 sententiam.
1022 1581 1024 1607 !
1093 1561 1136 1592 Tu
1159 1573 1231 1593 cero
1253 1563 1337 1602 leycs
1359 1563 1542 1594 orationem
1573 1562 1664 1594 illam
1686 1562 1780 1594 Sexto
1802 1562 1908 1595 Pedu-

187 1615 235 1646 E.r
257 1616 331 1647 Gaii
350 1617 446 1648 Fadii
455 1618 544 1659 filia.
567 1618 622 1650 Sic
645 1621 758 1662 utique
778 1621 999 1659 scribendum,
1022 1626 1025 1668 ζ
1046 1627 1134 1655 8880,
1168 1628 1268 1659 (1118111
1300 1618 1416 1650 Cicero
1448 1619 1483 1650 in
1516 1618 1623 1659 epistt.
1654 1619 1696 1650 ad
1728 1619 1799 1651 Att.
1822 1619 1908 1652 solet

144 1680 210 1701 non
241 1670 328 1700 Galli
356 1670 461 1702 Fadiz'.
494 1672 580 1703 Nam
609 1670 708 1704 homo
741 1673 798 1705 ille
826 1673 1024 1705 libertinus

145 1723 248 1764 (Phil.
278 1724 323 1755 II.
356 1724 384 1755 3.
408 1726 472 1756 III.
497 1725 561 1765 17),
585 1736 602 1757 e
623 1727 717 1758 cuius
740 1728 807 1758 filia
830 1728 999 1759 Antonius
1022 1752 1025 1757 .

143 1779 264 1811 liberos
301 1780 487 1818 sustulerat,
520 1783 741 1814 manumissus
775 1794 792 1814 a
829 1784 865 1815 C.
896 1784 1024 1818 Fadio.

142 1833 239 1866 Gallo
270 1836 398 1876 patroni
431 1846 631 1877 praenomen
662 1843 693 1870 et
722 1849 843 1871 nomen
875 1837 1024 1887 accepitJ

142 1897 184 1919 ex
208 1897 306 1925 inore,
331 1889 386 1920 sed
408 1891 607 1928 cognomine
629 1891 797 1923 abstinuit.
821 1893 997 1924 (fodieibus

141 1946 250 1972 autem
280 1941 314 1972 in
344 1941 404 1972 hac
435 1953 469 1974 re
501 1953 567 1974 non
591 1944 732 1975 nimium
757 1945 857 1976 tribui
879 1947 994 1983 debet:

140 2003 216 2023 nam
239 2000 275 2025 ut
296 1994 350 2025 hic
375 1994 447 2025 Gaii
470 1996 542 2027 loco
564 1997 643 2028 dant
669 1997 756 2028 Galli
779 1999 830 2029 vel
850 1998 933 2036 Gali,
950 2000 996 2030 sic
1020 2028 1021 2041 3

139 2046 217 2076 XV.
250 2047 297 2084 13,
328 2049 346 2077 3
375 2047 409 2078 in
438 2049 591 2080 omnibus
621 2061 678 2091 pro
711 2051 789 2081 Gaio
818 2057 868 2082 est
892 2052 995 2083 Gallo.

137 2100 185 2130 At
215 2099 331 2136 obstat,
360 2101 447 2140 quod
482 2101 539 2132 ille
571 2102 642 2133 1080
671 2103 771 2134 citato
794 2114 810 2135 e
833 2104 922 2135 Phil.
945 2106 992 2136 ΙΙ.
1018 2122 1020 2136 ι

138 2151 172 2191 Q.
202 2152 319 2183 Fadius
350 2154 542 2194 appellatur.
576 2156 700 2194 Audio,
726 2159 784 2188 sed
806 2168 873 2189 non
897 2159 992 2190 video

132 2216 189 2237 cur
217 2207 393 2244 codicibus,
424 2218 507 2248 quae
540 2219 612 2240 eam
642 2212 827 2244 orationem
849 2219 990 2252 servant,
1016 2198 1019 2217 Ἰ

130 2260 203 2300 plus
232 2260 395 2291 tribuatur
427 2263 640 2301 auctoritatis,
663 2275 763 2305 (1118111
785 2266 834 2303 iis,
858 2267 915 2308 qui
937 2268 991 2298 hie
1014 2256 1017 2305 ‘j

129 2314 318 2354 conspirant
351 2315 384 2345 111
415 2315 480 2346 8110
509 2319 732 2356 praenomine.
763 2321 872 2351 Immo
895 2320 1017 2365 facile3

129 2366 170 2398 G.
190 2367 224 2398 in
248 2367 290 2406 Q.
313 2369 484 2409 depravari
507 2372 613 2411 potuit
635 2377 667 2404 et
697 2382 739 2404 ex
761 2374 793 2405 h.
817 2375 839 2405 l.
861 2376 990 2407 restitui
1014 2379 1015 2395 l

129 2419 236 2451 debet.
1014 2416 1017 2466 Ϊ

170 2474 232 2505 Sed
250 2473 308 2505 mo
331 2476 465 2515 tempore
492 2486 567 2517 opus
589 2480 647 2515 est,
666 2479 907 2520 -quodsuz'tillis
919 2481 990 2512 III.
1013 2474 1016 2509 ῖ

128 2526 214 2558 viris.
247 2526 337 2558 Dicit
363 2526 488 2565 Cicero,
518 2535 555 2560 ut
585 2530 709 2571 ubique
731 2532 863 2573 legatur
885 2535 988 2566 oratio

130 2592 187 2613 sua
217 2582 252 2613 in
274 2582 322 2613 M.
347 2582 545 2621 Antonium,
577 2594 658 2626 opus
681 2595 751 2617 esse
773 2592 928 2629 tempore,
953 2589 987 2620 in

129 2646 194 2677 quo
216 2646 338 2676 magna
358 2643 513 2676 regnaret
542 2637 676 2670 libertas
698 2641 828 2672 dicendi
852 2648 883 2674 et
906 2644 985 2674 scri-

131 2690 239 2722 bendi.
262 2690 328 2721 Sed
356 2690 440 2722 illud
470 2695 595 2732 tempus
619 2693 770 2735 designat
792 2696 918 2728 ratione
941 2697 986 2728 fa·

129 2750 210 2782 ceta,
231 2753 314 2786 quae
336 2753 379 2775 ex
401 2744 511 2785 aliqua
535 2745 638 2777 Attici
660 2748 797 2788 epistola
819 2750 919 2790 petita
942 2751 988 2781 vi·
1011 2769 1013 2779 2

130 2799 234 2836 detur,
263 2798 323 2839 qui
351 2797 549 2839 Pompeium
571 2804 602 2831 et
625 2800 808 2840 Caesarem,
832 2813 898 2834 non
911 2804 988 2845 (11118

131 2853 310 2893 aliquando
331 2862 404 2882 cum
430 2851 547 2884 Crasso
568 2855 734 2887 coniuncti
757 2857 938 2898 plurimum
953 2859 988 2889 in

132 2916 197 2947 rep.
221 2910 401 2947 potuerant,
429 2907 487 2937 sed
517 2909 605 2947 quod
628 2914 765 2950 uterque
788 2913 853 2940 tres
875 2922 990 2943 uxores
1011 2909 1014 2978 ἰ

131 2959 299 2995 habuerat,
329 2958 557 2990 nominaverat
590 2959 744 2992 IIIvz'ros.
783 2963 881 2994 Hanc
912 2973 989 2995 con-

133 3014 291 3044 iecturam
313 3022 331 3042 a
353 3011 454 3043 Bosio
476 3013 577 3044 verbo
599 3015 760 3054 prolatam
785 3017 868 3048 bene
882 3018 989 3049 muni-

135 3068 182 3098 vit
204 3066 389 3103 Sebuinus,
411 3076 472 3098 nec
494 3068 591 3099 video
613 3069 691 3110 quid
713 3071 742 3102 ei
765 3071 864 3102 obiici
878 3073 989 3113 possit.

1047 1671 1118 1702 solo
1141 1671 1354 1712 praenomine
1378 1671 1533 1702 indicare.

1092 1729 1203 1759 Caleni
1235 1729 1444 1759 interventum
1477 1731 1508 1759 et
1541 1728 1697 1759 Calvenae
1727 1728 1849 1759 cavebis
1872 1739 1907 1760 o:
1948 1734 1950 1736 ’

1047 1782 1178 1814 cavebis
1212 1791 1254 1813 ne
1284 1782 1343 1812 illa
1365 1782 1470 1813 oratio
1492 1782 1647 1813 recitetur
1668 1791 1779 1813 coram
1801 1782 1907 1813 Anto-

1047 1836 1093 1867 nii
1129 1836 1253 1867 amicis.
1281 1835 1356 1866 Duo
1387 1836 1546 1873 nominat,
1577 1845 1718 1876 quorum
1751 1835 1836 1867 alter
1857 1841 1906 1867 est

1022 1889 1087 1928 lQ.
1118 1889 1231 1920 Fufius
1271 1888 1418 1926 Calenus,
1451 1889 1507 1929 qui
1538 1895 1648 1929 aperte
1676 1889 1725 1920 M.
1755 1888 1906 1920 Antonio

1021 1939 1023 1946 ’
1045 1944 1186 1981 favebat,
1211 1944 1299 1975 Phil.
1322 1944 1405 1975 XII.
1432 1945 1468 1981 13
1492 1944 1632 1976 alterum
1661 1945 1736 1976 ficto
1769 1945 1905 1976 nomine

1044 1999 1206 2039 designat,
1239 2007 1305 2038 (1110
1334 2008 1411 2028 usus
1437 2003 1485 2029 est
1508 1997 1607 2028 XIV.
1630 1999 1658 2035 2,
1681 1997 1700 2028 2
1723 2003 1756 2029 et
1779 1998 1797 2028 9
1819 2003 1905 2030 extr.

1044 2054 1085 2084 ad
1107 2053 1320 2084 indicandum
1343 2051 1379 2083 C.
1398 2044 1550 2083 Matium'.
1573 2053 1686 2093 Atque
1708 2053 1749 2083 ad
1761 2053 1904 2084 eundem

1043 2116 1133 2136 nunc
1166 2105 1283 2146 respici
1315 2104 1495 2136 verisimile
1526 2105 1564 2136 fit
1596 2114 1639 2136 ex
1671 2104 1775 2146 ipsius
1806 2105 1903 2138 Matii

1042 2158 1181 2199 epistola
1218 2158 1361 2198 quadam
1390 2157 1485 2188 Fam.
1515 2157 1580 2188 XI.
1614 2157 1663 2194 28,
1692 2156 1726 2187 in
1755 2167 1821 2197 qua
1843 2158 1860 2197 ξ
1883 2157 1901 2189 7

1041 2211 1154 2242 scribit
1188 2220 1222 2241 se
1244 2210 1390 2241 consulis
1413 2210 1555 2241 Antonii
1578 2210 1715 2241 domum
1737 2219 1833 2251 saepe
1855 2219 1903 2241 sa-

1040 2264 1169 2295 lutandi
1192 2273 1290 2294 causa
1313 2263 1436 2294 venire.
1469 2264 1596 2304 Aperte
1619 2262 1740 2294 erravit
1762 2262 1902 2303 scriptor

1040 2316 1197 2354 Gallicus,
1220 2316 1277 2357 qui
1300 2316 1335 2347 111
1358 2316 1441 2357 disp.
1464 2316 1504 2347 de
1528 2326 1563 2348 re
1577 2316 1707 2347 scenica
1720 2320 1799 2347 vett.
1813 2325 1901 2346 anno

1041 2371 1122 2402 1839
1146 2370 1233 2401 edita
1254 2370 1290 2401 in
1313 2370 1441 2407 horreo,
1475 2370 1562 2411 quod
1584 2369 1775 2401 inscribitur
1796 2369 1901 2400 Revuc

1014 2427 1016 2451 ἑ
1040 2423 1095 2454 des
1118 2424 1201 2454 deux
1230 2422 1364 2461 monde-5,
1398 2423 1464 2454 hic.
1488 2422 1545 2464 Sp.
1567 2422 1733 2454 Maecium
1756 2422 1900 2463 Tarpam

1038 2479 1297 2520 intelligendum
1320 2488 1390 2511 esse
1412 2479 1551 2510 censuit.

1080 2533 1098 2572 ξ
1121 2532 1150 2562 2.
1178 2531 1216 2562 Ut
1240 2531 1448 2573 Aristophani
1460 2531 1646 2563 Archilochi
1656 2531 1784 2562 iambus.
1798 2531 1900 2563 Recte

1013 2580 1015 2605 '³
1038 2592 1177 2617 monent
1198 2585 1392 2626 interpretes
1420 2584 1680 2626 Aristophanem
1701 2593 1771 2616 esse
1792 2594 1898 2625 gram-

1037 2640 1197 2670 maticum
1224 2639 1508 2676 Alexandrinum,
1538 2639 1666 2680 saepius
1695 2649 1715 2670 a
1736 2638 1899 2671 Cicerone

1037 2694 1217 2724 laudatum.
1239 2693 1321 2724 Post
1351 2693 1485 2733 epistola
1507 2693 1598 2724 deest
1618 2695 1685 2730 tua,
1707 2697 1745 2724 ut
1764 2692 1898 2724 Lambi-

1035 2757 1098 2779 nus
1117 2747 1211 2779 vidit.

1077 2800 1192 2832 Eodem
1225 2800 1304 2839 iure,
1337 2811 1396 2841 quo
1428 2799 1600 2831 Rabriana.
1633 2799 1720 2831 Phil.
1754 2800 1801 2831 Π.
1835 2800 1895 2831 103

1037 2864 1126 2885 1111118
1156 2854 1295 2895 legitur:
1325 2872 1366 2877 —
1398 2853 1531 2884 advolas
1552 2853 1585 2884 in
1607 2853 1653 2884 JI.
1683 2852 1834 2885 Varronis
1854 2870 1896 2876 —

1027 2908 1165 2949 fundam
1190 2907 1375 2939 Casinatem.
1403 2907 1469 2948 Quo
1489 2907 1587 2939 iure?
1601 2917 1660 2949 quo
1674 2907 1759 2938 ore?
1769 2906 1894 2944 Eodem,

1036 2964 1168 3005 znquieS,
1196 2973 1254 3005 qao
1286 2964 1319 2994 in
1341 2963 1489 2994 heredum
1510 2963 1547 2994 J..
1569 2963 1687 3001 Rubrii,
1709 2973 1767 3004 quo
1787 2963 1822 2994 in
1843 2963 1894 2994 he-

1038 3016 1143 3047 redum
1166 3015 1202 3046 L.
1227 3015 1361 3046 Turselii
1367 3015 1514 3055 praedia.
1539 3014 1664 3052 Cicero,
1681 3024 1782 3056 quum
1796 3015 1893 3046 initio

1038 3070 1226 3110 scripserat:
1249 3068 1371 3106 Eodem,
1397 3078 1454 3110 quo
1477 3069 1510 3099 in
1530 3068 1692 3108 Scipionis,
1715 3069 1756 3099 ab
1777 3068 1893 3099 Attico

136 3118 252 3160 Itaque
274 3129 342 3150 11011
365 3119 477 3159 prob0‚
499 3121 555 3152 sed
578 3121 719 3153 aliorum
730 3133 828 3154 causa
839 3124 990 3156 describo
1011 3122 1015 3178 Ι
1039 3123 1225 3155 admonitus
1254 3123 1317 3154 hoe
1349 3133 1416 3154 non
1450 3129 1600 3154 accurate
1621 3122 1697 3159 dici,
1719 3132 1822 3164 quum
1843 3123 1891 3154 M.

136 3172 339 3212 ingeniOSfllll
366 3171 394 3203 I·
416 3171 455 3202 F·
478 3172 636 3206 (ἐι-0110111
661 3177 934 3215 emendationem,
949 3177 990 3208 ab
1011 3187 1013 3206 1
1038 3176 1208 3209 Antonius
1239 3175 1455 3209 Tiburtinum
1484 3175 1611 3207 Metelli
1640 3174 1804 3217 Scipionis
1825 3175 1891 3208 alio

2037 1754 2062 2058 g
