2062 3565
710 155 816 197 LI'B.
856 155 951 198 XII.
988 154 1070 196 ΕΡ.
1109 155 1304 195 51-53.
1797 151 1879 189 213

114 307 185 349 pro
223 291 421 334 Flaminio
455 294 520 343 sit,
558 292 642 335 HS.
677 302 779 342 W„
813 293 862 333 de
896 308 942 334 ea
975 308 1015 333 re
1050 291 1183 332 nescio
1218 289 1313 344 quid
1349 295 1387 329 te
1419 304 1441 329 a
1466 289 1661 329 Montano
1688 291 1882 341 rogatum.

113 367 216 409 Sane
266 365 399 417 velim,
450 367 532 408 sive
583 367 758 408 Plancus
807 370 868 408 est
902 364 1103 421 rogandus
1138 365 1220 405 sive
1254 379 1333 418 qua
1368 378 1406 403 re
1442 367 1554 418 potes
1586 360 1698 401 illuni
1735 360 1884 408 iuvare,

113 439 240 481 iuves.
285 439 468 481 Pertinet
513 440 562 481 ad
614 444 796 480 nostrum
845 439 1035 480 officium.
1092 438 1134 479 Si
1168 452 1230 478 res
1262 435 1335 477 tibi
1374 437 1473 476 sorte
1508 434 1640 476 notior
1673 438 1733 473 est
1767 447 1883 487 quam

114 512 213 554 mihi
247 516 317 554 aut
350 513 383 553 si
418 512 613 554 Plancum
662 512 882 567 rogandum
918 516 1050 568 putas,
1086 510 1235 552 scribas
1270 509 1318 551 ad
1354 525 1415 550 me
1452 508 1583 557 velim,
1620 511 1666 548 ut
1699 505 1795 561 quid
1831 506 1883 547 rei

114 586 167 627 sit
209 589 250 627 et
295 586 391 640 quid
435 586 658 642 rogandum
705 587 841 627 sciam.
891 589 930 627 2.
984 586 1037 626 Dc
1082 584 1251 640 epistola
1295 583 1342 624 ad
1386 583 1595 624 Caesarem
1630 580 1726 635 quid
1760 580 1888 635 egeris
1929 591 1942 616 5

114 664 314 715 exspecto.
348 659 409 701 De
443 659 555 709 Silio,
591 659 750 701 nonita
773 674 867 701 sane
901 659 1052 700 laboro.
1086 659 1148 699 Tu
1181 657 1278 699 mihi
1314 663 1384 698 aut
1417 656 1661 712 Scapulanos
1695 659 1766 696 aut
1797 653 1887 694 Clo-

115 733 255 775 dianos
294 733 441 774 efficias
485 748 645 776 necesse
690 737 763 774 est.
815 732 893 775 Sed
939 733 1072 774 nescio
1118 731 1214 787 quid
1250 731 1397 772 videris
1431 729 1615 771 dubitare
1649 729 1697 770 de
1731 727 1886 777 Clodia,

114 810 250 848 utrum
284 806 445 861 quando
479 807 614 849 veniat
646 822 697 848 an
731 807 864 848 sintne
889 806 1075 848 venales?
1099 806 1176 848 Sed
1202 806 1299 860 quid
1323 812 1397 856 est,
1424 804 1530 860 quod
1556 803 1676 845 audio
1700 799 1886 857 Spinthe-

116 895 196 921 rem
230 879 369 922 fecisse
404 879 653 922 divortium?
689 883 729 921 3.
765 881 824 922 De
857 880 999 936 lingua
1031 880 1178 922 l'iatina
1212 880 1339 920 securi
1375 895 1416 920 es
1450 878 1588 920 animi.
1638 876 1781 918 Dices:
1819 874 1887 929 qui

115 953 211 996 talia
254 952 503 995 conscribis?
549 951 851 1014 Ἀπόγραφα
901 960 1010 1005 sunt,
1059 954 1208 996 minore
1254 952 1388 994 labore
1425 955 1539 1002 fiunt,
1576 949 1695 992 verba
1728 953 1886 991 tantum
1911 959 1943 983 1⁰

115 1028 249 1078 affero,
284 1027 432 1082 quibus
466 1027 644 1070 abundo.

116 1229 184 1251 non
205 1219 241 1250 hi
263 1218 398 1260 quidem
427 1219 498 1260 ipsi,
527 1219 585 1250 sed
615 1227 731 1250 eorum
763 1218 850 1250 bona
880 1229 910 1250 a.
941 1219 981 1250 L.
1025 1218 1107 1255 eius,
1138 1219 1194 1259 qui
1227 1219 1344 1250 consul
1377 1219 1417 1249 de
1447 1216 1632 1248 revocando
1665 1214 1824 1246 Cicerone
1854 1214 1904 1245 in.

117 1273 253 1311 Planco,
277 1272 331 1304 cui
353 1271 475 1305 Caesar
495 1272 559 1304 hoe
582 1273 806 1310 mandaverat,
830 1272 870 1304 cf.
892 1272 980 1304 Phil.
1025 1275 1141 1303 senatu
1163 1271 1286 1302 retulit.

118 1329 165 1360 11.
189 1327 239 1366 78,
275 1326 552 1359 distrahebantur.
584 1326 625 1358 cf.
654 1325 755 1358 XIV.
788 1327 837 1364 16,
869 1328 899 1358 4.
932 1326 981 1364 17,
1070 1326 1088 1366 ἓ
1112 1327 1141 1357 3.
1164 1324 1272 1357 Securi
1303 1335 1336 1356 es
1365 1324 1471 1355 animi.
1503 1324 1568 1355 Pro
1598 1334 1630 1356 es
1667 1323 1782 1353 malim
1811 1323 1887 1358 esto,

118 1383 150 1415 6.
174 1383 224 1421 18,
248 1384 279 1413 4.
1027 1389 1131 1421 quum
1155 1389 1172 1411 e
1195 1379 1346 1411 Mediceo
1371 1378 1524 1410 afferatur
1536 1378 1593 1409 est.
1616 1376 1767 1410 Ostendit
1779 1380 1890 1406 autem

161 1438 180 1478 ξ
202 1437 232 1469 2.
257 1436 303 1468 Pu
332 1435 408 1468 mihi
431 1434 625 1476 Scapulanos
645 1454 687 1460 —
707 1434 824 1478 ffcias
857 1444 982 1467 necesse
1027 1435 1079 1466 his
1102 1434 1211 1467 verbis
1234 1443 1269 1466 se
1292 1443 1394 1475 parvo
1418 1433 1529 1464 labore
1552 1432 1653 1464 libros
1676 1430 1889 1473 philosophos

119 1494 177 1524 est.
201 1491 340 1532 Corrige
363 1490 521 1533 conficiaS,
546 1495 584 1522 ut
607 1495 655 1522 est
672 1489 770 1528 37,2:
794 1489 902 1531 itaque
914 1489 983 1520 hor·
1004 1515 1006 1520 .
1028 1497 1225 1530 componere
1248 1493 1281 1519 et
1303 1496 1397 1528 posse
1419 1486 1501 1517 tales
1515 1495 1565 1518 res
1581 1486 1663 1517 bene
1678 1485 1798 1516 Latine
1815 1493 1889 1514 con-

120 1548 168 1577 tos
189 1544 265 1578 mila·
287 1543 434 1586 corficias
456 1553 582 1575 necesse
603 1545 660 1575 est.
1004 1522 1006 1567 l
1028 1543 1136 1575 scribi.
1158 1542 1199 1574 ef.
1222 1541 1414 1583 Madvigius
1436 1541 1537 1582 praef.
1569 1541 1608 1572 ad
1638 1540 1713 1571 libr.
1745 1540 1786 1571 de
1816 1538 1890 1570 Fin.

162 1599 358 1642 Spinthmm
372 1597 495 1640 fici-sse
517 1597 694 1630 divortium.
716 1598 756 1629 cf.
776 1597 879 1629 XIII.
905 1596 933 1635 7,
953 1597 982 1628 1.
1004 1608 1007 1662 Ι
1026 1608 1058 1639 p.
1083 1596 1215 1629 LXIV.

121 1654 181 1687 Est
220 1653 258 1686 P.
291 1653 466 1687 Cornelius
501 1653 666 1686 Lentulus
704 1651 864 1693 Spinther
893 1651 981 1683 filius
1005 1674 1007 1682 s

721 1795 840 1836 ΜΠ.
906 1794 972 1847 (A.
1014 1791 1058 1832 U.
1098 1791 1139 1832 C.
1179 1791 1294 1843 709.)

187 1935 288 1989 Ego,
333 1935 406 1975 etsi
451 1933 552 1975 nihil
601 1934 728 1975 liabeo
763 1934 870 1988 quod
904 1933 954 1974 ad
986 1938 1026 1974 te
1061 1931 1247 1983 scribam,
1283 1930 1415 1973 scribo
1448 1936 1597 1981 tamen,
1633 1930 1727 1984 quia
1759 1933 1893 1970 tecum

124 2007 235 2063 loqui
277 2007 427 2048 videor.
477 2007 558 2048 Hic
601 2007 820 2051 nobiscum,
858 2012 953 2049 sunt
985 2007 1126 2049 Nicias
1158 2011 1199 2048 et
1232 2006 1433 2048 Valerius.
1469 2004 1603 2047 Hodie
1636 2009 1726 2046 tuas
1759 2002 1895 2044 literas

125 2080 453 2138 exspectabamus
500 2082 732 2124 matutinas
784 2082 917 2124 Erunt
962 2081 1128 2123 fortasse
1173 2080 1319 2122 alterae
1364 2079 1677 2136 pomeridianae,
1728 2077 1806 2118 nisi
1856 2081 1895 2117 te

125 2154 354 2210 Epiroticae
385 2154 524 2196 literae
556 2154 792 2210 impedient,
827 2170 926 2210 quas
959 2169 1033 2210 ego
1067 2169 1147 2196 non
1180 2153 1407 2209 interpello.
1463 2152 1561 2194 Misi
1594 2151 1643 2194 ad
1678 2156 1717 2192 te
1751 2150 1896 2206 episto·
1938 2167 1952 2193 5

125 2228 184 2270 las
228 2227 278 2269 ad
323 2228 576 2270 Marcianum
621 2233 661 2270 et
703 2228 753 2270 ad
799 2229 1056 2271 Montanum.
1109 2228 1189 2269 Eas
1222 2227 1265 2269 in
1299 2227 1473 2269 eundem
1507 2226 1743 2268 fasciculum
1778 2224 1896 2266 velim

127 2301 264 2353 addas,
299 2302 378 2344 nisi
410 2301 511 2344 forte
543 2302 625 2345 iam
659 2302 823 2345 dedisti.

174 2489 355 2531 Epiroticae
376 2489 492 2521 literae
520 2495 597 2521 sunt
619 2489 732 2522 literae
755 2491 797 2521 ab
818 2491 933 2523 Attico
957 2492 990 2523 in
1014 2495 1017 2530 ξ
1035 2491 1200 2528 homines,
1220 2499 1361 2531 quorum
1384 2488 1468 2520 alter
1490 2487 1671 2519 Montanus
1695 2495 1770 2517 cum
1785 2484 1898 2516 Marco

134 2542 272 2584 Epirum
293 2543 334 2574 ad
356 2547 582 2584 procuratores
605 2552 680 2574 suos
692 2543 883 2576 mittendae.
906 2543 993 2576 Cum
1013 2541 1017 2600 ἱ
1035 2545 1105 2576 filio
1128 2549 1206 2577 erat.
1229 2544 1295 2575 vid.
1319 2552 1368 2584 ep.
1392 2542 1442 2579 52,
1468 2542 1494 2573 l.

135 2596 186 2628 his
210 2595 326 2628 Cicero
349 2596 497 2637 expediri
519 2595 671 2637 cupiebat
685 2595 893 2637 epistolasad
909 2597 992 2629 duos
1014 2601 1017 2642 ᾗ
