2062 3565
713 155 820 200 Lrss.
856 157 948 199 XV.
983 158 1068 200 ΕΡ.
1106 161 1300 202 26—28.
1799 160 1883 201 341

123 293 244 348 Quod
277 307 339 335 me
372 292 421 335 de
453 294 670 346 Bacchide,
705 295 754 337 de
788 299 1009 337 statuarum
1045 294 1202 336 coronis
1235 295 1440 336 certiorem
1476 295 1619 347 fecisti,
1655 294 1767 337 valde
1800 309 1887 350 gra-

123 374 224 420 tum,
257 382 332 411 nec
366 366 588 423 quidquam
621 368 788 424 posthac
822 383 903 411 non
936 367 1056 410 modo
1089 372 1261 417 tantum,
1297 368 1364 410 sed
1406 384 1454 410 ne
1487 368 1690 410 tantulum
1724 367 1885 423 quidem

122 441 387 499 praeterieris.
436 442 491 483 Et
533 441 581 482 de
626 442 788 484 Herode
834 447 875 484 et
908 442 1036 485 Metio
1069 442 1286 484 meminero
1320 447 1360 483 et
1393 442 1441 483 de
1475 442 1677 493 omnibus,
1712 456 1813 498 quae
1846 447 1886 483 te

122 515 222 558 velle
265 513 498 572 suspicabor
542 514 674 556 modo.
727 516 763 557 O
803 520 960 572 turpem
1006 515 1149 557 sororis
1181 520 1274 557 tuae
1308 515 1454 557 filium!
1491 516 1627 568 Quum
1661 515 1759 558 haec
1792 514 1886 556 scri-

120 587 268 640 berem,
301 587 546 631 adventabat
578 585 702 645 αύτῇ
735 584 970 643 βουλύσει
1004 587 1267 631 coenantibus
1300 588 1429 630 nobis.

146 649 165 672 Ι

163 762 183 794 3
204 760 318 794 Mettio
338 780 380 786 —-
401 763 423 793 4
432 762 551 804 filium,
574 772 640 793 cum
663 763 740 794 llaec
762 762 947 793 scriberem!
972 762 1170 793 Advenlabat
1191 765 1293 794 aulem
1318 759 1478 806 βουλὺσει
1511 779 1558 785 -

117 922 328 966 suppeditabit
357 924 444 955 nobis
475 924 603 956 Atticus
635 928 742 957 noster
775 937 792 956 e
820 927 980 957 thesauris
1027 927 1227 966 ignoramus.
1263 945 1303 949 —
1337 928 1491 957 Ceterum
1535 927 1614 958 haec
1648 927 1748 958 verba
1795 927 1888 958 affert

119 976 186 1008 suis
208 987 283 1019 quos
305 979 336 1008 et
359 980 492 1019 quantos
514 977 607 1010 viros.
633 977 699 1010 Sed
721 980 762 1011 ad
786 979 870 1011 illud
887 989 979 1021 opus,
1028 977 1215 1010 Freundius
1247 978 1280 1009 in
1315 978 1440 1010 Lexico
1472 989 1501 1009 v.
1530 979 1661 1017 memini,
1691 980 1888 1020 probaturus

119 1031 209 1073 quod
231 1030 346 1063 Cicero
368 1041 458 1063 nunc
479 1032 655 1072 cogitabat,
685 1043 752 1064 non
775 1033 907 1064 videtur
929 1034 980 1064 ad·
1028 1032 1224 1064 Ciceronem
1253 1033 1420 1073 scripsisse
1443 1033 1615 1064 meminisse
1637 1033 1675 1064 de
1697 1034 1811 1075 aliquo.
1846 1034 1886 1065 In

120 1086 256 1117 modum
284 1086 389 1118 multa
422 1091 532 1128 petere
560 1087 704 1128 potuisse
735 1097 776 1119 ex
801 1087 860 1118 illo
884 1088 980 1126 libro,
1029 1097 1093 1128 quo
1117 1087 1223 1118 virum
1246 1088 1359 1119 Latini
1381 1088 1542 1119 sermonis
1565 1089 1800 1129 peritissimum
1820 1098 1886 1120 nou

120 1143 153 1170 et
173 1138 264 1171 aliud
286 1140 394 1171 dicere
418 1138 611 1172 Ciceronem
635 1141 778 1172 ostendit
800 1141 981 1173 coniuncti·
1028 1142 1139 1173 minus
1169 1141 1240 1173 falli
1272 1142 1419 1179 arbitror,
1453 1153 1551 1183 qnam
1585 1153 1687 1184 quum
1718 1143 1841 1175 ibidem
1869 1153 1887 1176 e

119 1201 180 1223 vus
209 1192 321 1224 lateat.
351 1192 400 1224 Cf.
433 1202 476 1224 ex
497 1193 545 1224 11.
571 1193 600 1231 6,
623 1193 658 1224 2:
685 1190 868 1233 ἀνέκδοτα,
901 1205 982 1237 quae
1028 1197 1117 1228 Phil.
1151 1196 1198 1227 11.
1234 1195 1271 1226 91
1308 1198 1478 1228 ostendere
1508 1197 1578 1228 vult
1606 1197 1778 1228 meminisse
1801 1198 1887 1239 apud

120 1247 178 1279 tibi
208 1248 265 1279 uni
293 1249 442 1290 leqamus.
479 1249 666 1281 Tbesauros
689 1251 800 1292 itaque
822 1256 908 1282 recte
932 1251 980 1282 in·
1029 1249 1182 1280 Tullium
1208 1259 1277 1281 esse
1310 1260 1551 1290 nonnunquam
1574 1251 1670 1287 idem,
1693 1251 1781 1291 quod
1803 1261 1886 1281 men-

121 1306 342 1344 terpretantur
377 1303 610 1335 bibliothecam
633 1305 748 1342 Attici,
772 1306 921 1347 pretiosis
944 1306 980 1337 li·
1028 1303 1140 1334 tionem
1155 1304 1281 1342 jhc-ere,
1303 1304 1390 1344 quod
1413 1310 1498 1335 recte
1532 1310 1631 1344 negat
1654 1304 1739 1335 Phil.
1764 1304 1887 1336 Pareus

120 1355 188 1387 bris
218 1355 381 1394 refertam,
411 1366 552 1398 quorum
586 1367 665 1389 usus
698 1359 810 1399 paucis
838 1359 979 1400 patebat.
1027 1357 1062 1388 in
1083 1357 1211 1389 Lexico
1235 1358 1369 1389 (¹1·itico.
1394 1358 1506 1389 Verba
1528 1358 1618 1390 enim
1639 1358 1698 1389 illa
1713 1358 1759 1389 sic
1772 1357 1886 1389 distin-

119 1409 236 1442 Aliam
270 1410 337 1442 vim
368 1410 477 1442 eidem
510 1412 639 1443 nomini
667 1412 783 1444 tribuit
814 1413 980 1445 Domitius
1027 1414 1157 1454 guenda
1181 1419 1274 1444 sunt:
1303 1412 1474 1443 Meministi
1494 1413 1570 1452 ipse,
1586 1412 1624 1443 de
1635 1412 1885 1451 exsufflasse-is,

121 1465 200 1498 Piso
222 1466 258 1497 in
279 1465 384 1498 Plinii
406 1473 472 1499 nat.
495 1467 569 1499 hist.
592 1468 727 1509 praefat.
752 1469 829 1508 §12
846 1470 980 1510 quando
1027 1467 1065 1498 de
1093 1467 1289 1497 immunitate
1319 1467 1395 1508 quid
1421 1466 1550 1504 direris,
1583 1472 1619 1498 ut
1647 1472 1826 1507 utrumque
1848 1465 1887 1497 de

121 1520 168 1552 ait
199 1520 388 1552 athesauros
420 1524 543 1561 oportet
575 1532 650 1560 esse,
683 1533 745 1554 non
774 1523 869 1554 libros
882 1525 903 1536 '³
941 1524 980 1555 Id
1026 1522 1185 1552 exsulibus
1207 1527 1238 1553 et
1259 1522 1299 1552 sle
1321 1521 1516 1551 immunitate
1538 1530 1581 1552 ex
1603 1521 1724 1552 dixeris
1738 1521 1887 1562 pendeat.

122 1575 212 1607 enim
233 1576 365 1608 volebat
386 1577 513 1618 copiam
535 1587 645 1609 rerum
674 1578 940 1609 memorabilium
964 1588 981 1610 e
1028 1575 1077 1608 Cf.
1100 1576 1187 1607 Phil.
1210 1576 1237 1607 Ι.
1264 1576 1291 1606 3.

1073 1630 1098 1661 O
1131 1632 1247 1671 turpem
1283 1631 1400 1661 sororis
1434 1633 1507 1661 tuae
1528 1630 1655 1670 filium!
1691 1629 1787 1670 Quum
1810 1631 1889 1661 haec

1027 1683 1202 1721 scriberem,
1243 1684 1434 1715 adventabat
1467 1681 1553 1721 αὐτῆ
1595 1681 1759 1724 βουλύσει
1794 1694 1821 1714 c.
1857 1694 1887 1714 n.

1008 2261 1010 2272 .

122 1628 263 1662 lectione
287 1621 507 1662 'hauriendam
540 1640 620 1668 esse,
644 1631 670 1662 si
700 1640 816 1672 operae
839 1631 980 1672 pretium

120 1681 266 1714 facturus
287 1683 343 1714 sis.

165 1735 184 1776 ξ
207 1735 236 1766 3.
259 1735 308 1767 De
329 1735 451 1768 Planco
473 1737 596 1768 memini
613 1748 645 1769 o:
661 1739 749 1779 quod
764 1738 804 1769 ad
818 1737 981 1769 Plancum

121 1790 248 1828 attinet,
271 1791 420 1822 memini.
443 1791 594 1823 Fortasse
616 1792 679 1823 hoc
701 1792 782 1828 vult,
807 1802 840 1823 se
857 1792 982 1823 Planco

122 1853 254 1876 causam
276 1845 487 1876 Buthrotiam
516 1847 764 1878 commendasse
786 1853 818 1878 et
841 1846 982 1887 amplius

123 1907 194 1930 esse
223 1899 532 1930 commendaturum
577 1899 627 1931 Cf.
649 1899 746 1931 XVI.
771 1900 810 1931 16
834 1901 862 1931 Α
889 1907 921 1931 et
943 1901 981 1932 B.

123 1951 249 1984 Eadem
283 1954 484 1985 constructio
507 1959 556 1986 est
578 1955 612 1986 in
635 1954 747 1986 Plauti
770 1955 866 1986 Asin.
887 1954 930 1985 V.
954 1955 984 1992 2,

123 2006 164 2038 89
185 2006 226 2037 de
240 2007 334 2047 palla
355 2011 516 2040 memento.
824 2043 828 2046 ,

167 2059 275 2091 Attica
299 2060 369 2092 iure
390 2061 541 2102 queritur.
565 2061 614 2094 Cf.
638 2072 688 2103 ep.
711 2062 751 2093 28
774 2068 858 2093 extr.

1029 1741 1150 1781 Scripsi
1173 1741 1213 1772 de
1237 1751 1308 1773 mea
1338 1744 1536 1774 coniectura.
1559 1753 1658 1784 quam
1682 1752 1794 1774 veram
1817 1751 1887 1774 esse

1028 1795 1124 1826 facile
1147 1795 1311 1833 obtinebo,
1336 1797 1362 1827 si
1386 1797 1418 1827 1τῖ
1442 1798 1529 1837 quod
1552 1797 1654 1835 vulgo
1675 1797 1799 1835 legitur
1820 1806 1888 1828 non

1031 1849 1204 1880 ferendum
1227 1859 1298 1881 esse
1319 1851 1503 1882 ostendero.
1525 1851 1585 1882 Est
1606 1850 1706 1881 illud:
1733 1849 1889 1890 Oturpem

1029 1901 1148 1933 sorori-s·
1173 1903 1375 1940 tvae-silium,
1397 1914 1486 1944 quum
1510 1903 1587 1933 haec
1615 1903 1800 1934 scriberem!
1828 1902 1891 1934 Ad-

1030 1955 1180 1986 mutabat
1210 1957 1313 1986 autem
1345 1952 1506 1999 βουλύσει
1540 1966 1566 1986 e.
1595 1967 1627 1986 n.
1659 1955 1754 1987 Itane
1786 1955 1889 1988 vero?

1031 2018 1144 2044 eratne
1176 2012 1322 2050 Quintus
1352 2013 1438 2044 filius
1471 2013 1584 2054 turpis,
1620 2023 1723 2054 quum
1756 2017 1890 2054 patruus

1030 2065 1111 2096 haec
1144 2065 1323 2097 scriberet?
1356 2076 1424 2097 non
1456 2066 1569 2107 turpis,
1602 2076 1704 2107 quum
1734 2071 1791 2098 aut
1821 2077 1888 2098 non

166 2112 216 2145 De
255 2113 421 2146 Bacchide.
461 2115 586 2147 Mimae
620 2125 743 2148 nomen
775 2116 915 2153 videtur,
949 2116 983 2147 in
1032 2119 1189 2150 scriberet
1217 2119 1274 2150 ille
1305 2125 1359 2150 aut
1386 2119 1528 2151 scribere
1557 2119 1743 2151 desineret?
1779 2119 1889 2151 Autem

124 2164 245 2199 Onom.
267 2167 357 2199 Tull.
379 2168 548 2200 omissum.
572 2169 652 2200 Eius
669 2169 794 2200 mentio
810 2174 841 2201 et
852 2178 987 2200 corona·
1032 2171 1206 2202 offensioni
1228 2171 1290 2202 fuit
1312 2181 1442 2213 quoque
1464 2172 1670 2213 Malaspinae
1694 2177 1726 2204 et-
1739 2171 1890 2210 Graevio,

124 2231 199 2253 rum
226 2221 362 2253 honoris
389 2231 488 2254 causa
519 2223 634 2254 statuis
657 2223 885 2264 impositarum
907 2223 984 2254 satis
1032 2233 1131 2264 quam
1148 2224 1211 2255 ,1116
1235 2225 1350 2256 tollere
1376 2225 1507 2256 volebat
1520 2226 1720 2264 geminando
1734 2235 1763 2256 v.
1776 2225 1890 2256 adven-

125 2279 214 2307 certo
235 2275 340 2313 docet,
363 2275 417 2307 hic
439 2276 494 2316 agi
515 2277 556 2308 de
578 2277 664 2308 ludis
687 2277 791 2308 Bruti.
816 2276 864 2308 Cf.
888 2277 984 2308 Mon·
1031 2276 1130 2314 tabat,
1152 2277 1206 2307 hic
1229 2277 1281 2308 vel
1305 2278 1421 2308 eodem
1442 2278 1541 2308 modo
1570 2277 1622 2309 vel
1645 2278 1754 2309 deleto
1776 2279 1891 2309 autem.

125 2327 247 2368 galtius
269 2329 310 2359 ad
330 2328 364 2359 h.
387 2329 409 2360 1.
1032 2330 1098 2362 Sed
1120 2331 1176 2371 qui
1196 2341 1263 2362 non
1275 2331 1441 2371 ignorant,
1453 2332 1581 2372 quoties
1593 2332 1755 2363 vocabula
1765 2331 1890 2364 Graeca

167 2380 216 2414 De
245 2381 374 2414 Herode
403 2386 434 2413 et
464 2382 573 2414 Metio.
603 2384 695 2415 Nihil
719 2385 835 2422 obstat,
858 2385 985 2425 quomi-
1031 2385 1160 2416 Latinis
1182 2385 1284 2416 literis
1307 2391 1441 2416 exarata
1463 2386 1575 2416 turbas
1597 2386 1757 2422 dederint,
1781 2395 1889 2417 meam

126 2446 190 2468 nus
211 2436 396 2477 cogitemus
417 2436 472 2468 hic
493 2446 625 2478 quoque
647 2437 702 2477 agi
723 2438 764 2469 de
779 2438 839 2469 illo
851 2438 985 2470 Herode
1031 2437 1640 2469 correctionemverioremiudicabunt
1671 2437 1770 2476 Quod
1779 2443 1888 2469 autem

126 2488 337 2527 Atheniensi,
360 2489 454 2521 cuius
477 2489 604 2520 mentio
626 2490 664 2521 fit
689 2489 787 2521 XIV.
812 2490 861 2527 16,
881 2491 910 2521 3.
935 2491 983 2527 18,
1006 2497 1009 2506 '
1032 2491 1209 2522 Schutzius
1243 2491 1348 2522 dedit:
1384 2491 1575 2522 obturbabat
1604 2502 1650 2522 me
1672 2493 1790 2524 sororis
1816 2495 1891 2524 tuae

127 2544 148 2573 4
179 2548 212 2575 et
242 2543 382 2585 saepius.
418 2543 525 2574 Attici
553 2543 710 2574 libertum
738 2544 983 2583 cognominem,
1021 2545 1125 2586 filius,
1147 2557 1236 2587 quum
1265 2546 1343 2576 haec
1364 2546 1538 2577 scriberem.
1569 2546 1766 2576 Adventabat
1788 2549 1889 2577 autem

127 2605 228 2637 quem
247 2596 362 2628 statuit
382 2595 528 2628 Orellius
551 2596 585 2626 in
615 2595 734 2627 Onom.
757 2596 846 2627 Tull.
869 2607 900 2637 p.
924 2597 984 2629 283
1006 2615 1009 2628 .
1032 2593 1195 2641 βουλύσει
1223 2608 1249 2628 c.
1280 2607 1321 2634 n„
1344 2598 1405 2629 etsi
1427 2598 1611 2638 speciosum
1644 2608 1715 2630 esse
1736 2599 1889 2634 concedo,

128 2649 261 2681 nullum
294 2649 394 2682 fuisse
425 2659 552 2681 censeo.
591 2649 719 2680 Metium
752 2650 805 2682 vel
841 2649 984 2681 Mettium
1033 2663 1149 2686 verum
1169 2663 1240 2686 esse
1262 2664 1329 2685 non
1354 2653 1450 2686 facile
1472 2655 1616 2686 adducar
1638 2660 1674 2686 ut
1696 2656 1836 2687 credam.

131 2702 186 2743 (cf.
217 2701 440 2735 Schneiderus
472 2703 513 2734 ad
546 2701 638 2734 Caes.
671 2703 712 2734 B.
741 2701 780 2735 G.
809 2703 838 2735 I.
865 2704 916 2742 47,
939 2704 985 2744 4),

680 2824 892 2866 XXVIII.
957 2827 1022 2879 (Α.
1064 2827 1108 2868 U.
1147 2828 1188 2868 o.
1226 2826 1344 2880 710.)

195 2952 295 3006 Ego,
338 2955 386 2992 ut
426 2951 476 2992 ad
520 2956 559 2992 te
603 2951 729 3007 pridie
771 2953 1018 3008 scripseram,
1064 2955 1196 2996 Nonis
1244 2955 1530 2996 constitueram
1569 2954 1698 2995 venire
1732 2954 1774 2994 iu
1811 2953 1890 2994 Pu-

177 3128 219 3160 In
239 3129 457 3162 Puteolanum.
480 3130 530 3163 Cf.
552 3131 602 3168 26,
625 3133 643 3162 3
666 3137 699 3163 et
719 3131 818 3164 XVI.
853 3134 879 3170 l,
910 3133 937 3169 1,
967 3142 985 3164 e
1010 3160 1012 3170 ,
1031 3132 1121 3172 quod
1142 3132 1176 3162 in
1198 3132 1291 3162 codd.
1317 3131 1403 3162 notis
1426 3131 1478 3161 hic
1501 3131 1631 3170 legitur,
1654 3130 1787 3160 librario
1809 3128 1888 3159 osci-

135 3183 256 3226 quibus
282 3185 365 3218 locis
391 3185 566 3218 manifesto
594 3190 728 3227 apparet
767 3186 986 3223 asculanum,
1010 3178 1115 3223 {tanti
1135 3184 1257 3216 deberi.
1283 3183 1436 3214 Correxit
1461 3182 1675 3222 Mongaltius.
