2062 3565
175 134 264 174 404

173 266 343 307 Muginari
370 267 461 298 XVI.
487 267 538 298 12.

170 322 350 363 Multiplex
372 322 431 353 VI.
454 322 483 358 2,
507 322 536 352 2.

169 375 391 406 Multissimus
413 374 556 406 vitiosum
580 375 638 405 XI.
662 375 691 411 2,
717 376 743 405 1.

168 427 365 468 Multiiuges
390 427 480 458 XIV.
504 428 532 465 9,
557 428 586 458 1.

166 481 292 512 Munus
316 481 343 511 X
368 482 552 522 legatorum
577 481 674 513 XIII.
697 484 718 512 4
751 483 780 513 1.

164 533 279 565 Mures
300 533 424 575 quando
447 533 583 575 miqrant
607 534 698 565 XIV.
721 535 751 572 9,
776 536 804 566 1.

164 586 325 627 Mysteria
345 586 470 618 Romae
491 593 565 618 acta
586 587 630 618 V.
653 587 704 624 21,
730 588 781 619 14.
806 588 874 619 XV.
901 589 951 619 25.

159 750 267 781 Narro
287 749 348 781 tibi
370 749 416 780 II.
442 750 493 787 11,
518 750 552 781 1.

158 803 314 835 Nascitur
335 804 376 835 ab
398 804 511 845 aliquo
536 805 596 836 XI.
619 805 669 842 23,
695 805 724 835 3.

157 856 263 888 Nassa
287 856 358 888 XV.
381 856 432 894 20,
455 857 486 888 2.

157 911 286 943 Natalis
307 911 456 943 coloniae
479 918 513 944 et
535 913 651 954 templi
676 913 734 945 IV.
762 913 788 951 1,
813 915 842 944 4.

155 964 287 996 Navare
308 974 390 1006 opus
412 965 473 997 IX.
496 965 545 1004 11,
569 966 599 996 2.

343 1073 427 1104 mari
448 1075 480 1104 et
503 1083 593 1105 mare
617 1073 716 1104 VIII.
743 1073 771 1111 3,
795 1075 824 1105 5.

153 1126 206 1158 Ne
227 1125 362 1158 breviter
383 1126 566 1158 adiunctum
590 1127 619 1158 Ι.
643 1127 691 1158 13.
714 1127 743 1158 3.

153 1180 205 1213 Ne
227 1198 269 1204 —-
290 1180 436 1222 quidem,
460 1181 513 1212 ubi
535 1181 661 1222 neyatio
684 1192 745 1213 non
757 1181 923 1223 praecedit
938 1183 1015 1215 XII.

225 1235 276 1274 36,
299 1235 330 1266 1.

150 1289 284 1321 Nebulo
307 1289 366 1320 VI.
391 1289 420 1328 1,
443 1289 494 1320 25.

150 1343 284 1375 Nedum
306 1342 366 1374 IX.
390 1342 408 1376 7
431 1343 476 1382 A,
501 1343 531 1375 1.
556 1343 594 1374 X.
621 1344 671 1381 16,
696 1345 724 1375 6.

149 1398 282 1438 Negare
305 1397 448 1428 absolute
470 1397 570 1429 VIII.
592 1399 622 1435 4,
646 1398 676 1428 2.

150 1451 294 1492 Negatio
315 1450 439 1482 deletur
463 1451 542 1483 VII.
567 1452 596 1491 3,
621 1454 658 1489 53
680 1453 794 1483 omissa
809 1452 888 1483 VII.
910 1453 959 1489 15,
981 1453 1012 1484 2.

149 1505 330 1546 Negotium
353 1506 393 1537 de
415 1505 552 1537 homine
575 1506 603 1536 I.
627 1506 679 1543 12,
706 1506 732 1537 1.
761 1506 800 1537 V.
824 1507 874 1544 18,
897 1509 928 1538 4.
953 1507 1011 1539 VI.

350 1559 382 1596 1,
403 1559 454 1590 13.

148 1611 294 1644 Nemine
303 1613 335 1642 et
348 1612 492 1643 neminis
505 1622 565 1643 non
576 1614 649 1643 sunt
667 1612 816 1643 Tulliana
836 1612 924 1643 XIV.
940 1613 966 1643 1.
983 1613 1009 1643 1.
1034 1647 1035 1650 Ἴ

150 1667 258 1699 Νο1110
280 1680 322 1694 =
344 1667 467 1698 nullius
490 1667 587 1708 pretii
611 1667 690 1698 VII.
713 1667 741 1705 3,
767 1668 795 1698 8.

149 1721 305 1762 Nequam
328 1720 429 1752 homo
452 1720 513 1751 VI.
537 1721 570 1756 2,
592 1721 621 1752 3.

148 1774 265 1815 Neque
286 1786 327 1801 =
350 1778 381 1804 et
403 1778 512 1804 tamen
536 1783 603 1804 non
628 1773 655 1804 Ι.
684 1774 734 1811 13,
758 1774 786 1805 2.
814 1774 889 1805 XV.
911 1775 940 1810 6,
968 1775 981 1804 1

149 1830 265 1871 Neque
287 1846 329 1852 -
350 1838 458 1870 neque
482 1839 550 1860 non
575 1829 614 1860 X.
637 1830 655 1860 9
678 1831 720 1866 A,
748 1830 773 1860 1.

149 1883 349 1924 Nequedum
372 1882 400 1913 Ι.
425 1883 456 1920 5,
481 1882 509 1913 3.

149 1937 382 1978 Nequidquam
405 1936 465 1967 IV.
490 1936 518 1971 6,
541 1936 571 1967 2.

149 1991 254 2023 Nervi
275 2003 318 2019 ε
339 1990 425 2022 vires
450 1990 522 2021 XV.
545 1992 575 2020 4.
602 1991 629 2021 1.

150 2046 272 2077 Nescio
295 2055 336 2076 an
371 2045 483 2076 nullus
518 2044 579 2076 IV.
613 2045 641 2081 3,
672 2044 709 2082 23
735 2046 845 2076 nescio
876 2045 947 2086 quis
973 2045 1010 2076 X.

299 2099 349 2137 11,
373 2099 405 2130 2.

152 2153 247 2185 Nihil
270 2158 319 2184 est
341 2152 424 2183 mihi
446 2162 524 2184 cum
546 2153 657 2194 aliquo
683 2154 760 2184 XII.
779 2154 833 2190 17;
857 2154 1009 2185 nihilne·
1034 2175 1035 2194 1

276 2205 359 2246 gotii
381 2211 430 2236 est
455 2205 532 2235 xn.
559 2206 609 2243 14,
635 2206 670 2242 1;
706 2207 790 2237 nihil
825 2207 914 2247 quod
937 2207 1009 2237 atti·
1034 2198 1035 2223 ³

276 2264 334 2291 net
357 2259 433 2290 XV.
459 2260 475 2290 1
499 2270 528 2299 a,
554 2260 581 2290 1.

151 2313 379 2345 Nihilominus
402 2323 423 2343 a
444 2312 555 2344 scribis
578 2315 754 2353 corruptum
780 2314 857 2344 XII.
885 2314 934 2350 14,
958 2314 988 2344 3.

152 2369 227 2401 Nisi
248 2368 330 2410 quid
352 2369 423 2400 eius
445 2368 543 2400 suerit
564 2372 741 2410 corruptum
757 2380 836 2410 pro:
866 2370 930 2401 nisi
952 2371 1009 2411 qui
1033 2390 1035 2410 !

247 2423 328 2453 deus
350 2421 463 2453 fecerit
486 2421 565 2453 VII.
589 2422 639 2458 23,
664 2423 693 2452 3.

151 2475 227 2507 Nisi
249 2475 337 2517 quod
358 2475 405 2506 11.
430 2475 459 2512 1,
483 2475 532 2506 11.
1033 2464 1035 2513 i

150 2529 226 2560 Nisi
248 2529 276 2560 si
295 2528 342 2559 Π.
367 2528 395 2567 3,
417 2528 447 2559 2.
471 2528 519 2563 11,
545 2529 573 2560 1.

151 2582 223 2614 Niti
245 2582 280 2613 in
302 2582 415 2623 aliquo
440 2581 469 2613 I.
492 2582 521 2620 1,
545 2584 583 2621 43
618 2582 677 2613 niti
701 2582 811 2613 omnia
834 2585 1007 2622 corruptum

239 2636 320 2667 XII.
344 2636 396 2675 14,
419 2635 446 2668 3.

150 2689 273 2721 Noctes
293 2690 332 2721 de
355 2689 518 2721 concubitu
539 2690 566 2721 I.
591 2690 641 2727 16,
665 2692 692 2720 5.

149 2744 416 2776 Noctuabundus
439 2744 519 2775 XII.
543 2745 577 2782 1,
598 2744 628 2775 2.

151 2797 307 2829 Noenum
329 2807 391 2828 non
415 2797 592 2828 Tullianum
615 2797 695 2828 VII.
720 2798 750 2833 3,
775 2799 823 2830 10.

152 2851 298 2882 Nomina
321 2850 355 2881 in
373 2850 511 2890 pecunia
533 2851 637 2882 debita
660 2852 719 2882 IV.
748 2853 795 2889 17,
822 2853 848 2883 1.

315 2903 447 2944 propria
469 2913 534 2935 cum
558 2905 588 2935 vi
609 2907 796 2945 repetuntur
821 2907 859 2936 V.
883 2907 911 2943 2,
935 2908 963 2937 2.

313 2955 395 2997 fem.
415 2966 487 2996 qen.
510 2957 548 2987 de
570 2958 705 2989 maribus
727 2958 786 2989 IV.
812 2959 859 2996 11,
884 2960 916 2990 2.

322 3009 514 3050 interpolata
536 3011 584 3042 II.
607 3011 637 3050 1,
661 3011 688 3043 3.
712 3012 760 3043 II.
785 3012 834 3045 13.
857 3013 886 3043 2.
904 3013 942 3044 V.
959 3014 1009 3051 20,
1034 3050 1035 3054 Ἰ

321 3062 352 3093 2.
377 3062 476 3093 VIII.
502 3064 529 3099 5,
557 3064 585 3094 1.
1034 3060 1035 3074 ³

224 3130 233 3141 v
254 3150 257 3152 ,
323 3115 480 3158 sinqulari
502 3117 590 3148 modo
612 3119 764 3150 collocata
789 3120 850 3151 IV.
874 3120 922 3159 17,
947 3122 974 3150 3.

1034 1859 1035 1868 ἵ
1059 1823 1230 1856 Obducere
1252 1824 1395 1864 aliquem
1419 1824 1446 1854 I.
1471 1825 1499 1861 1,
1524 1824 1566 1860 2;

1034 1888 1035 1902 ¹
1059 1878 1223 1912 obdurari
1247 1879 1453 1919 impersonale
1479 1880 1555 1910 XII.
1579 1881 1610 1918 3,
1633 1880 1662 1910 1.

1034 1935 1035 1944 ¹
1061 1934 1265 1967 obfirmatus
1289 1935 1315 1965 I.
1340 1935 1390 1973 11,
1422 1935 1449 1965 1.

452 135 633 177 INDEX
669 136 1098 179 VOCABULORFM
1133 139 1201 180 ET
1234 138 1659 182 GRAMMATICUS.

1075 270 1210 302 Nomina
1232 282 1291 314 quo
1311 271 1424 303 ordine
1438 275 1601 313 ponantur
1622 274 1700 306 XII.
1725 275 1775 314 38,
1797 276 1828 307 2.

1074 325 1152 357 Non
1172 336 1230 366 pro
1253 337 1320 357 non
1343 327 1423 358 item
1445 327 1538 358 XIV.
1562 328 1614 367 12,
1636 329 1667 360 2.
1690 329 1782 361 XVI.
1807 330 1826 361 9

1108 394 1121 405 u
1174 381 1290 412 habeo.
1316 381 1395 421 quid
1417 383 1447 412 et
1470 383 1559 422 quod
1581 383 1608 414 Ι.
1631 383 1681 418 12,
1703 386 1735 415 4.

1106 447 1119 457 1
1175 434 1274 464 modo
1297 452 1338 456 —
1360 435 1417 465 sed
1439 444 1481 466 ne
1502 452 1544 457 —-
1565 436 1700 476 quidem
1720 437 1782 469 IV.
1810 437 1840 475 2,
1866 439 1894 469 1.

1105 500 1118 511 u
1172 487 1270 517 modo
1292 500 1333 514 ε
1356 497 1397 518 110
1419 487 1527 519 dicam
1550 489 1648 519 VIII.
1674 490 1724 525 12,
1747 491 1776 522 2.

1074 539 1191 570 Nonae
1213 539 1319 571 Iuliae
1341 540 1432 571 XVI.
1457 541 1486 577 1,
1512 541 1546 578 1;
1569 541 1766 575 Decembres
1789 544 1816 575 I.
1833 544 1884 583 19,
1897 545 1927 575 6.

1073 592 1217 623 Noscere
1241 602 1374 624 causam
1396 593 1456 624 XI.
1487 594 1531 632 13,
1554 596 1592 631 43
1623 605 1737 627 causas
1759 596 1820 628 XI.
1841 598 1872 636 7,
1895 598 1913 628 5

1070 646 1211 677 Notatus
1232 646 1301 677 VII
1338 648 1367 684 9,
1390 647 1419 678 2.

1069 701 1171 731 Notio
1193 714 1233 728 ς
1254 702 1400 742 cognitio
1423 702 1482 732 XI.
1507 701 1558 739 20,
1582 702 1611 734 2.

1068 754 1187 784 Nudus
1209 754 1249 785 de
1271 753 1361 794 inope
1384 755 1411 785 Ι.
1438 755 1485 791 16,
1512 754 1541 785 3.

1070 806 1185 849 Nugae
1206 807 1244 839 de
1271 808 1443 839 hominibus
1467 809 1526 840 VI.
1551 809 1580 848 3,
1602 809 1632 839 2.

1042 854 1045 909 J
1066 861 1170 892 Nullo
1192 861 1327 902 negotio
1350 861 1391 892 X.
1416 861 1465 892 16.
1490 862 1518 892 3.

1041 912 1045 986 Ι
1066 915 1208 946 Nullum
1232 915 1337 947 facere
1360 929 1399 943 2:
1423 916 1533 947 delere
1556 916 1584 946 1.
1611 917 1661 953 14,
1685 919 1713 948 5.

1040 989 1043 1027 Ι
1067 970 1250 1001 Numerare
1272 970 1385 1002 Idibus
1410 970 1502 1001 XIV.
1527 971 1577 1007 20,
1601 971 1631 1001 2.

154 1018 323 1059 Navigare
344 1028 421 1050 cum
442 1019 519 1050 navi
543 1029 604 1050 non
626 1021 673 1050 est
690 1019 837 1056 Latinum
854 1021 890 1050 X.
911 1021 961 1057 11,
978 1023 1016 1058 43
1065 1023 1196 1054 Numeri
1217 1024 1357 1063 corrupti
1380 1023 1420 1054 V.
1445 1024 1496 1062 20,
1520 1024 1534 1054 1
1560 1030 1593 1056 et
1616 1024 1644 1055 8.
1670 1024 1709 1055 V.
1733 1025 1784 1060 21,
1808 1025 1838 1056 9.
1861 1024 1923 1056 XI.

1214 1076 1263 1112 19,
1288 1076 1317 1107 2.

1066 1129 1220 1160 Numerus
1243 1129 1326 1160 verbi
1348 1129 1379 1160 in
1402 1130 1532 1161 membro
1563 1130 1749 1162 secundario
1779 1130 1823 1161 ad
1853 1131 1923 1162 sub-

1242 1182 1355 1213 iectu-m
1391 1183 1571 1214 sententiae
1593 1183 1771 1224 primariae
1803 1193 1920 1215 accom-

1239 1236 1382 1267 modatus
1405 1237 1504 1268 VIII.
1528 1238 1577 1276 12,
1600 1241 1633 1269 4.

1063 1289 1229 1321 Numerus
1252 1289 1409 1320 frumenti
1433 1290 1474 1321 V.
1499 1291 1549 1328 21,
1573 1291 1601 1322 8.

1060 1342 1240 1374 Numerius
1262 1343 1302 1374 X.
1326 1343 1352 1381 1,
1377 1343 1406 1374 3.

1061 1398 1159 1428 Nunc
1182 1407 1248 1427 eum
1271 1397 1396 1438 imperf.
1428 1397 1466 1428 V.
1500 1398 1549 1433 16,
1574 1400 1612 1434 4;
1644 1412 1683 1424 Ξ
1715 1399 1777 1429 1100
1809 1408 1920 1430 rerum

1186 1456 1270 1481 statu
1296 1451 1342 1482 II.
1367 1451 1398 1488 1,
1422 1451 1457 1487 83
1484 1461 1573 1481 1111110
1593 1452 1659 1481 iam
1682 1450 1710 1481 Ι.
1735 1451 1816 1490 8,2;
1831 1462 1919 1483 1111110

1187 1505 1294 1546 ipsum
1318 1505 1398 1535 VII.
1423 1505 1452 1540 9,
1476 1505 1506 1534 2.

1060 1559 1225 1589 Nuntium
1247 1558 1413 1590 remittere
1436 1559 1496 1590 XI.
1517 1559 1570 1597 23,
1593 1559 1621 1590 3.

1471 1641 1515 1674 0.

1062 1716 1090 1750 O
1106 1716 1273 1757 praecedit
1296 1727 1400 1748 aecus.
1426 1718 1459 1747 in
1483 1718 1687 1750 exclamando
1711 1718 1788 1750 VII.
1812 1719 1862 1750 25.

1060 1769 1088 1803 Ο
1112 1770 1236 1801 factum
1260 1770 1342 1802 bene
1366 1771 1478 1811 (male)
1500 1770 1579 1801 XV.
1606 1771 1632 1808 1,
1658 1771 1685 1802 1.

1597 1824 1686 1856 (110111
1707 1824 1804 1856 XVI.
1830 1827 1860 1862 ὅ,
1883 1825 1914 1857 1.

1057 1988 1206 2021 Obiratio
1230 1988 1289 2019 Vl.
1313 1989 1340 2023 3,
1365 1988 1394 2020 7.

1059 2044 1229 2085 obrogare
1253 2045 1318 2075 III.
1342 2045 1392 2082 23,
1421 2046 1447 2075 3.

1033 2107 1035 2130 τ
1058 2098 1204 2130 obscure
1228 2099 1314 2130 ferre
1340 2099 1397 2129 IX.
1423 2098 1452 2136 7,
1477 2101 1503 2129 3.

1057 2152 1240 2185 Observare
1267 2153 1362 2183 XIII.
1385 2153 1434 2188 49,
1458 2154 1487 2182 2.

1058 2205 1244 2245 Obsignare
1270 2205 1359 2235 XIV.
1384 2207 1417 2241 3,
1439 2206 1468 2234 2.

1034 2274 1035 2297 1
1057 2257 1236 2289 Obtentare
1259 2260 1437 2296 corruptum
1462 2257 1519 2288 IX.
1546 2258 1594 2295 10,
1613 2258 1647 2291 3.

1034 2342 1035 2356 3
1056 2310 1215 2342 obtinere
1240 2311 1284 2341 II.
1313 2311 1359 2345 16,
1383 2311 1412 2341 2.

1034 2358 1035 2365 ἵ
1058 2365 1250 2398 Obtrectare
1274 2365 1339 2396 111.
1363 2365 1412 2395 26.

1033 2422 1035 2452 }
1056 2419 1223 2452 Obvenire
1243 2420 1290 2450 II.
1316 2420 1364 2457 12,
1389 2422 1418 2450 4.

1056 2474 1198 2508 Obviam
1219 2476 1267 2506 ire
1283 2475 1401 2516 duplici
1424 2476 1512 2506 modo
1535 2475 1595 2506 dic.
1615 2474 1660 2506 II.
1677 2475 1754 2512 1,5;
1771 2474 1914 2512 obviam,

1222 2531 1334 2562 venire
1359 2530 1405 2561 II.
1430 2530 1478 2567 12,
1501 2532 1529 2560 4.

1032 2567 1035 2599 'f
1055 2582 1223 2624 Oceupare
1244 2584 1386 2614 absolute
1408 2583 1466 2614 IV.
1492 2583 1538 2620 17,
1565 2586 1594 2613 4.

1032 2649 1034 2674 1,
1055 2639 1236 2680 Occupatio
1258 2638 1305 2668 II.
1329 2638 1380 2675 23,
1407 2643 1432 2669 1.

1032 2687 1035 2727 ἓ
1056 2693 1233 2725 Ocnum-ere
1259 2692 1356 2723 xm.
1382 2692 1429 2730 19,
1454 2694 1482 2722 5.

1032 2759 1034 2789 j
1055 2745 1155 2778 Ocius
1178 2765 1219 2770 —-
1242 2746 1351 2787 potius
1376 2745 1465 2776 XVI.
1491 2745 1519 2782 3,
1545 2745 1574 2775 1.

1032 2794 1033 2797 ’
1055 2798 1213 2831 oculatus
1236 2808 1297 2828 non
1323 2797 1498 2828 Tullianum
1525 2797 1583 2827 1v.
1608 2798 1636 2834 6,
1660 2798 1689 2828 3.

1032 2881 1033 2889 ,
1055 2853 1193 2886 Odorari
1216 2853 1374 2883 translate
1398 2852 1458 2882 IV.
1482 2853 1500 2882 8
1524 2852 1554 2889 b,
1576 2853 1605 2882 4.

1032 2902 1034 2938 ζ
1055 2906 1229 2939 Offendere
1251 2907 1285 2937 iu
1308 2906 1419 2947 aliquo
1443 2906 1521 2936 VII.
1546 2906 1596 2941 14,
1620 2905 1651 2935 3.

1055 2960 1208 2992 Offensus
1231 2960 1329 2990 alicui
1354 2960 1400 2991 II.
1429 2960 1479 2995 19,
1504 2960 1541 2996 23
1567 2959 1600 2989 in
1625 2959 1767 2999 aliquem
1792 2958 1819 2988 Ι.
1835 2959 1865 2995 5,
1881 2958 1910 2987 5.

1055 3012 1180 3045 Offerre
1203 3023 1236 3044 se
1259 3013 1359 3044 alicui
1384 3013 1431 3043 II.
1458 3013 1484 3050 1,
1509 3013 1544 3049 3;
1569 3012 1700 3043 obviam
1723 3011 1782 3042 IV.
1807 3011 1834 3047 3,
1858 3012 1887 3041 5.

1056 3066 1208 3099 Officium
1231 3066 1392 3098 sermonis
1416 3065 1494 3096 VII.
1519 3067 1550 3105 4,
1573 3065 1603 3095 2.

1056 3119 1215 3153 Omnium
1241 3121 1398 3153 memoria
1420 3119 1515 3150 dubia
1537 3118 1652 3150 locutio
1675 3117 1714 3148 V.
1743 3118 1794 3155 20,
1816 3119 1844 3147 5.

2058 780 2059 792 ⁴
2043 677 2062 728 θ
