2062 3565
704 150 811 192 LIB.
847 149 939 191 XV.
975 148 1058 191 ΕΡ.
1095 148 1290 189 11--13.
1793 146 1875 185 :521

121 283 372 335 beneficium,
417 284 587 328 alterum
638 285 816 337 fortasse,
862 286 895 327 si
940 287 983 328 in
1015 284 1289 327 Tusculanum
1324 283 1491 325 venerit.
1536 282 1573 323 O
1606 280 1767 336 negotia
1800 294 1880 320 non

121 357 301 400 ferenda!
353 373 455 414 quae
504 360 687 401 feruntur
730 366 879 402 tamen.
934 358 1048 402 Τῶν
1092 354 1136 401 δ’
1179 355 1358 402 αἰτίαν
1402 358 1504 402 τῶν
1536 352 1774 416 Βρούτων
1804 368 1883 403 Υτις

123 428 253 492 «ξ’χεω
288 432 339 474 In
372 434 610 485 Octaviano,
644 439 691 475 ut
723 434 920 490 perspexi,
956 433 1052 475 satis
1085 433 1253 489 ingenii,
1289 433 1385 474 satis
1419 432 1557 483 animi,
1592 428 1882 483 videbaturque

122 521 216 563 erga
247 512 404 548 nostros
437 506 601 566 ἥρωας
632 507 691 548 ita
724 506 820 557 fore,
855 512 902 548 ut
934 522 1006 548 nos
1041 506 1244 558 vellemus,
1279 506 1494 548 animatus.
1530 504 1607 546 Sed
1641 502 1739 557 quid
1763 502 1883 544 aetati

123 581 366 624 credendum
411 582 476 633 sit,
527 581 626 638 quid
670 581 838 632 nomini,
884 581 981 636 quid
1027 581 1256 632 hereditati,
1290 580 1387 636 quid
1422 577 1714 637 κατηχήσω,
1750 576 1887 631 magni
1926 585 1939 608 5

124 654 282 697 consilii
314 659 388 696 est.
437 655 617 696 Vitricus
658 654 821 710 quidem
854 655 957 696 nihil
991 654 1193 706 censebat,
1228 669 1346 710 quem
1378 656 1554 696 Asturae
1584 651 1774 693 vidimus.
1809 649 1886 691 Sed

125 734 260 770 tamen
293 727 461 770 alendus
494 732 555 770 est
587 733 641 778 et,
674 732 722 769 ut
754 727 858 769 nihil
892 727 1017 779 aliud,
1053 727 1103 769 ab
1139 728 1316 770 Antonio
1351 725 1638 782 seiungendus.
1674 722 1890 765 Marcellus

127 801 340 859 praeclare,
388 802 422 844 si
465 802 662 857 praecipit
711 801 736 844 †
754 806 891 842 nostro
937 802 1077 852 nostri,
1113 802 1179 843 cui
1212 791 1374 857 quidem
1407 801 1474 842 ille
1508 799 1670 841 deditus
1703 798 1803 839 mihi
1836 797 1893 838 vi-

129 876 311 919 debatur.
347 877 502 919 Pansae
537 881 669 918 autem
706 881 746 916 et
779 876 914 917 Hirtio
947 891 1029 917 non
1063 876 1184 918 nimis
1218 875 1419 918 credebat.
1453 875 1568 915 Bona
1599 871 1768 921 indoles,
1805 864 1895 913 ἐὰν

130 944 379 1010 διαμείνῃ.

175 1122 193 1153 3
215 1114 334 1167 σῖχεν;
361 1119 535 1152 Octaviano
559 1137 596 1142 -

134 1262 311 1302 cogitabat.
334 1239 390 1293 §ic
413 1272 506 1294 mens
528 1261 660 1303 parasiti
685 1262 770 1303 apud
800 1262 996 1293 Terentium
1044 1276 1121 1297 eum
1143 1266 1210 1298 alii.
1233 1267 1312 1298 Vid.
1339 1266 1454 1307 Symb.
1485 1266 1567 1298 Crit.
1600 1265 1681 1296 VII.
1718 1276 1748 1306 p.
1771 1266 1800 1296 (5.
1834 1264 1904 1295 Nec

136 1325 205 1347 esse
227 1315 348 1347 dicitur
369 1316 404 1347 in
426 1316 560 1358 patinis.

178 1370 197 1410 ξ
219 1369 249 1401 2.
271 1369 305 1400 Si
327 1370 362 1400 in
387 1369 420 1402 T.
442 1370 563 1402 venerit
586 1381 620 1402 o:
652 1381 680 1402 si
701 1381 777 1402 eum
799 1370 934 1402 armatis
957 1370 998 1400 ad

137 1432 190 1455 nie
212 1424 352 1456 venerit.
376 1424 425 1457 Cf.
451 1435 501 1466 ep.
524 1426 552 1462 8,
577 1426 606 1457 2.
645 1425 686 1456 In
709 1425 799 1457 Med.
821 1424 850 1455 si
875 1423 1001 1456 excidit

139 1487 212 1523 post
226 1481 386 1522 sortasse.
409 1481 461 1520 Ni,
485 1483 575 1522 quod
591 1482 711 1514 Bosius
726 1482 762 1512 in
781 1480 815 1512 X
832 1480 1000 1512 invenisse

141 1545 176 1566 se
198 1539 318 1572 narrat,
341 1534 500 1566 vitiosum
523 1540 580 1567 est.
603 1535 692 1566 Nam
715 1534 831 1567 Cicero
853 1534 924 1565 sine
940 1533 1002 1564 iro-

142 1589 197 1620 nia
219 1588 361 1620 scribere
383 1589 540 1620 debebat:
563 1588 598 1619 Si
619 1589 652 1619 in
677 1587 710 1620 Τ.
731 1598 793 1619 non
814 1586 946 1618 venerit.

182 1645 242 1681 Τις
267 1637 355 1688 ἕχει.
380 1642 421 1673 In
447 1641 631 1674 Octaviano.
652 1643 713 1675 Est
724 1642 912 1674 emendatio
925 1641 1001 1673 We·
1028 1657 1032 1661 -

143 1700 311 1741 senbergii
332 1710 364 1741 p.
386 1699 438 1731 46.
461 1699 550 1730 Nam
571 1705 604 1730 et
619 1704 689 1730 erat
709 1699 817 1730 adhuc
832 1698 892 1729 illa
908 1697 1003 1728 Bruti

143 1756 240 1797 culpa
263 1755 319 1796 (cf.
341 1754 440 1786 XIV.
465 1755 514 1792 14,
535 1754 569 1794 2)
593 1754 673 1786 XV.
697 1754 747 1791 20,
771 1753 800 1791 2,
824 1759 856 1785 et
871 1752 1003 1794 quaein

143 1810 250 1852 aliq-uo
260 1815 346 1847 sunt,
360 1818 428 1840 non
440 1818 515 1840 cum
529 1809 640 1841 dativo
652 1808 846 1850 iunguntur.
859 1805 1006 1839 EIXEN

145 1869 255 1896 ortum
277 1870 326 1895 est
347 1872 391 1894 ex
413 1862 528 1894 EXEI
552 1863 612 1894 IN.

186 1917 404 1964 Κατηχήσει,
435 1917 646 1949 institutioni.
681 1917 722 1948 In
754 1916 850 1948 Pauli
884 1925 934 1958 ep.
968 1916 1009 1946 ad

147 1975 243 2007 Rom.
267 1974 312 2006 11.
338 1973 376 2004 18
409 1972 666 2019 κατηχούμενος
695 1972 829 2013 ponitur
851 1981 909 2012 pro
928 1982 1012 2014 mzt-v

149 2023 341 2072 δευόμενος.

190 2083 373 2114 Marcellus.
396 2083 447 2115 Cf.
472 2093 522 2125 ep.
544 2084 575 2118 3.
599 2084 615 2114 1
639 2083 673 2115 h.
698 2083 720 2114 l.

193 2136 227 2166 Si
243 2135 404 2178 praecipit
425 2139 534 2168 nostro
555 2136 667 2168 nostri.
690 2137 731 2168 In
753 2137 805 2168 his
821 2136 930 2168 verbis
942 2144 1010 2167 cor-

151 2194 299 2235 rigendis
322 2204 390 2226 non
412 2194 541 2227 felicior
562 2194 626 2227 fuit
647 2195 810 2232 Moserus,
821 2203 922 2236 quam
933 2197 1009 2224 ante

743 2313 872 2355 XIII.

1045 1320 1206 1351 assentior
1227 1319 1460 1361 Peerlkampio
1482 1319 1658 1350 scribenti:
1693 1317 1731 1350 Si
1746 1318 1904 1358 praecipit

1045 1378 1161 1407 nostro.
1185 1375 1286 1414 Nosti,
1310 1377 1360 1407 eui
1384 1387 1413 1418 q.
1434 1376 1490 1407 ille
1512 1375 1639 1406 deditus
1661 1374 1736 1405 mihi
1749 1373 1905 1404 videatur.

1046 1429 1195 1461 Nostrum
1220 1429 1335 1461 Cicero
1357 1434 1453 1461 vocat
1475 1429 1629 1466 Brutum,
1661 1438 1729 1459 non
1754 1426 1905 1458 Octavia·

1046 1494 1140 1515 num.
1180 1484 1221 1515 In
1245 1486 1353 1515 noslro
1383 1484 1483 1515 latere
1512 1488 1620 1524 potest
1648 1492 1720 1513 voe.
1749 1480 1909 1512 Graecum

1045 1534 1180 1571 νόστον.
1221 1538 1273 1569 Ita
1294 1538 1459 1569 sententia
1480 1536 1561 1568 haec
1584 1536 1704 1567 oritur:
1730 1535 1910 1566 Marcellus

1046 1596 1212 1637 praeclare
1235 1595 1313 1635 agit,
1336 1595 1365 1626 si
1389 1593 1547 1635 praecipit
1564 1592 1757 1629 Octaviano,
1778 1597 1815 1622 ut
1830 1591 1912 1622 Bru-

1046 1656 1116 1681 tum
1139 1650 1174 1681 in
1206 1649 1321 1680 urbem
1353 1649 1500 1685 reducat,
1530 1656 1615 1679 neve
1648 1646 1782 1677 Italiam
1816 1646 1912 1677 relin-

1047 1713 1147 1745 quere
1169 1703 1265 1734 sinat.
1289 1701 1450 1733 Marcello
1473 1700 1676 1733 Octavianus
1687 1699 1819 1731 deditus
1838 1708 1908 1730 esse

1049 1758 1234 1788 videbatur.
1259 1755 1386 1794 Quodsi
1407 1755 1460 1786 cui
1483 1755 1600 1785 idonea
1623 1762 1721 1784 causa
1737 1753 1850 1783 deesse
1865 1753 1909 1783 vi-

1051 1813 1177 1849 deatur,
1209 1820 1267 1842 cur
1289 1810 1406 1841 Cicero
1430 1819 1497 1840 non
1520 1808 1629 1849 potius
1658 1806 1793 1838 reditum
1816 1807 1914 1847 scrip-

1053 1865 1141 1902 serit,
1172 1865 1199 1895 is
1228 1863 1331 1894 velim
1367 1862 1511 1893 rationes
1541 1861 1656 1893 afferat
1683 1870 1741 1892 cur
1762 1860 1857 1901 plura
1880 1860 1914 1890 in

1054 1920 1116 1950 hac
1146 1918 1285 1959 epistola
1313 1915 1437 1948 Graece
1474 1917 1637 1952 dicantur,
1678 1923 1762 1955 qnae
1793 1913 1914 1954 optime

1056 1972 1175 2003 Latine
1197 1971 1262 2002 dici
1289 1974 1431 2011 possent.

1096 2025 1169 2056 Non
1197 2023 1290 2055 nimis
1318 2022 1464 2054 credebat
1504 2021 1715 2054 Octavianus.
1760 2020 1850 2052 Male
1881 2020 1914 2050 in

1055 2079 1175 2112 Onom.
1199 2078 1290 2110 Tull.
1328 2089 1357 2118 p.
1386 2077 1445 2108 156
1478 2078 1538 2108 hoc
1571 2077 1611 2107 ad
1640 2075 1836 2107 Marcellum
1871 2084 1915 2105 re-

1054 2134 1166 2166 fertur.
1690 2131 1694 2133 ’

937 2313 1003 2366 (Α.
1046 2308 1091 2349 U.
1130 2308 1171 2348 C.
1210 2306 1327 2360 710.)

221 2443 261 2483 1.
309 2454 410 2483 VIII.
461 2439 554 2482 Kal.
600 2439 700 2482 duas
749 2456 772 2482 a
819 2444 859 2481 te
903 2436 1039 2493 accepi
1083 2434 1286 2492 epistolas.
1338 2430 1603 2488 Respondebo
1636 2431 1761 2486 igitur
1794 2431 1913 2487 priori

198 2603 216 2641 ξ
240 2602 268 2632 1.
298 2599 387 2630 VIII
393 2599 469 2630 Kal.
481 2598 696 2630 Perturbatus
705 2598 920 2638 epistolarum
931 2598 1011 2629 ordo

158 2666 261 2698 quum
284 2655 365 2686 alibi
394 2655 588 2695 interpretes
622 2653 656 2683 in
689 2652 838 2683 fraudem
872 2652 1015 2690 induxit,

161 2716 233 2742 tum
255 2717 418 2749 nusquam
440 2707 547 2748 magis
578 2715 678 2747 quam
709 2706 744 2737 in
773 2706 835 2736 hac
869 2705 1015 2747 epistola..

161 2762 356 2794 Rectissime
385 2767 495 2792 autem
527 2759 610 2790 vidit
642 2757 819 2790 Schutzius
852 2758 1018 2790 Kalendas

164 2825 234 2848 esse
256 2815 451 2851 Novembres,
473 2814 521 2845 ita
541 2817 578 2843 ut
596 2813 677 2844 haec
693 2812 832 2854 epistola
846 2812 952 2854 prima
965 2813 1017 2851 sit,

165 2879 250 2911 quae
271 2869 349 2900 satis
369 2869 474 2909 longo
489 2866 664 2898 intervallo
675 2871 831 2908 sequatur
846 2867 1018 2908 epistolam

165 2923 182 2956 7
206 2923 282 2954 libri
305 2921 404 2959 XVI,
427 2930 510 2963 quae
533 2921 568 2952 in
584 2920 691 2952 reditu
703 2929 746 2952 ex
759 2930 856 2952 cursu
867 2920 1018 2952 Achaico

167 2976 287 3017 scripta
307 2980 356 3008 est
378 2975 468 3007 XIV
490 2975 565 3006 Kal.
597 2973 686 3016 Sept.
720 2975 839 3016 Itaque
868 2975 1022 3006 videntur

167 3031 276 3072 plures
297 3031 413 3063 literae
435 3031 526 3062 illius
547 3030 703 3071 temporis
725 3030 878 3071 periisse;
901 3031 959 3062 sed
975 3030 1022 3061 in-

168 3089 313 3126 terrupta
336 3095 467 3126 quoque
489 3085 553 3116 fuit
584 3084 698 3115 missio
731 3085 944 3125 epistolarum
974 3093 1023 3122 eo,

167 3137 257 3178 quod
279 3136 395 3169 Cicero
419 3138 544 3169 interea
565 3137 600 3168 in
622 3136 703 3168 urbe
733 3136 851 3169 fuerat.
883 3137 1023 3168 Romam

167 3194 303 3221 venerat
323 3189 429 3230 pridie
450 3189 524 3220 Kal.
550 3188 650 3230 Sept„
675 3190 731 3220 sed
755 3189 842 3230 ipsis.
868 3189 942 3220 Kal.
958 3199 1023 3220 non

232 3244 291 3286 H.

1065 2598 1157 2630 venit
1179 2598 1212 2629 in
1235 2597 1370 2633 curiam,
1405 2605 1508 2636 quum
1530 2593 1700 2625 Antonius
1723 2591 1858 2623 referret
1879 2591 1918 2621 de

1064 2650 1358 2692 supplicationibus
1396 2647 1529 2680 Caesari
1563 2645 1788 2678 decernendis.
1830 2643 1919 2674 Hinc

1064 2706 1302 2738 contumeliose
1325 2705 1371 2735 ab
1398 2703 1551 2735 Antonio
1580 2706 1736 2732 tractatus
1763 2697 1921 2739 postridie

1067 2759 1174 2800 (Fam.
1197 2758 1279 2790 XII.
1303 2758 1354 2796 25,
1378 2757 1412 2797 3)
1436 2756 1470 2787 in
1494 2760 1609 2788 senatu
1632 2752 1747 2785 habuit
1769 2761 1840 2783 eain
1854 2761 1921 2781 ora-

1066 2813 1202 2851 tionem,
1234 2821 1318 2853 quae
1353 2811 1439 2842 inter
1471 2808 1673 2849 Philippicas
1712 2806 1817 2847 primo
1851 2804 1922 2834 loco

1066 2866 1209 2907 ponitur.
1230 2865 1301 2896 Nec
1323 2864 1430 2895 multo
1451 2868 1526 2904 post
1549 2860 1690 2892 Antonii
1714 2856 1923 2890 contumeliis

1068 2919 1233 2960 minisque
1261 2917 1432 2949 lacessitus
1465 2914 1594 2955 scripsit
1626 2911 1844 2952 Philippicam
1877 2918 1923 2940 se-

1069 2975 1222 3011 cundam,
1244 2982 1328 3014 quae
1354 2969 1445 3002 XIII
1467 2969 1543 3000 Kal.
1577 2967 1708 3000 Octobr.
1743 2965 1775 2995 in
1809 2971 1923 2994 senatu

1068 3028 1183 3059 habita
1205 3036 1275 3058 esse
1297 3025 1442 3065 fingitur,
1472 3023 1529 3054 sed
1550 3031 1649 3062 quam
1671 3029 1738 3050 non
1771 3018 1834 3048 nisi
1871 3027 1925 3048 ex-

1071 3085 1170 3112 eunte
1203 3088 1316 3110 mense
1345 3076 1481 3109 Octobri
1518 3074 1701 3105 absolutam
1736 3071 1836 3101 fuisse
1875 3071 1927 3101 vel

1072 3134 1150 3166 inde
1173 3138 1314 3175 apparet,
1337 3131 1426 3172 quod
1448 3139 1519 3160 earn
1542 3128 1640 3169 paulo
1662 3130 1737 3156 aute
1770 3125 1828 3155 has
1859 3123 1928 3154 lite-

1074 3198 1124 3219 ras
1149 3188 1262 3219 Attico
1285 3195 1344 3216 suo
1368 3184 1498 3214 miserat
1527 3183 1557 3219 ‡§
1584 3182 1625 3220 1).
1650 3179 1775 3209 Vrbem
1795 3177 1928 3217 quodie

1689 3236 1739 3274 21
