2062 3565
723 160 830 202 LIB.
866 159 965 202 XII.
1000 160 1084 202 ΕΡ.
1123 160 1317 202 18--20,
1818 160 1900 199 1153

136 296 186 338 ad
219 300 259 338 te
292 295 446 351 scripsi,
481 296 581 338 scire
616 296 704 338 volo
738 311 800 338 me
834 311 964 351 neque
997 297 1075 338 isto
1107 297 1253 338 nuntio
1287 312 1371 338 esse
1406 295 1683 352 perturbatum
1718 310 1790 337 nec
1821 296 1899 336 iam

137 369 219 412 ullo
251 367 531 425 perturbatum
563 370 642 411 iris
664 372 706 411 3.
741 370 872 412 Pansa
905 369 939 411 si
972 369 1106 420 hodie,
1141 374 1187 411 ut
1210 368 1393 426 putabas,
1419 368 1620 425 profectus
1643 378 1716 420 est,
1737 369 1900 425 posthae

134 443 214 486 iam
256 442 424 498 incipito
467 442 639 486 scribere
684 444 734 486 ad
780 459 842 486 me
886 444 935 486 de
979 444 1096 486 Bruti
1140 444 1317 486 adventu
1363 443 1460 500 quid
1510 447 1729 500 exspectes,
1764 443 1806 485 id
1840 450 1901 485 est

136 532 235 573 quos
267 515 317 558 ad
350 515 450 558 dies.
485 517 549 568 Id,
583 518 617 559 si
651 518 751 560 scies
784 517 856 560 ubi
888 518 967 560 iam
1002 518 1068 569 sit,
1087 517 1202 560 facilc
1223 517 1452 559 coniectura
1470 532 1692 572 assequere.
1714 520 1755 560 4.
1780 518 1899 571 Quod

135 590 185 633 ad
217 590 404 632 Tironem
439 590 488 632 de
521 591 708 634 Terentia
741 591 898 644 scribis,
933 591 1097 634 obsecro
1131 596 1184 643 te,
1210 593 1263 633 ini
1285 592 1432 642 Attice,
1453 591 1609 647 suscipe
1632 596 1761 634 totum
1782 607 1901 648 nego-

134 655 251 705 tium.
308 662 433 705 Vides
477 668 517 706 et
549 665 726 707 officium
760 665 825 721 agi
859 681 993 708 meum
1027 665 1244 721 quoddam,
1279 670 1343 707 cui
1379 670 1424 707 tu
1457 680 1499 707 es
1532 665 1732 716 conscius,
1767 671 1820 717 et,
1858 672 1902 708 ut

134 736 322 779 nonnulli
353 741 513 793 putant,
547 737 753 780 Ciceronis
786 753 883 780 rem.
919 739 987 780 Me
1021 738 1185 794 quidem
1219 738 1260 780 id
1295 738 1421 780 multo
1455 738 1581 792 magis
1616 744 1760 791 movet,
1793 741 1901 796 quod

135 811 236 853 mihi
279 816 340 853 est
383 816 423 854 et
466 812 646 854 sanctius
689 818 730 855 et
771 813 992 869 antiquius,
1040 813 1269 869 praesertim
1303 828 1426 869 quum
1462 812 1536 854 hoc
1569 812 1737 854 alterum
1771 828 1901 869 neque

133 884 334 926 sincerum
365 900 496 941 neque
529 887 687 929 firmum
719 893 858 944 putem
889 887 986 930 fore.

176 996 197 1026 4
217 997 290 1037 quot
316 995 361 1027 ad
379 995 449 1028 dies
472 1015 513 1021 —

135 1088 252 1121 Cicero
274 1089 341 1121 iam
364 1099 407 1122 ex
430 1090 572 1122 aliorum
594 1090 699 1122 literis
715 1096 926 1131 cognoverat,
946 1099 995 1131 ep.
1016 1096 1019 1160 1
1086 1090 1104 1129 ξ
1126 1092 1156 1121 4.
1180 1090 1304 1129 Agitur
1326 1091 1366 1121 de
1389 1090 1596 1129 obsignando
1617 1096 1820 1128 testamento,
1838 1100 1902 1131 qua

136 1144 175 1175 18
198 1154 226 1182 a,
252 1144 279 1183 l,
303 1154 392 1176 nunc
414 1154 458 1177 ex
479 1145 580 1177 Balbi
602 1154 734 1186 quoque
757 1150 790 1177 et
812 1143 912 1186 Oppii
927 1145 995 1186 epi·
1043 1145 1077 1176 in
1101 1154 1136 1176 re
1158 1145 1315 1176 Terentia
1349 1145 1539 1185 obiurgarat
1573 1144 1778 1183 Ciceronem,
1813 1146 1902 1186 quod

134 1197 226 1229 stolis
254 1198 422 1230 didicerat.
464 1197 612 1230 Omnino
643 1198 754 1239 itaque
786 1198 997 1230 scribendum
1043 1200 1153 1231 officio
1175 1210 1291 1241 parum
1313 1199 1536 1231 satisfecisset.

134 1252 175 1284 B.
196 1263 325 1295 quoque,
350 1263 418 1285 non
440 1258 478 1284 ut
499 1253 534 1284 in
557 1253 647 1284 Med.
670 1258 719 1284 est
729 1263 846 1295 quoque
864 1252 995 1284 Balbus.
1088 1252 1226 1294 Officium
1249 1252 1302 1294 ayi
1325 1263 1420 1283 meum
1451 1262 1484 1284 o:
1509 1253 1736 1294 quaestionem
1760 1262 1830 1284 esse
1861 1253 1902 1284 de

133 1307 175 1339 cf.
199 1307 355 1340 Wesenb.
379 1318 409 1349 p.
436 1306 486 1339 36.
508 1307 649 1349 Reliqua
671 1307 759 1339 male
774 1307 997 1339 sollicitantur
1043 1316 1091 1344 eo,
1114 1317 1196 1338 num
1219 1307 1353 1347 egerim,
1377 1313 1413 1338 ut
1435 1307 1543 1338 virum
1567 1308 1691 1338 bonum
1714 1307 1835 1339 deceat.
1860 1306 1901 1338 cf.

134 1370 154 1391 a
174 1360 308 1392 Mosero
330 1360 447 1402 Symb.
470 1360 551 1392 Crit.
574 1361 676 1392 VIII.
696 1371 717 1402 p
742 1362 773 1392 4.
803 1359 996 1401 conscripsit
1041 1359 1137 1391 Fam.
1162 1359 1264 1391 XIII.
1284 1359 1312 1397 7,
1338 1360 1372 1390 l:
1396 1370 1486 1401 quum
1509 1378 1550 1383 —-
1567 1369 1713 1391 summum
1730 1359 1900 1401 meumqffi-

134 1423 203 1445 non
226 1418 275 1445 est
297 1424 360 1444 una
384 1423 450 1444 cum
477 1412 573 1455 Oppio
594 1413 731 1454 scripsit,
748 1414 805 1445 sed
817 1414 910 1446 verbi
921 1414 997 1445 sim-
1041 1412 1122 1444 cium
1144 1415 1291 1455 asseretur
1314 1414 1392 1445 ibid.
1417 1414 1445 1452 9,
1476 1413 1495 1444 2
1517 1413 1554 1452 is,
1585 1414 1675 1446 cuius
1697 1413 1900 1455 praem'puum

134 1466 229 1508 plicis
251 1467 325 1498 loco
343 1467 486 1508 ponitur,
499 1472 538 1498 ut
553 1466 657 1498 XIII.
672 1466 723 1503 50,
741 1467 758 1497 1
773 1465 945 1507 conscripsi
956 1466 997 1498 de
1045 1467 1154 1508 aqilur
1175 1467 1315 1508 officium.

133 1520 184 1552 his
203 1519 294 1552 libris
315 1520 490 1562 epistolam,
511 1521 580 1552 III.
596 1521 645 1559 15,
662 1521 681 1551 8
701 1526 735 1553 et
757 1521 898 1562 saepius.
1087 1521 1158 1553 Hoc
1178 1522 1313 1553 alterum
1337 1532 1368 1553 o:
1394 1522 1499 1553 Marci
1521 1522 1583 1553 filii
1604 1523 1826 1560 commodum,
1849 1523 1902 1554 cui

177 1574 197 1615 ξ
219 1575 249 1606 3.
277 1572 363 1611 Quos
385 1574 430 1606 ad
451 1573 519 1605 dies
547 1584 580 1606 οε
615 1574 701 1605 circa
733 1584 814 1615 quos
842 1574 912 1606 dies
942 1583 998 1606 ex-
1045 1576 1202 1608 Terentia
1234 1577 1408 1608 videbatur
1444 1577 1489 1608 ita
1517 1577 1699 1615 consulere,
1730 1582 1765 1608 ut
1795 1586 1901 1618 neque

133 1622 330 1670 spectes'M.
354 1629 498 1660 Brutum
521 1638 539 1660 e
572 1628 745 1670 provincia
775 1627 885 1659 Gallia
913 1628 994 1660 redi·
1018 1655 1019 1659 ,
1044 1631 1169 1672 optima
1193 1632 1256 1662 fide
1286 1637 1398 1671 ageret
1428 1637 1469 1669 et,
1508 1631 1535 1662 si
1565 1636 1643 1662 tunc
1673 1631 1726 1662 vel
1755 1631 1901 1663 maxime

133 1687 246 1715 turum
268 1692 348 1715 esse.
370 1681 414 1714 cf.
437 1692 487 1724 ep.
511 1682 560 1720 27,
587 1683 615 1714 3.
638 1683 688 1720 29,
713 1682 742 1713 1.
778 1681 861 1723 Quos
884 1682 996 1714 adver·
1043 1685 1244 1716 adolescenti
1269 1685 1351 1717 bene
1373 1685 1484 1723 vellet,
1507 1692 1620 1726 postea
1641 1690 1750 1717 tamen
1772 1690 1900 1718 senten-

133 1745 187 1767 sus
210 1734 375 1769 Orellium
397 1736 482 1768 bene
503 1735 652 1768 defendit
674 1735 838 1774 Klotzius,
856 1735 995 1767 laudans
1041 1738 1123 1770 tiam
1146 1744 1297 1771 mutaret.

134 1793 253 1825 ultima
274 1792 375 1825 verba
397 1802 440 1825 ex
463 1802 513 1834 ep.
536 1793 555 1824 9
577 1793 655 1824 libri
677 1791 779 1824 XIII.

743 1900 834 1941 XX.
901 1900 966 1952 (A.
1009 1899 1054 1940 U.
1092 1899 1136 1941 0.
1175 1900 1292 1954 709.)

198 2016 237 2056 l.
283 2015 477 2057 Nondum
522 2015 668 2056 videris
717 2015 954 2071 perspicere,
1003 2029 1124 2070 quam
1168 2029 1231 2056 me
1274 2030 1347 2057 nec
1387 2015 1591 2057 Antonius
1625 2018 1898 2067 commoverit,

131 2103 205 2130 nec
239 2087 461 2144 quidquam
495 2088 576 2130 iam
608 2087 808 2129 eiusmodi
840 2088 967 2142 possit
999 2103 1261 2130 commovere.
1296 2089 1357 2130 De
1390 2088 1576 2130 Terentia
1601 2094 1735 2131 autem
1759 2091 1901 2147 scripsi

132 2160 182 2202 ad
215 2165 255 2204 te
286 2160 338 2203 iis
369 2161 510 2212 literis,
546 2176 644 2217 quas
677 2160 864 2203 dederam
903 2161 1048 2217 pridie.
1081 2161 1202 2214 Quod
1234 2177 1297 2203 me
1331 2161 1516 2213 hortaris,
1550 2161 1674 2218 idque
1707 2178 1729 2205 a
1760 2165 1901 2205 ceteris

132 2235 349 2277 desiderari
381 2234 538 2287 scribis,
575 2240 618 2278 ut
651 2235 902 2278 dissimulem
936 2251 999 2277 me
1033 2240 1117 2277 tam
1149 2236 1323 2291 graviter
1348 2235 1495 2287 dolere,
1520 2251 1734 2292 possumne
1758 2237 1900 2292 magis,

133 2323 251 2364 quam
286 2323 412 2364 quum
444 2313 550 2350 totos
584 2308 669 2351 dies
702 2324 894 2351 consumo
926 2309 970 2350 in
1001 2308 1158 2351 literis?
1192 2308 1311 2361 Quod
1345 2309 1421 2351 etsi
1447 2324 1528 2351 non
1552 2309 1899 2361 dissimulationis,

132 2381 202 2423 sed
245 2382 380 2438 potius
422 2381 600 2424 leniendi
643 2388 684 2424 et
719 2382 888 2424 sanandi
921 2382 1046 2424 animi
1078 2398 1199 2424 causa
1231 2382 1348 2434 facio,
1383 2387 1532 2434 tamen,
1568 2384 1601 2424 si
1634 2383 1735 2424 mihi
1767 2384 1901 2425 minus

131 2455 308 2512 proficio,
343 2455 592 2497 simulationi
624 2461 730 2498 certe
762 2456 865 2498 facio
898 2457 1009 2498 satis.
1045 2459 1086 2498 2.
1120 2456 1261 2498 Minus
1298 2456 1426 2498 multa
1458 2455 1508 2498 ad
1541 2461 1580 2498 te
1614 2456 1768 2512 scripsi,
1794 2457 1899 2512 quod

131 2528 411 2586 exspectabam
442 2534 534 2572 tuas
565 2530 701 2572 literas
733 2530 784 2572 ad
817 2545 897 2581 eas,
932 2545 1030 2586 quas
1063 2530 1113 2572 ad
1146 2535 1187 2572 te
1219 2529 1348 2586 pridie
1371 2529 1573 2572 dederam.
1607 2529 1899 2586 Exspectabam

132 2608 267 2646 autem
311 2604 484 2645 maxime
527 2603 576 2646 de
621 2603 728 2655 fano,
772 2604 960 2646 nonnihil
1008 2605 1130 2646 etiam
1173 2604 1222 2646 de
1265 2604 1466 2646 Terentia.
1516 2604 1650 2646 Velim
1683 2619 1745 2645 me
1778 2603 1900 2645 facias

131 2677 339 2718 certiorem
384 2677 576 2732 proximis
617 2677 759 2729 literis,
808 2676 884 2718 Cn.
928 2677 1090 2733 Caepio,
1136 2677 1326 2720 Serviliae
1371 2677 1532 2719 Claudii
1580 2682 1705 2732 pater,
1760 2678 1898 2719 vivone

132 2755 243 2807 patre
290 2766 363 2792 suo
411 2750 621 2806 naufragio
666 2750 840 2806 perierit,
888 2765 940 2792 an
982 2756 1154 2802 mortuo,
1196 2751 1293 2793 item
1339 2751 1493 2793 Rutilia
1526 2751 1667 2792 vivone
1701 2751 1746 2793 C.
1782 2752 1898 2793 Cotta

133 2824 213 2865 filio
246 2839 318 2866 suo
351 2829 509 2866 mortua
541 2824 608 2876 sit,
641 2838 693 2866 an
727 2828 897 2866 mortuo.
932 2823 1144 2866 Pertinent
1176 2824 1227 2867 ad
1260 2839 1352 2866 eum
1386 2824 1549 2876 librum,
1576 2840 1693 2881 quem
1718 2825 1766 2867 de
1784 2825 1896 2866 luctu

133 2897 352 2940 minuendo
385 2898 632 2954 scripsimus.

175 3028 194 3067 ξ
218 3028 246 3059 1.
269 3027 476 3060 Simulationi
490 3028 587 3068 =facio
605 3029 687 3060 satis
705 3039 740 3060 o:
760 3036 888 3061 tantum
905 3038 994 3070 prae·
1040 3029 1281 3061 dubitationem
1304 3030 1393 3061 tollit
1416 3032 1560 3064 narratio
1583 3034 1617 3064 iu
1640 3033 1784 3064 Senecae
1806 3043 1897 3063 cons.

134 3085 195 3117 stc,
217 3085 255 3111 ut
275 3081 351 3112 aliis
373 3081 479 3113 videri
501 3081 640 3113 debeam
661 3093 729 3114 non
754 3083 877 3114 dolere.
1016 3123 1017 3130 ἵ
1039 3083 1081 3113 ad
1102 3083 1271 3122 Helviam,
1297 3084 1345 3114 16.
1368 3084 1541 3117 Laudatur
1563 3086 1618 3123 ibi,
1643 3087 1731 3127 quod
1754 3086 1787 3117 in
1805 3085 1900 3118 Cotta

175 3133 195 3173 ξ
219 3133 249 3164 2.
276 3134 331 3165 Cn.
359 3133 485 3176 Caepio.
505 3134 556 3166 De
576 3135 640 3166 hoc
661 3135 747 3167 nihil
768 3141 907 3168 constat.
943 3136 992 3168 De
1014 3142 1017 3174 ζ
1040 3136 1110 3168 filio
1133 3137 1272 3178 expulso
1295 3138 1460 3176 virtutem,
1488 3139 1521 3170 in
1545 3139 1665 3171 amisso
1687 3140 1898 3181 prudentiam

138 3186 260 3218 Rutilia
285 3197 389 3228 quum
410 3189 571 3221 dubitaret
594 3189 735 3228 Atticus,
756 3190 821 3222 vid.
839 3200 888 3231 ep.
902 3190 993 3228 5222,
1013 3178 1018 3205 ¹
1041 3193 1195 3225 ostendit.

1944 610 1957 634 5

1923 2620 1955 2647 10
