2062 3565
197 168 280 207 110
599 167 683 207 ΕΡ.
718 165 793 205 AD
826 165 872 204 T.
908 162 1257 204 POMPONIUM
1290 161 1555 202 ATTICUM.

194 316 238 341 ac
288 301 405 341 simul
447 307 566 355 atque
612 300 724 340 Have
770 298 869 339 mihi
903 297 1020 346 dixit,
1056 296 1207 346 statim,
1244 295 1340 349 quid
1375 295 1424 336 de
1456 307 1497 336 te
1530 295 1722 347 audisset,
1757 296 1957 351 exposuit.

194 373 350 426 Negavi
383 388 444 413 me
478 372 592 422 scire,
630 370 728 425 (sed)
761 383 898 412 tamen
932 368 982 410 ab
1015 384 1061 410 eo
1095 369 1234 423 petivi,
1268 373 1315 409 ut
1347 367 1397 409 ad
1430 374 1469 410 te
1502 368 1637 410 literas
1660 370 1851 420 mitteret,
1872 369 1958 424 qui-

193 444 269 486 bus
302 445 471 485 maxime
506 444 556 485 ad
589 443 880 484 remanendum
914 442 1155 484 commoveri
1188 456 1338 497 posses.
1372 442 1440 482 Me
1474 456 1609 482 secum
1643 442 1685 483 in
1719 442 1960 498 Hispaniam

193 517 318 558 ducit.
365 518 485 566 Nam,
520 517 598 557 nisi
631 517 689 557 ita
723 516 884 567 faceret,
919 531 992 570 ego
1025 515 1150 570 prius,
1186 529 1306 568 quam
1339 514 1389 555 ad
1423 513 1562 555 urbem
1596 514 1838 567 accederem,
1872 514 1961 556 ubi-

157 605 171 629 5
193 605 350 643 cunque
400 605 518 640 esses,
564 589 613 630 ad
663 595 703 630 te
754 589 1089 645 percucurrissem
1131 593 1171 628 et
1211 587 1287 628 hoc
1321 603 1344 629 a
1375 593 1415 629 te
1448 603 1634 642 praesens
1668 588 1963 630 contendissem

193 668 310 716 atque
357 662 465 703 omni
514 663 550 703 vi
595 670 634 704 te
670 663 940 704 retinuissem.
977 665 1017 703 5.
1052 662 1188 703 Etiam
1222 666 1340 715 atque
1374 662 1509 712 etiam,
1544 661 1698 712 Cicero,
1733 661 1879 716 cogita,
1913 677 1963 703 ne

192 742 230 776 te
264 743 433 789 tuosque
467 751 604 777 omnes
637 736 821 778 funditus
855 742 1022 786 evertas,
1066 751 1115 777 ne
1148 740 1188 776 te
1222 735 1351 776 sciens
1385 734 1641 790 prudensque
1675 749 1721 775 eo
1755 734 1960 784 demittas,

194 809 299 850 unde
343 810 495 850 exitum
538 809 647 851 vides
692 810 851 851 nullum
896 824 995 850 esse.
1046 808 1202 860 Quodsi
1245 814 1284 849 te
1318 814 1389 849 aut
1421 823 1536 849 voces
1570 807 1825 863 optimatium
1859 821 1964 847 com-

194 886 355 922 movent
397 887 467 923 aut
512 883 800 924 nonnullorum
842 882 1051 923 hominum
1098 882 1353 923 insolentiam
1387 886 1426 922 et
1459 881 1716 922 iactationem
1750 881 1850 922 ferre
1883 896 1965 922 non

142 976 174 1002 10
195 965 321 1009 potes,
368 955 491 1010 eligas
540 971 682 998 censeo
727 956 890 1010 aliquod
936 954 1127 1010 oppidum
1163 969 1334 995 vacuum
1368 969 1390 994 a
1424 953 1541 1004 bello,
1572 954 1667 995 dum
1702 954 1799 996 haec
1834 954 1966 996 decer-

198 1033 363 1079 nuntur,
403 1044 504 1083 quae
539 1022 617 1070 iam
652 1036 771 1070 erunt
804 1028 997 1069 confecta.
1034 1027 1081 1069 Id
1117 1028 1149 1068 si
1183 1027 1336 1074 feceris,
1372 1032 1410 1066 et
1443 1041 1515 1080 ego
1543 1033 1581 1067 te
1605 1027 1804 1081 sapienter
1827 1027 1966 1069 fecisse

196 1102 384 1143 iudicabo
418 1107 458 1144 et
491 1103 699 1144 Caesarem
735 1118 813 1143 non
850 1102 1041 1142 offendes.

240 1260 258 1290 2
283 1261 384 1297 δεῖνι),-
409 1263 513 1291 tamen
534 1279 574 1283 —-

240 1400 360 1442 Neyavi
382 1411 428 1431 me
449 1400 541 1439 scire,
563 1400 620 1432 sed
641 1404 743 1432 tamen
767 1407 827 1433 cet.
861 1400 923 1432 Sed
945 1401 1054 1432 addidi
1152 1403 1170 1441 ς’
1195 1403 1222 1432 5.
1247 1401 1358 1432 Sciens
1373 1399 1585 1440 prudensque.
1609 1399 1746 1430 Inverso
1768 1398 1884 1430 ordine
1892 1407 1967 1438 pru-

199 1464 241 1484 ex
263 1455 366 1486 altero
389 1455 552 1495 exemplo,
578 1465 619 1486 ne
641 1455 748 1486 hiaret
770 1455 884 1491 oratio,
901 1455 1060 1495 probante
1107 1453 1185 1484 dens
1207 1456 1238 1484 et
1261 1453 1363 1484 sciens
1386 1452 1498 1484 scribit
1533 1452 1646 1483 Cicero
1677 1451 1770 1482 Fam.
1795 1451 1858 1482 VI.
1887 1451 1915 1488 6,
1939 1450 1968 1482 6.

200 1509 356 1541 Wesenb.
380 1510 401 1540 l.
427 1510 449 1540 l.
1083 1521 1085 1549 j
1107 1509 1208 1539 Marc.
1235 1509 1274 1538 14
1296 1514 1328 1539 et
1351 1513 1427 1538 ante
1450 1516 1525 1538 eum
1561 1506 1736 1537 Terentius
1771 1506 1804 1537 in
1829 1505 1915 1536 Eun.
1941 1506 1968 1536 Ι.

241 1562 510 1594 Ρενειιεηννίζςκηι
534 1573 550 1594 e
573 1563 663 1595 Med.
687 1568 774 1595 reete
796 1563 885 1594 dedit
915 1562 1059 1595 Orellius
1083 1566 1085 1590 ἰ
1109 1563 1134 1598 1,
1160 1562 1209 1594 27.

204 1615 235 1646 in
262 1616 338 1646 edit.
362 1616 476 1647 altera.

831 1735 881 1774 Χ.
949 1735 1012 1787 (A.
1057 1735 1100 1775 cs.
1141 1737 1182 1775 C.
1222 1734 1339 1787 705.)

272 1852 308 1890 l.
346 1849 413 1890 Me
448 1864 624 1900 caecum,
658 1848 727 1903 qui
760 1849 857 1889 haec
891 1856 983 1890 ante
1017 1865 1097 1891 non
1131 1848 1319 1890 viderim!
1356 1848 1453 1889 Misi
1488 1847 1537 1889 ad
1570 1852 1610 1888 te
1644 1845 1854 1901 epistolam
1886 1847 1969 1886 An-

205 1923 321 1964 tonii.
372 1923 422 1963 Ei
457 1938 581 1977 quum
615 1937 688 1977 ego
723 1922 952 1977 saepissime
988 1923 1233 1978 scripsissem
1269 1921 1372 1962 nihil
1404 1936 1468 1962 me
1510 1926 1647 1961 contra
1690 1918 1870 1961 Caesaris
1909 1932 1970 1958 ra-

204 1996 335 2036 tiones
369 1995 557 2050 cogitare,
593 1995 821 2035 meminisse
855 2010 916 2035 me
949 1995 1086 2049 generi
1119 1995 1212 2045 mei,
1248 1994 1475 2035 meminisse
1518 1992 1733 2043 amicitiae,
1776 1991 1968 2048 potuisse,

171 2087 184 2110 5
207 2069 239 2109 si
274 2068 388 2108 aliter
422 2068 625 2115 sentirem,
661 2083 744 2108 esse
779 2082 868 2108 cum
904 2067 1110 2122 Pompeio,
1146 2083 1208 2108 me
1243 2072 1391 2116 autem,
1426 2066 1520 2120 quia
1553 2080 1644 2106 cum
1677 2063 1887 2105 lictoribus
1909 2063 1970 2105 in-

206 2141 313 2181 vitus
345 2155 558 2190 cursarem,
593 2139 729 2180 abesse
764 2139 863 2180 vesse
898 2154 970 2180 nec
1003 2139 1045 2179 id
1077 2140 1210 2194 ipsum
1244 2144 1396 2179 certum
1430 2138 1662 2179 etiamnunc
1695 2136 1854 2187 habere,
1879 2135 1969 2177 vide

207 2227 326 2267 quam
360 2212 409 2253 ad
443 2211 539 2252 haec
576 2212 917 2269 τυραννικῶς-ι

270 2288 310 2326 2.
353 2285 515 2335 ss'l‘uum
548 2283 760 2324 eonsilium
795 2298 915 2338 quam
949 2298 1087 2324 verum
1121 2288 1195 2325 est.
1229 2284 1335 2324 Nam
1371 2282 1441 2338 qui
1475 2298 1514 2323 se
1549 2281 1725 2323 medium
1759 2297 1843 2323 esse
1866 2281 1968 2332 vult,

212 2357 288 2408 uin
321 2357 449 2412 patria
482 2362 617 2397 manet
631 2374 641 2407 3
684 2356 753 2410 qui
786 2356 1066 2410 proficiscitur,
1102 2356 1254 2411 aliquid
1289 2356 1336 2396 de
1371 2356 1494 2397 altera
1526 2361 1616 2397 utra
1649 2360 1759 2412 parte
1793 2355 1971 2397 iudicare

150 2452 186 2478 10
213 2458 231 2481 's
244 2430 416 2470 videtur.
460 2428 537 2470 Sed
571 2443 644 2483 ego
674 2429 709 2468 is
741 2443 822 2468 non
857 2444 958 2479 sum,
995 2429 1064 2482 qui
1098 2434 1272 2469 statuere
1307 2428 1487 2478 debeam,
1533 2429 1619 2469 iure
1662 2429 1752 2483 quis
1795 2428 1971 2484 proficis-

213 2507 361 2555 ,lcatur
393 2516 534 2542 necne.
581 2499 719 2542 Partes
753 2501 852 2541 mihi
886 2500 1033 2542 Caesar
1066 2501 1137 2543 has
1169 2502 1376 2557 imposuit,
1409 2517 1459 2542 ne
1494 2517 1612 2555 quem
1646 2501 1810 2542 omnino
1843 2500 1971 2542 disce-

213 2603 230 2625 rs
244 2575 335 2616 dere
369 2589 417 2615 ex
450 2573 569 2616 Italia
602 2577 770 2628 paterer.
806 2573 938 2624 Quare
974 2574 1083 2628 parvi
1116 2574 1236 2615 refert
1256 2590 1318 2615 me
1343 2574 1508 2629 probare
1533 2574 1819 2628 cogitationem
1841 2579 1969 2624 tuam,

247 2737 263 2769 7
287 2738 513 2783 παροινικῶςε
545 2751 596 2756 -

249 2888 267 2927 ξ
292 2888 320 2919 l.
345 2886 405 2928 Qui
427 2888 508 2918 haec
530 2888 606 2917 ante
629 2897 689 2918 non
704 2887 843 2920 viderim.
866 2889 967 2927 Haec,
981 2900 1065 2930 quae
1088 2886 1090 2936 Α
1110 2891 1308 2934 παρηνικῶς
1328 2889 1374 2920 ita
1388 2888 1541 2926 correxit,
1556 2892 1592 2919 ut
1607 2889 1709 2929 vulgo
1725 2889 1841 2920 editur.
1858 2889 1970 2928 Quum

207 2951 295 2972 nunc
327 2942 420 2978 fiunt,
456 2940 608 2981 impediri
649 2950 760 2973 meum
798 2952 841 2974 ex
874 2943 973 2974 Italia
1003 2944 1066 2975 dis·
1088 2946 1090 2985 Ι
1113 2945 1252 2986 epistola
1272 2944 1416 2976 Antonii
1437 2953 1506 2975 non
1529 2944 1571 2975 sit
1592 2944 1712 2984 scripta
1733 2944 1918 2984 petulanter
1941 2949 1973 2975 et

208 3003 345 3025 cessum.
1088 2986 1091 3061 ἰ
1114 3002 1150 3028 ut
1171 2997 1213 3028 ab
1235 2997 1370 3028 homine
1393 2996 1565 3028 vinolento
1587 2996 1660 3027 fieri
1682 2996 1775 3033 solet,
1797 2996 1855 3027 sed
1874 2996 1972 3037 impe-

251 3048 478 3092 Τυραννικῶς.
508 3047 561 3078 Ita
584 3046 752 3078 Victorius
774 3057 875 3089 prope
897 3048 938 3078 ad
952 3048 1067 3078 ductus
1113 3049 1208 3086 riose,
1232 3049 1273 3080 ad
1296 3049 1438 3079 Victorii
1461 3048 1657 3089 scripturam
1678 3048 1771 3079 redii.

210 3104 260 3135 sui
282 3104 412 3141 codicis,
449 3104 506 3144 qui
529 3108 598 3135 erat
626 3103 804 3142 Medicam,
837 3104 1003 3145 scripsisse
1035 3114 1069 3136 se
1156 3104 1174 3143 ξ
1197 3103 1227 3134 2.
1250 3103 1344 3134 Tuum
1367 3103 1629 3144 consiliumquam
1641 3113 1744 3134 verum
1763 3104 1820 3134 est.
1843 3103 1974 3134 Ironice

188 3176 191 3177 ν
211 3159 361 3189 affirmat.
384 3176 424 3181 -—-
446 3158 638 3195 Lambinus,
674 3158 729 3197 qni
759 3158 792 3189 in
816 3159 918 3189 Tor-n.
944 3159 1070 3190 viderat
1091 3178 1093 3181 v
1115 3158 1249 3189 dictum.
