2062 3565
243 185 294 220 >56
635 174 717 214 ΕΡ.
753 173 829 213 ΑΒ
861 170 907 210 Τ.
943 166 1292 210 ΡΟΜΡΟΝΠ”Μ
1328 165 1594 207 ATTICUM.

239 327 363 367 quum
409 328 506 352 csse.
554 313 594 350 3.
639 309 740 358 Nos,
787 306 975 361 quoniam
1021 317 1211 358 superum
1243 316 1351 343 mare
1384 301 1606 352 obsidetur,
1639 302 1767 343 infero
1800 302 2004 357 navigabi-

239 401 328 427 mus
361 392 413 435 et,
449 386 482 425 si
515 382 696 424 Puteolis
738 381 815 422 erit
847 378 1022 429 difficile,
1057 377 1272 418 Crotonem
1304 383 1486 431 petemus
1514 380 1585 417 aut
1615 375 1802 427 Tharios,
1836 380 1877 417 et
1907 375 2004 418 boni

240 460 359 509 cives,
394 461 572 499 amantes
606 455 772 511 patriae,
807 468 913 494 mare
945 451 1138 493 infestum
1182 448 1435 491 habebimus.
1493 449 1623 491 Aliam
1656 450 1851 491 rationem
1884 449 2006 491 huius

240 531 331 573 belli
377 529 542 585 gerendi
581 528 731 569 nullam
779 526 909 567 video.
958 524 1008 565 In
1049 526 1276 579 Aegyptum
1318 538 1391 565 nos
1431 523 1639 574 abdemus,
1681 523 1860 565 exercitu
1892 537 2005 579 pares

203 622 216 648 5
238 620 321 647 esse
364 620 445 646 11011
488 616 713 658 possumus,
759 600 868 656 pacis
913 597 1010 639 fides
1053 597 1165 638 nulla
1209 602 1283 638 est.
1330 600 1371 637 4.
1417 596 1493 638 Sed
1538 596 1636 638 haec
1669 596 1766 638 satis
1799 596 2004 652 deplorata

239 683 346 719 sunt.
392 677 453 717 Tu
496 675 614 717 velim
656 675 792 716 literas
836 671 1074 727 Cephalioni
1115 670 1185 711 des
1230 670 1279 711 de
1312 670 1499 712 omnibus
1532 669 1653 712 rebus
1686 669 1799 719 actis,
1834 668 2006 724 denique
2061 724 2062 732 ἵ

238 751 358 792 etiam
405 749 452 790 de
488 747 738 789 sermonibus
783 745 1006 794 hominum,
1040 743 1119 786 nisi
1152 744 1269 800 plane
1304 743 1608 785 obmutuerunt.
1644 744 1731 798 Ego
1763 743 1845 784 tuis
1878 742 2006 785 consi·
2061 759 2062 768 2

238 824 301 865 liis
334 838 431 864 usus
465 837 567 872 sum,
603 822 852 876 maximeque
898 818 1002 873 quod
1037 824 1077 859 et
1109 818 1347 873 gravitatem
1381 817 1423 859 in
1457 832 1674 872 congressu
1705 822 1843 858 nostro
1876 816 2004 867 tenui,
2060 814 2062 844 ἶ

239 911 356 951 quam
391 895 528 946 debui,
563 901 601 936 et
636 894 685 936 ad
719 893 859 936 urbem
893 898 939 934 ut
971 907 1052 933 non
1086 890 1313 933 accederem
1348 890 1610 947 perseveravi.
1657 889 1777 942 Quod
1811 892 2005 944 superest,

185 991 216 1017 10
237 968 364 1011 scribe
424 983 570 1023 quaeso
614 984 732 1024 quam
778 966 1074 1009 accuratissime
1111 990 1167 996 —-
1203 964 1283 1006 iam
1336 965 1442 1006 enim
1476 969 1654 1006 extrema
1687 968 1782 1004 sunt
1815 987 1872 992 ——
1908 959 2006 1015 quid

237 1043 404 1099 placeat,
449 1042 544 1098 quid
598 1057 772 1083 censeas
826 1040 913 1081 Etsi
958 1039 1034 1080 iam
1076 1037 1188 1080 nulla
1221 1037 1421 1079 dubitatio
1454 1045 1528 1087 est,
1562 1042 1712 1086 tamen,
1748 1036 1782 1077 si
1814 1034 1913 1090 quid
1946 1034 2009 1076 vel

238 1115 372 1172 potius
406 1115 602 1172 quidquid
638 1116 770 1157 veniet
802 1115 845 1156 in
879 1118 1067 1163 mentem,
1102 1110 1253 1154 scribas
1285 1111 1416 1153 velim.

280 1284 316 1315 11
342 1292 481 1320 censeas,
507 1281 568 1313 elsi
589 1281 651 1311 iam
675 1292 703 1311 n.
727 1281 758 1311 d.
783 1281 839 1310 est.
869 1277 981 1308 Tamen
1006 1295 1044 1300 —-

239 1430 420 1463 exercitum
445 1427 594 1461 Caesaris
618 1427 708 1458 misit
739 1427 829 1457 velut
852 1426 998 1457 obsidem
1023 1434 1100 1456 snae
1152 1425 1266 1455 habere
1290 1424 1336 1454 nil
1358 1424 1478 1454 mirum.
1500 1423 1591 1455 Haec
1616 1423 1731 1454 acerbe
1753 1423 1788 1454 in
1813 1422 2009 1464 Pompeium

239 1484 325 1516 fidei.
355 1482 422 1515 Cur
451 1488 563 1513 autem
598 1479 745 1520 iniquius
776 1478 899 1510 iudicat
922 1478 962 1509 de
984 1477 1101 1510 Servio
1126 1479 1127 1491 ¹
1151 1479 1240 1510 dieta
1261 1484 1347 1514 sunt,
1372 1478 1431 1518 qui
1443 1477 1547 1509 classe
1559 1486 1619 1508 sua
1629 1482 1758 1518 poterat
1768 1477 1860 1508 aliud
1872 1477 2010 1514 efficere,

240 1534 414 1577 Sulpicio?
437 1535 546 1566 Acute
567 1533 764 1564 Wielandus
785 1531 927 1562 coniecit
948 1530 1010 1562 hoc
1024 1530 1101 1562 inde
1152 1542 1253 1574 quam
1274 1532 1411 1564 Italiam
1432 1536 1617 1563 commeatu
1639 1531 1825 1562 excludere.

240 1588 474 1630 explicandum
505 1596 585 1624 esse,
614 1585 703 1627 quod
737 1584 853 1616 Cicero
876 1584 944 1624 ipse
968 1583 1103 1614 nolebat
1127 1597 1129 1600 ¹
1193 1586 1234 1617 In
1257 1586 1428 1628 Aegyptum
1451 1595 1507 1617 nos
1529 1584 1683 1616 abdemus.
1712 1584 1753 1616 ef.
1783 1584 1818 1616 h.
1842 1585 1863 1615 l.
1896 1585 1946 1623 11,
1980 1586 2011 1615 4.

241 1642 325 1673 illud
362 1639 554 1681 exemplum
589 1638 692 1680 sequi,
724 1637 956 1676 metuebatque
979 1645 1021 1667 ne
1044 1635 1103 1666 illa
1126 1618 1129 1645 ¹
1152 1639 1310 1677 Eun—itu,
1334 1640 1422 1681 quod
1443 1638 1618 1680 opponitur
1640 1637 1721 1669 mari
1743 1637 1812 1670 sive
1837 1637 1924 1670 bello
1944 1647 2011 1669 mn.

240 1706 291 1729 res
313 1696 377 1728 sibi
401 1696 488 1737 apud
511 1694 686 1727 Caesarem
707 1697 851 1724 noceret.
880 1692 969 1722 Irato
992 1691 1102 1732 itaque
1127 1696 1129 1701 ’
1150 1692 1271 1729 ritimo,
1294 1692 1511 1733 designantur
1531 1691 1644 1732 copiae
1667 1695 1844 1723 terrestres.

241 1749 353 1782 animo
375 1749 457 1780 haec
480 1747 648 1789 scripsisse
670 1745 836 1787 putandus
859 1749 916 1776 est.
1194 1747 1212 1787 ξ
1235 1748 1264 1777 4.
1294 1745 1441 1778 Gemens.
1462 1743 1533 1776 Etsi
1555 1744 1617 1776 iam
1641 1755 1670 1775 a.
1693 1744 1726 1775 d.
1748 1746 1805 1782 est,
1834 1746 1937 1775 tamen
1971 1762 2011 1768 —-

283 1803 302 1843 ξ
323 1803 353 1833 3.
383 1800 475 1831 Mare
510 1799 659 1840 infestum
684 1797 862 1828 habebimus
885 1806 919 1828 o:
944 1795 1102 1828 infestum
1127 1789 1130 1839 1ζ
1151 1798 1271 1830 scribas
1293 1797 1394 1829 velim.
1419 1798 1540 1830 Verbis
1563 1797 1607 1829 ita
1630 1796 1793 1829 distinctis
1813 1796 2010 1829 sententiam

242 1856 425 1892 reddemus,
460 1861 492 1886 et
515 1857 717 1885 commeatus
752 1851 1018 1882 intercludemus.
1052 1849 1102 1882 Cf.
1127 1846 1131 1876 ἓ
1151 1853 1318 1894 scriptoris
1339 1852 1468 1884 facilius
1489 1851 1730 1893 consequimur,

241 1909 340 1942 XVI.
363 1909 389 1947 Ι,
413 1909 441 1939 2.
465 1908 620 1950 Dymaeos
641 1916 718 1947 (tyro
730 1906 838 1947 pulsos
857 1915 942 1936 utare
954 1904 1103 1945 infestum
1128 1904 1130 1928 ῑ

810 2294 1275 2348 LIBER
1382 2295 1457 2349 X.

884 2529 918 2567 J.
986 2530 1049 2581 (A.
1093 2529 1136 2569 U.
1175 2530 1216 2569 C.
1259 2529 1375 2581 705).

316 2643 354 2683 1.
402 2656 470 2683 111.
520 2642 659 2683 Nonas
705 2659 826 2697 quum
874 2644 914 2684 111
961 2644 1165 2684 Laterium
1210 2642 1341 2685 fratris
1384 2643 1592 2692 venissem,
1639 2641 1773 2696 accepi
1804 2641 1940 2682 literas
1973 2646 2013 2681 et

250 2714 435 2771 paullum
478 2714 680 2769 respiravi,
723 2716 827 2770 quod
871 2727 959 2770 post
1004 2716 1074 2757 has
1118 2716 1255 2758 ruinas
1290 2715 1386 2757 mihi
1420 2730 1500 2757 11011
1535 2714 1747 2756 acciderat.
1795 2713 1872 2756 Per
1905 2713 2010 2755 enim

291 2881 309 2912 3
331 2879 475 2922 paullum
497 2879 589 2911 lectis
611 2896 651 2901 -

290 3029 307 3066 ξ
330 3027 361 3058 1.
386 3025 426 3056 In
449 3023 618 3056 Laterium.
657 3025 696 3056 cf.
720 3026 760 3055 ad
791 3025 853 3055 IV.
888 3024 915 3062 7,
938 3026 968 3056 3.
1007 3024 1104 3056 Prae·
1130 3038 1133 3042 ⁴
1154 3025 1243 3057 Med.
1265 3032 1297 3056 et
1319 3034 1387 3056 11011
1410 3031 1548 3063 constat,
1572 3025 1660 3056 unde
1684 3024 1718 3055 in
1741 3023 1820 3055 edit.
1837 3022 1927 3055 Crat.
1944 3031 2012 3064 per-

248 3082 339 3112 dimn
362 3085 563 3111 memoratur
584 3087 716 3119 quoque
741 3079 774 3108 in
799 3079 905 3119 epistt.
936 3079 976 3109 nd
998 3077 1030 3117 Q
1064 3078 1105 3110 fr.
1155 3079 1292 3111 venerit.
1316 3077 1432 3110 Cicero
1455 3089 1522 3110 11011
1547 3078 1672 3109 nudum
1700 3077 1881 3108 ablativum
1911 3077 2009 3118 parti-

249 3134 293 3165 11.
316 3133 334 3166 7
358 3138 390 3164 et
412 3132 467 3163 111
502 3132 530 3168 3,
555 3131 582 3161 1.
620 3130 717 3168 Quod
741 3131 859 3162 deinde
891 3141 909 3160 v
947 3130 1036 3161 lectis
1070 3137 1105 3161 ut
1154 3132 1231 3174 cipii
1253 3131 1423 3173 posuisset.

253 3187 427 3221 {saliri-2121
451 3185 631 3228 designavi,
664 3184 723 3216 feci
747 3185 824 3227 quia
855 3186 944 3217 abest
974 3195 992 3216 a
1023 3185 1108 3217 libro
1197 3186 1274 3218 Post
1307 3186 1362 3216 lma
1393 3186 1514 3218 ruinas.
1550 3185 1760 3228 Reipublitae
1790 3185 1900 3220 ruinae
1932 3183 2011 3218 dicit
