2062 3565
675 178 778 219 LIB.
816 178 889 219 IX.
931 178 1008 219 ΕΡ.
1046 183 1085 217 δ’.
1124 183 1163 217 9.
1740 177 1788 212 111

655 365 726 406 Ji.
795 367 860 417 (A.
904 364 947 404 U.
987 365 1028 403 C.
1068 364 1186 416 705.)

92 477 132 517 1.
175 476 264 518 Tris
311 477 500 533 epistolas
542 485 632 520 tuas
674 479 807 534 accepi
856 478 1047 534 postridie
1094 477 1206 519 [dus.
1263 478 1385 519 Erant
1432 482 1563 518 autem
1600 490 1674 524 1v.,
1714 489 1797 521 111..

27 547 154 606 pridie
197 548 296 591 Idus
341 549 472 591 datae.
518 551 649 605 Igitur
690 551 993 606 antiquissimae
1035 551 1179 605 cuique
1213 551 1386 606 primum
1422 549 1685 604 respondebo.
1725 552 1794 589 As-

27 621 155 683 sentiq
187 621 278 672 tibi,
314 628 360 663 ut
390 623 432 663 in
469 623 680 664 Formiano
716 623 967 679 potissimum
1003 638 1235 673 commorer,
1269 622 1389 663 etiam
1424 622 1472 662 de
1504 636 1647 676 supero
1684 622 1796 671 mari,

27 693 282 750 †plaboque‚
307 701 353 736 ut
385 701 502 736 antea
536 695 584 736 ad
619 702 658 737 te
693 695 848 751 scripsi,
882 711 1104 750 ecquonam
1137 695 1256 736 modo
1290 695 1435 750 possim
1472 694 1676 736 voluntate
1711 695 1798 735 cius
1839 708 1852 732 5

1024 769 1143 820 Quod
1190 768 1343 819 laudas,

27 841 165 897 scripsi
206 847 298 884 ante
338 841 443 884 facta
487 849 527 883 et
575 841 721 883 delicta
765 842 891 883 nostri
937 841 1070 890 amici,
1106 855 1179 896 ego
1211 841 1269 882 ita
1301 841 1419 882 facio.

28 767 176 810 nullam
220 769 277 810 rei
326 767 509 824 publicae
556 775 708 826 partem
759 769 971 823 attingere.
1390 768 1484 822 quia
1517 766 1697 808 oblivisci
1737 783 1796 807 me

1472 840 1584 892 Quin
1617 856 1661 881 ea
1698 841 1796 896 ipsa,

27 928 125 970 quae
166 930 190 956 a
237 921 276 956 te
326 921 702 966 commemorantur,
749 930 863 957 secus
907 914 957 955 ab
1007 930 1053 955 eo
1095 914 1137 955 in
1179 930 1241 956 me
1290 915 1424 969 ipsum
1457 913 1562 954 facta
1595 929 1679 955 esse
1715 928 1794 954 non

30 989 206 1040 memini,
251 995 365 1032 tanto
409 990 499 1045 plus
543 989 649 1045 apud
683 1004 746 1030 me
782 989 909 1030 valere
945 987 1129 1029 beneficii
1162 988 1331 1041 gratiam
1366 1002 1485 1040 quam
1520 986 1691 1027 iniuriae
1727 986 1794 1026 tlo-

29 1063 151 1105 lorem
183 1064 287 1105 volo.
323 1064 534 1105 Faciamus
566 1063 705 1118 igitur,
742 1068 788 1104 ut
820 1077 972 1112 censes,
1007 1060 1321 1116 colligamusque
1354 1075 1441 1101 nos.
1499 1058 1796 1115 Σοφιστεύω

30 1135 150 1188 enim,
195 1137 314 1178 simul
358 1142 404 1177 ut
436 1151 504 1177 rus
531 1136 713 1186 decurro,
749 1140 869 1190 atque
904 1135 946 1175 in
981 1133 1154 1175 decursu
1189 1133 1360 1184 θέσεις
1396 1148 1501 1174 meas
1535 1134 1794 1174 commentari

30 1224 110 1252 non
153 1209 308 1252 desino.
1745 1207 1798 1247 De

30 1281 305 1339 optimatibus,
324 1283 406 1324 sint
429 1296 522 1323 sane
545 1282 616 1331 ita,
640 1287 686 1322 ut
704 1281 778 1328 vis,
803 1280 872 1322 sed
892 1281 996 1321 nosti
1022 1279 1137 1329 illud,
1168 1276 1439 1328 Διονύσιος
1463 1276 1517 1321 ἐν
1545 1278 1792 1335 Κορίνθῳ.

341 1209 435 1255 ,8θᾶ
477 1215 572 1254 sunt
614 1207 810 1262 quaedam
853 1221 989 1248 earum
1039 1205 1292 1262 perdifficiles
1325 1205 1375 1246 ad
1409 1204 1688 1247 iudicandum.

70 1456 89 1486 5
108 1454 301 1495 palpaboque
321 1474 362 1478 ——
382 1456 420 1487 13
442 1456 485 1487 sit
506 1467 584 1488 sane
607 1476 646 1480 -

70 1614 89 1654 5
112 1614 141 1645 1.
164 1613 243 1646 stis.
276 1615 502 1647 Vetustiorem
526 1626 592 1648 acc.
614 1616 764 1654 formam,
788 1625 888 1657 quam

29 1667 134 1700 codex
153 1668 244 1700 Med.
268 1669 303 1700 in
326 1669 434 1711 epistt.
457 1671 498 1700 ad
519 1669 613 1701 Fam.
636 1676 670 1702 et
692 1670 726 1701 in
750 1670 888 1701 11138011-

1322 1464 1379 1504 β

936 1615 1034 1645 modo
1057 1613 1167 1646 efferri
1188 1614 1347 1645 assentior
1370 1618 1402 1645 et
1424 1611 1563 1644 assentio
1597 1613 1636 1643 ad
1667 1612 1796 1643 Cicero-

934 1678 1011 1699 nem
1042 1678 1109 1699 non
1142 1668 1294 1709 pertinet.
1339 1667 1376 1699 F.
1406 1666 1562 1699 Osannus
1591 1667 1632 1697 ad
1668 1665 1734 1697 Cic.
1758 1666 1798 1696 dc

29 1725 152 1753 stanter
180 1727 298 1759 servat,
337 1729 375 1754 ut
414 1722 556 1763 Vergilii
594 1724 700 1754 codex
737 1723 826 1754 Med.
856 1729 888 1754 et
932 1722 1036 1763 Repb.
1059 1733 1088 1763 p.
1114 1723 1175 1753 300
1197 1722 1339 1753 nimium
1361 1721 1476 1752 tribuit
1505 1720 1676 1752 Diomedis
1715 1720 1799 1762 testi-

29 1774 100 1805 cod.
124 1773 232 1805 Vatic.
255 1774 416 1806 librorum
438 1776 479 1806 de
500 1775 581 1816 Rep.
611 1775 657 1813 11,
683 1776 732 1813 14,
755 1781 888 1816 propter
934 1775 1048 1806 monio
1070 1784 1178 1815 neque
1200 1774 1427 1815 quaestionem
1451 1773 1562 1805 solvit.

30 1827 118 1860 hunc
130 1837 330 1860 consensum
350 1834 499 1861 veterum
515 1829 890 1862 codicmuretinendam

28 1882 150 1914 censui.
172 1883 349 1914 Invenitur
370 1883 397 1914 Ι.
422 1884 470 1921 13,
495 1884 523 1914 1.
545 1884 591 1914 ΙΙ.
615 1884 643 1921 9,
667 1883 696 1914 2.
711 1884 758 1921 12,
779 1885 808 1915 2.
824 1883 888 1915 lV.

29 1935 59 1973 2,
81 1937 111 1967 4.
134 1935 183 1974 17,
206 1937 235 1967 2.
258 1935 359 1968 XHI.
381 1936 431 1975 32,
455 1937 474 1968 2
497 1942 529 1968 et
552 1936 687 1968 fortasse
706 1937 847 1978 saepius.

71 1989 226 2021 Assenlio.
249 1990 322 2022 Etsi
343 1991 376 2022 h.
400 1991 420 2021 l.
444 1991 529 2022 nihil
558 1991 686 2022 variant
707 1991 784 2022 libri
807 1991 888 2022 Mss.

28 2047 61 2075 et
87 2043 176 2082 editi,
207 2044 322 2075 dubito
351 2050 460 2076 tamen
490 2045 531 2076 de
560 2045 621 2075 hac
653 2044 768 2075 forma.
804 2044 890 2076 Nam

4 2118 5 2121 =
30 2096 155 2136 Cicero,
179 2098 237 2139 qui
259 2098 441 2139 perfectum
462 2098 585 2130 assensi
607 2098 736 2139 scripsit
758 2099 829 2130 Att.
843 2099 889 2130 Π.

29 2149 57 2188 1,
79 2151 109 2182 8.
131 2150 174 2190 Q.
196 2150 235 2182 fr.
259 2151 305 2182 11.
330 2151 357 2188 1,
381 2152 410 2183 2.
435 2151 529 2182 Fam.
555 2151 598 2182 V.
621 2152 649 2189 2,
674 2152 692 2182 9
716 2159 749 2183 et
761 2152 889 2193 passive

15 2202 114 2235 dixit
135 2203 248 2234 Bibulo
269 2213 431 2235 assensum
453 2207 500 2235 est
521 2204 614 2235 Fam.
637 2205 667 2236 Ι.
689 2205 718 2242 2,
741 2205 770 2236 2.
804 2204 890 2236 aliis-

7 2271 9 2273 -
27 2265 91 2297 que
112 2257 193 2289 locis
213 2258 321 2289 citatis
345 2267 364 2288 a
377 2258 550 2299 Madvigio
565 2259 705 2290 Emend.
721 2259 749 2290 Ι.
766 2269 798 2299 p.
820 2259 890 2296 131,

7 2301 109 2357 Julias
136 2320 265 2352 semper
294 2311 381 2342 dixit
409 2311 577 2349 assentior,
601 2317 637 2343 ut
657 2312 722 2344 Att
756 2312 837 2344 VII.
861 2314 890 2350 3,

15 2363 49 2395 Ι3
80 2370 113 2396 et
143 2366 171 2402 5,
193 2364 286 2396 Lael.
310 2364 361 2398 57.
393 2364 421 2395 F
424 2365 468 2396 in.
491 2365 519 2396 1.
543 2365 583 2396 28
607 2366 765 2397 assentior
788 2373 821 2398 et
841 2376 891 2397 as-

24 2416 159 2456 sentiar,
192 2418 233 2449 de
265 2418 368 2459 Repb.
402 2418 467 2449 ΙΙΙ.
490 2418 541 2456 47,
574 2419 632 2450 ubi
668 2420 738 2450 cod.
779 2419 876 2450 Vatic

8 2475 115 2502 'recte
136 2471 193 2502 dat
213 2473 318 2502 tamen
342 2471 515 2510 adsentiar,
538 2482 618 2503 mox
640 2473 758 2504 vitiose
779 2473 890 2504 adsen-

11 2515 74 2556 fcio
95 2527 152 2556 aut
175 2535 235 2566 pro
256 2525 421 2557 adsentior
442 2525 509 2556 tibi.
530 2526 648 2567 Neque
670 2526 795 2564 dubito,
809 2527 891 2568 quin

0 2575 122 2622 5Fam.
157 2578 184 2610 Ι
216 2579 243 2620 l,
274 2580 303 2617 3,
336 2589 438 2620 quum
466 2579 595 2620 scripsit
616 2579 834 2611 assentiuntur
860 2586 893 2612 et

9 2627 212 2677 &assentilum
235 2632 401 2672 scripserit
424 2641 556 2673 quoque
577 2631 741 2670 assentiri,
764 2643 832 2664 non
856 2637 894 2664 ut

7 2684 77 2721 ,ῗοδι
97 2683 132 2714 111
154 2683 244 2715 Med.
265 2684 432 2722 assentire,
456 2690 488 2716 et
509 2685 654 2716 Bakium
676 2685 786 2722 laudo,
805 2685 893 2726 quod

9 2723 135 2780 §spreta
158 2737 320 2768 bonorum
340 2738 435 2769 codd.
456 2738 659 2776 auctoritate,
679 2738 763 2779 Leg.
781 2739 829 2770 11.
842 2740 893 2775 33,

0 2790 139 2834 'stamen
162 2792 291 2834 scripsit
313 2803 413 2835 neque
434 2792 504 2824 illis
525 2793 695 2831 assentior,
718 2803 821 2834 quum
845 2793 893 2825 bis

5 2844 197 2883 -aesention
221 2845 323 2877 semel
346 2845 524 2877 assentiare
548 2846 582 2877 in
609 2847 771 2887 proximis
786 2847 894 2878 verbis

7 2897 102 2931 sine
116 2899 268 2931 lectionis
279 2900 438 2932 varietate
449 2900 590 2941 legatur.
610 2900 795 2933 Varronem
808 2903 895 2942 apud

28 2949 113 2984 Gen.
145 2953 186 2984 N.
210 2954 253 2984 A.
275 2954 386 2987 11..25
417 2959 449 2985 et
482 2953 600 2993 Quint.
622 2955 651 2986 Ι.
675 2954 715 2988 0.
738 2956 766 2986 1.
795 2957 823 2993 5,
855 2956 916 3005 13

30 3004 59 3035 si
80 3005 206 3043 audias,
228 3006 327 3037 multi
353 3005 531 3038 Sisennam
548 3007 652 3038 secuti
666 3014 751 3046 sunt,
765 3018 917 3054 qu1p11

29 3063 103 3088 mus
131 3057 165 3088 in
198 3063 314 3089 senatu
345 3058 485 3089 assentio
515 3059 612 3096 dixit,
646 3069 753 3100 neque
783 3064 917 3091 tamen

31 3108 163 3143 vincere
174 3112 446 3144 consuetudinem
465 3118 656 3153 potuerunt.
675 3113 774 3152 Quod
786 3119 917 3146 autem

30 3160 116 3194 idern
145 3163 374 3202 Quintilianus
409 3164 471 3195 IX.
507 3166 534 3201 3,
608 3165 721 3196 smihit
750 3173 917 3207 utroque

977 1831 994 1863 †
1017 1828 1182 1870 Plaboque.
1205 1828 1283 1860 Non
1307 1827 1473 1865 satisfacit}
1505 1827 1594 1869 quod
1612 1827 1737 1858 Bosius
1750 1835 1801 1857 ve-

937 1883 986 1913 lut
1010 1892 1028 1914 e
1049 1883 1161 1914 codice
1184 1882 1386 1923 deprompsit
1398 1881 1606 1922 palpaboqece.
1629 1880 1715 1912 Nam
1728 1880 1795 1920 pal-

930 1949 1013 1980 pare
1035 1949 1200 1980 nusquam
1221 1938 1302 1970 alias
1324 1939 1358 1969 in
1382 1937 1550 1968 Tullianis
1573 1937 1702 1978 scriptis
1718 1936 1797 1976 legi-

936 1998 991 2024 tur
1013 1993 1179 2034 (palparer
1200 1992 1295 2023 Fam.
1319 1991 1364 2023 X.
1386 1993 1436 2029 33,
1472 1991 1492 2022 2
1515 1997 1564 2023 est
1592 1991 1705 2022 Asinii
1737 1990 1798 2021 Po·

938 2046 1050 2082 lionis)
1074 2052 1106 2076 et
1127 2045 1160 2076 h.
1182 2045 1218 2082 l,
1242 2055 1308 2076 non
1332 2051 1368 2076 ut
1390 2044 1501 2084 vulgo,
1526 2044 1687 2075 indicaret
1713 2043 1797 2080 blan-

936 2099 1018 2136 diar,
1041 2098 1206 2136 adulabor,
1235 2099 1293 2130 sed
1324 2098 1492 2129 blanditiis
1515 2098 1690 2138 temptabo,
1723 2097 1798 2127 adu-

936 2153 1036 2184 lando
1058 2153 1220 2194 experiar.
1242 2151 1382 2192 Propius
1407 2161 1425 2182 a
1447 2160 1524 2182 vero
1537 2151 1650 2181 abesse
1667 2150 1797 2181 videtur

935 2208 1006 2238 cod.
1029 2206 1119 2238 Med.
1143 2206 1304 2247 scriptura
1319 2204 1484 2246 phrboque,
1521 2213 1621 2245 quam
1643 2203 1798 2235 existimo

935 2260 1112 2291 conflatam
1135 2269 1178 2291 ex
1200 2260 1330 2290 duobus
1353 2258 1522 2289 vocabulis
1541 2258 1660 2298 placet,
1678 2257 1799 2288 laboro-

935 2324 1002 2356 que,
1025 2323 1167 2355 quorum
1198 2313 1282 2344 illud
1312 2317 1399 2344 recte
1429 2311 1561 2343 additur
1590 2312 1643 2342 his
1672 2311 1796 2342 verbis:

936 2371 1030 2402 etiam
1053 2371 1092 2402 de
1114 2380 1227 2411 supero
1249 2370 1340 2408 mart,
1363 2371 1425 2401 hoc
1445 2369 1660 2410 sequentibus
1676 2369 1799 2408 optime

936 2425 1101 2455 convenit.
1135 2423 1355 2464 Nipperdeius
1377 2423 1411 2453 in
1436 2422 1613 2462 Philologo
1647 2421 1693 2452 11.
1716 2421 1744 2457 2,
1770 2430 1798 2461 p.

938 2478 999 2508 299
1021 2477 1232 2518 teugptaboque
1254 2476 1409 2513 coniecit,
1432 2475 1525 2506 cuius
1549 2474 1701 2505 vocabuli
1718 2473 1799 2514 prio-

938 2539 990 2561 res
1013 2530 1126 2561 literas
1149 2529 1183 2560 in
1207 2529 1319 2560 codice
1343 2537 1450 2560 erasas
1472 2533 1574 2568 putat.

977 2581 1117 2614 Delicta.
1140 2582 1287 2623 Respicit
1309 2591 1356 2619 88,
1389 2590 1474 2621 quae
1496 2579 1624 2620 scripsit
1646 2588 1695 2618 ep.
1718 2580 1748 2614 4,
1771 2579 1799 2615 2,

940 2636 996 2667 ubi
1009 2636 1113 2667 decem
1128 2646 1283 2667 annorum
1291 2637 1428 2676 peccata
1441 2634 1592 2676 appellat,
1606 2642 1689 2674 quae
1702 2633 1799 2664 verba

937 2689 1101 2721 Corradus
1110 2690 1193 2722 bene
1207 2689 1363 2726 laudavit,
1387 2698 1429 2720 ne
1442 2688 1516 2729 quis
1531 2688 1564 2718 h.
1574 2688 1594 2718 l.
1607 2686 1699 2718 factis
1713 2685 1800 2717 dit-la

937 2742 1057 2783 potius,
1079 2752 1178 2783 quam
1199 2742 1319 2773 delicta
1341 2741 1527 2772 adiicienda
1548 2746 1708 2771 censeret.

983 2795 1231 2837 Colliqumusque
1260 2805 1317 2826 nos
1349 2805 1383 2826 οι
1415 2795 1532 2825 timore
1565 2793 1691 2824 abiecto
1726 2791 1799 2822 forti

938 2849 1050 2880 animo
1074 2850 1186 2886 simus,
1209 2858 1379 2880 sumamus
1402 2848 1560 2879 animum.
1592 2847 1632 2877 cf.
1657 2847 1696 2876 ad
1720 2845 1798 2876 vll.

939 2903 968 2938 3,
996 2901 1025 2932 8.

979 2951 1095 2991 ,θέσεις
1116 2963 1213 2984 meas.
1237 2953 1301 2984 vid.
1323 2962 1421 2994 supra
1444 2956 1473 2987 4,
1496 2944 1528 2983 2.

980 3007 1049 3040 Sed
1067 3008 1151 3039 nostz
1163 3008 1249 3039 illud
1274 3007 1448 3046 Διονύσιος
1474 3006 1507 3040 ἐν
1538 3006 1710 3054 Κορίνθῳ.
1735 3008 1799 3038 Νο-

945 3068 1017 3094 tum
1039 3068 1088 3095 est
1119 3063 1321 3104 Dionysium
1354 3064 1517 3095 minorem
1548 3073 1567 3094 a
1591 3063 1801 3094 'liuioleonte

941 3114 1115 3157 Syracusis
1136 3117 1269 3158 pulsum
1292 3118 1455 3158 reliquam
1475 3123 1616 3148 aetatem
1650 3115 1799 3148 Corinthi

939 3169 1007 3199 ludi
1033 3170 1226 3210 magistrun}
1251 3170 1388 3209 degisse.
1415 3170 1539 3200 vi‹1.W
1542 3179 1590 3200 ess
1578 3169 1634 3199 cl.
1648 3169 1686 3198 ad
1706 3168 1799 3198 Diod.

1821 1071 1853 1097 10
