2062 3565
671 171 776 213 Ll‘ss.
812 173 864 213 X.
907 173 983 214 ΕΡ.
1024 176 1093 215 10.
1133 177 1200 216 11.
1730 183 1810 220 113

50 308 90 347 et
120 303 169 346 de
201 318 334 346 sorore
366 319 468 359 quae
499 305 641 348 scribis
690 307 857 349 molesta
897 314 1005 360 sunt,
1039 324 1165 365 eoque
1207 312 1347 366 magis,
1394 312 1499 367 quod
1544 329 1589 356 ea
1635 319 1810 370 tempora

51 382 186 420 nostra
218 380 328 428 sunt,
362 382 411 418 ut
442 393 515 433 ego
548 379 599 421 iis
632 379 783 422 mederi
816 396 896 423 non
931 382 1092 437 possim.
1129 384 1233 425 Nam
1268 390 1374 426 certe
1397 386 1589 429 mederer.
1625 388 1701 429 Sed
1727 390 1812 443 qni-

49 449 126 494 bus
156 451 200 493 in
233 450 349 492 malis
382 455 424 492 et
455 466 535 506 qua
566 453 608 494 in
643 452 920 509 desperatione.
953 470 1084 498 rerum
1125 457 1250 499 simus
1296 458 1419 500 vides.
1473 464 1512 501 2.
1548 461 1623 502 Illa
1673 462 1720 502 de
1757 477 1813 502 ra-

51 525 159 568 tione
191 524 376 566 numaria
409 540 491 567 non
525 531 621 568 sunt
654 527 850 570 eiusmodi
887 554 943 559 -—
979 545 1095 586 saepe
1135 531 1242 572 enim
1287 533 1407 575 audio
1451 550 1498 575 ex
1542 535 1629 590 ipso
1666 561 1736 585 ψ,
1773 544 1816 576 ut

49 612 130 641 non
149 597 302 668 'cupiat
333 597 410 640 tibi
444 604 659 655 praestare,
695 606 735 643 et
767 603 809 643 in
843 618 889 644 eo
922 602 1090 646 laborat.
1126 605 1202 646 Sed
1239 607 1269 647 si
1304 607 1401 649 mihi
1437 611 1487 660 Q.
1524 609 1651 650 Axins
1676 610 1715 650 in
1745 610 1816 649 luu-
1858 622 1869 644 r.

47 686 134 714 mea
166 670 261 727 fuga
294 671 380 714 HS.
415 681 501 716 ᾖ.
536 688 617 715 11011
653 674 802 726 reddit,
838 691 938 730 quae
972 676 1065 718 dedi
1099 679 1185 720 eius
1219 679 1299 721 filio
1333 685 1486 732 mutua,
1522 688 1563 722 et
1597 681 1723 722 utitur
1753 698 1817 722 vx-

48 745 251 787 cusatione
295 747 501 803 temporis,
548 747 583 789 si
616 747 759 804 Lepta,
801 749 834 790 si
868 750 1003 801 ceteri,
1039 751 1145 792 soleo
1179 753 1313 794 mirari
1355 753 1404 794 de
1437 755 1572 796 nescio
1606 755 1696 808 quis
1736 755 1815 795 uls,

47 825 112 860 fi.
146 833 271 874 quum
305 819 427 862 audio
462 836 511 862 ex
544 820 614 862 illo
650 837 690 863 se
724 823 871 877 urgeri.
908 823 1032 865 Vides
1066 825 1171 866 enim
1206 826 1383 881 profecto
1417 828 1637 882 angustias.
1677 828 1816 868 Curari

46 898 180 935 tamen
214 909 260 935 ea
292 892 369 935 tibi
402 894 545 949 utique
578 895 708 937 iubet.
766 897 831 936 An
863 896 1070 939 existimas
1102 898 1217 939 illum
1250 899 1294 940 in
1327 900 1405 941 isto
1438 916 1581 956 genere
1618 901 1816 942 lentulum

47 970 118 1008 3111
149 967 411 1009 restrictum?
444 967 576 1009 Nemo
609 973 671 1010 est
702 969 851 1010 minus.
887 971 928 1010 3.
963 969 1024 1011 De
1058 970 1179 1012 fratre
1213 972 1323 1013 satis.
1359 973 1419 1014 De
1453 974 1539 1014 eius
1562 975 1658 1024 filio,
1684 975 1817 1016 indul-

50 1039 104 1082 sit
133 1039 194 1082 illi
228 1040 391 1096 quidem
426 1056 524 1083 suus
558 1048 670 1097 pater
703 1057 871 1098 semper,
907 1043 975 1084 sed
1018 1059 1098 1086 non
1143 1044 1241 1086 facit
1286 1045 1543 1102 indulgentia
1588 1048 1817 1090 mendacem

55 1119 126 1157 aut
156 1129 321 1156 avarum
356 1120 428 1157 3111
459 1131 542 1157 11011
576 1120 776 1158 amantem
811 1131 988 1168 suorum,
1023 1117 1194 1159 ferocem
1228 1118 1394 1161 fortasse
1426 1125 1544 1175 atque
1569 1127 1818 1177 arrogantem

52 1192 93 1230 01
123 1187 316 1230 infestum
348 1187 459 1230 facit.
512 1189 656 1243 Itaque
689 1188 814 1230 habet
844 1189 943 1231 11300
976 1206 1149 1245 quoque,
1184 1206 1285 1246 quae
1329 1197 1550 1235 nascuntur
1596 1210 1642 1235 ex
1688 1194 1820 1236 indul-

51 1262 210 1318 gentia3
246 1261 315 1304 sed
349 1277 395 1303 03
429 1267 526 1304 811111
556 1261 782 1304 tolerabilia
816 1288 873 1293 —
911 1263 1009 1318 quid
1042 1264 1148 1305 enim
1190 1264 1350 1307 dicam?
1385 1291 1441 1296 —
1476 1267 1551 1309 1130
1596 1268 1819 1310 iuventute.

51 1336 112 1378 Ea
143 1351 249 1387 vero,
285 1351 386 1391 quae
431 1336 532 1378 mihi
577 1336 754 1392 quidem,
801 1338 870 1392 qui
913 1337 1030 1379 illum
1077 1353 1180 1390 amo,
1224 1345 1319 1381 sunt
1358 1340 1422 1382 his
1465 1321 1562 1396 ipsis
1606 1342 1733 1392 malis,
1778 1342 1820 1382 in

53 1410 143 1466 quis
177 1424 315 1452 sumus
348 1410 568 1462 miseriora,
615 1426 696 1453 non
732 1416 828 1454 sunt
860 1410 911 1452 ab
952 1411 1145 1468 obsequio
1185 1418 1321 1455 nostro
1335 1432 1346 1464 ;
1398 1428 1490 1455 nam
1534 1430 1625 1456 suas
1668 1415 1821 1456 radices

16 1487 19 1489 ’
51 1481 217 1536 habent,
251 1499 351 1539 quas
383 1490 519 1527 tamen
553 1485 760 1526 evellerem
794 1485 987 1541 profecto,
1023 1487 1057 1528 si
1089 1487 1241 1529 liceret.
1298 1487 1375 1529 Sed
1409 1504 1455 1529 ea
1487 1493 1667 1544 tempora
1711 1496 1819 1540 sunt,

53 1561 100 1598 111
131 1558 266 1599 onmia
297 1558 400 1600 mihi
432 1559 514 1600 sint
546 1558 750 1614 patienda.
786 1559 872 1614 Ego
905 1575 1039 1601 meum
1072 1560 1187 1602 facile
1221 1566 1353 1602 teneo.
1388 1561 1506 1603 Nihil
1539 1568 1600 1604 est
1633 1564 1738 1605 enim
1774 1579 1819 1605 eo

10 1667 11 1670 ,
53 1619 320 1682 tractabilius,
366 1631 482 1673 cuius
516 1631 679 1687 quidem
711 1631 986 1674 misericordia
1028 1633 1283 1688 languidiora
1327 1633 1458 1675 adhuc
1508 1636 1673 1678 consilia
1719 1638 1820 1692 cepi,

52 1708 106 1755 01,
140 1719 220 1759 quo
252 1704 320 1747 ille
351 1720 416 1749 me
451 1705 661 1747 certiorem
695 1706 793 1747 vult·
814 1703 914 1756 esse,
950 1721 996 1748 eo
1029 1707 1157 1762 magis
1190 1708 1327 1756 timeo,
1362 1723 1412 1749 ne
1445 1708 1487 1750 111
1517 1724 1608 1750 011111
1633 1710 1820 1751 exsistam

48 1954 90 1986 ad
117 1953 292 1986 Caesarem
321 1954 522 1996 profectione
554 1954 712 1986 nonnulli
735 1954 912 1995 accipiunt.

0 2015 18 2030 -·
47 2007 174 2049 Inepte.
196 2007 273 2039 Non
289 2007 408 2039 melius
420 2011 469 2039 est
480 2007 575 2039 Bosii
606 2004 659 2040 δεῖ
687 2006 834 2046 τιθήνης
849 2003 912 2044 ἔτι,

47 2063 109 2096 etsi
141 2064 168 2095 is
197 2063 326 2104 aliquid
357 2062 480 2096 Graece
509 2064 668 2105 scriptum
698 2064 732 2095 h.
755 2065 777 2095 l.
811 2063 913 2095 fuisse

0 2144 7 2145 7
47 2121 134 2148 recte
156 2115 286 2148 viderit.

88 2169 137 2201 De
157 2179 264 2202 sorore
286 2176 339 2202 cet
359 2181 392 2202 o:
416 2170 467 2203 De
488 2170 676 2213 Pomponia
697 2182 772 2202 cum
792 2170 912 2202 marito

47 2221 270 2261 dissentiente,
294 2228 330 2254 ut
353 2233 449 2265 saepe
471 2229 578 2256 antea.
600 2224 640 2255 cf.
667 2224 710 2255 V.
733 2225 762 2261 1,
786 2224 805 2255 3
829 2234 877 2265 sq.

88 2274 169 2306 Nam
191 2279 276 2307 certe
297 2276 438 2308 mederer
458 2287 515 2318 up.
536 2277 674 2308 simodo
691 2286 749 2318 per
762 2282 911 2318 tempora

28 2326 160 2359 'liceret
182 2338 256 2360 eam
277 2338 349 2360 rem
371 2329 546 2370 suscipere.

90 2380 109 2420 ξ
131 2381 162 2413 2.
182 2381 231 2412 De
251 2382 377 2414 ratione
399 2383 544 2413 mcmaria
567 2392 598 2414 οι
622 2383 662 2414 (10
685 2383 805 2421 nuinis,
825 2392 908 2424 quos

2 2426 15 2480 ζ
51 2433 92 2474 Q.
113 2435 175 2466 tibi
197 2436 303 2468 debet.

89 2486 123 2518 Si
147 2487 256 2529 Lepta,
279 2488 307 2520 si
329 2490 435 2520 ceteri.
459 2489 552 2520 Dura
573 2495 622 2521 est
645 2489 782 2520 omissio
800 2490 908 2521 verbiz

49 2552 110 2574 non
132 2543 280 2582 reddunt,
303 2555 383 2586 quae
405 2544 526 2575 debent.

5 2638 13 2642 .
89 2595 130 2627 Ec
152 2597 186 2627 in
208 2607 244 2629 eo
266 2597 390 2628 laborat
414 2608 448 2629 o:
475 2603 532 2629 aet
554 2606 668 2629 revera
687 2606 822 2628 omnem
838 2607 911 2639 ope-

2 2658 12 2668 2
49 2659 120 2681 ram
139 2651 203 2688 dat,
226 2655 262 2682 ut
284 2650 345 2682 tibi
368 2650 580 2683 satisfaciat.'''
603 2649 707 2682 Orell.

0 2703 10 2742 ζ
91 2703 140 2735 De
162 2703 267 2736 nescio
288 2705 357 2746 quis
383 2704 449 2735 HS.
479 2703 549 2735 XX.
592 2704 682 2735 Illud
709 2703 815 2734 nescio
843 2703 912 2745 quis

3 2758 27 2797 ‘ss‘
50 2757 180 2790 additur
213 2759 420 2790 extenuandi
448 2768 555 2796 causa,
589 2758 682 2798 quasi
717 2757 841 2789 diceret
873 2757 911 2788 de

7 2804 15 2816 ‘¹
49 2809 114 2841 tam
134 2809 249 2852 exiqua
265 2811 424 2852 pecuniae
446 2820 575 2841 summa.

93 2863 216 2896 Ourari.
237 2865 280 2897 cf.
301 2865 328 2897 Ι.
352 2865 381 2898 7.

90 2916 266 2950 Lentulum.
287 2919 329 2949 In
352 2918 464 2949 codice
487 2917 662 2959 Poggiano
679 2916 797 2948 lentum
814 2926 848 2948 se
864 2917 911 2948 le-

51 2971 138 3013 gissa
169 2977 308 3008 testatur
335 2973 595 3014 Lagomarsinus
636 2973 677 3004 ad
708 2972 814 3014 Pogg.
845 2972 911 3003 111.

49 3033 81 3066 p.
102 3025 173 3058 264.
195 3026 261 3058 Sed
274 3027 477 3068 reliquorum
493 3027 573 3058 Mss.
603 3035 783 3058 consensus
800 3031 910 3058 tuetur

961 1955 1033 1987 dum
1067 1967 1106 1988 es
1136 1956 1241 1988 alieno
1255 1957 1316 1998 fui
1337 1957 1522 1990 restrictior.
1545 1957 1609 1991 Off.
1640 1959 1687 1989 II.
1711 1959 1759 1989 6-2.
1780 1958 1819 1988 In

959 2009 1009 2047 iis,
1032 2009 1085 2051 qui
1106 2020 1140 2041 se
1161 2010 1313 2041 adiuvari
1334 2011 1449 2049 volent,
1479 2011 1620 2042 restricti
1641 2021 1709 2042 esse
1732 2011 1820 2042 mello

960 2062 1048 2094 modo
1070 2063 1223 2095 debemus.

1001 2117 1020 2157 ξ
1043 2117 1073 2148 3.
1097 2116 1253 2158 Infeslum
1280 2131 1293 2143 u
1304 2122 1493 2158 promptum
1517 2117 1551 2148 in
1575 2117 1714 2149 aliorum
1737 2118 1819 2149 iniu-

959 2171 1058 2203 rias''.
1081 2170 1182 2203 Gron.

1003 2225 1074 2256 Hae
1094 2225 1254 2256 iuventute
1277 2235 1310 2256 o:
1335 2225 1449 2264 Quum
1472 2226 1696 2258 adolescentes
1718 2227 1819 2267 vulgo

959 2282 1025 2309 tam
1050 2279 1194 2319 corrupti
1217 2278 1294 2310 sint.
1334 2278 1384 2310 De
1406 2278 1469 2310 hoc
1491 2279 1591 2311 ablat.
1615 2289 1817 2320 consequen-

958 2332 1023 2363 tiae
1046 2341 1063 2363 e
1085 2332 1209 2363 causali
1231 2332 1318 2363 sexti
1341 2342 1434 2364 casus
1455 2333 1489 2364 vi
1512 2333 1710 2374 explicando
1732 2333 1818 2364 cons.

959 2395 1044 2426 quae
1066 2385 1194 2426 scripsit
1216 2385 1365 2417 Kritzius
1389 2386 1429 2417 ad
1459 2384 1528 2417 Sal.
1554 2386 1625 2418 Cat.
1651 2387 1699 2424 11,
1723 2388 1751 2417 4.
1785 2392 1815 2417 et

958 2439 1023 2480 Iug
1057 2440 1086 2477 4,
1111 2438 1139 2471 7.

999 2492 1070 2524 Non
1102 2495 1176 2523 sunt
1213 2493 1251 2523 ab
1280 2493 1423 2535 obsequio
1452 2496 1569 2524 nostro.
1603 2492 1690 2525 Cave
1723 2499 1816 2535 putes

957 2546 1166 2587 participium
1190 2546 1378 2577 addendum
1400 2555 1470 2577 esse
1492 2548 1573 2583 orta,
1593 2546 1740 2586 profecta
1764 2547 1815 2577 vel

957 2599 1048 2630 aliud
1063 2599 1133 2630 eius
1147 2599 1289 2640 generis.
1314 2600 1382 2640 Ipsi
1398 2600 1631 2640 praepositioni
1648 2600 1814 2630 notionem

958 2652 1096 2693 originis
1120 2652 1227 2684 inesse
1250 2652 1328 2683 satis
1351 2653 1445 2684 docet
1469 2652 1559 2683 locus
1581 2652 1635 2683 hie
1659 2652 1752 2684 Brut.
1776 2653 1815 2683 62

957 2707 986 2738 si
1008 2718 1063 2748 eqo
1085 2718 1130 2738 me
1151 2718 1171 2738 a
1196 2707 1240 2738 M.
1267 2707 1370 2738 Tullio
1392 2717 1459 2738 esse
1479 2706 1622 2738 dicerem.

1002 2759 1082 2791 Nam
1103 2770 1179 2791 suas
1200 2760 1324 2791 radices
1346 2759 1460 2790 babent
1483 2769 1518 2790 o:
1544 2768 1581 2790 ea
1602 2759 1680 2790 vitia
1699 2759 1764 2790 alte
1780 2760 1812 2790 in

961 2814 1073 2845 animo
1096 2814 1313 2846 adolescentis
1335 2813 1396 2845 sita
1411 2819 1497 2851 sunt,
1527 2818 1643 2844 natura
1660 2822 1814 2844 cumeor-

960 2867 1058 2908 rupit,
1080 2877 1148 2898 non
1169 2867 1270 2908 patris
1293 2871 1348 2897 aut
1371 2867 1477 2907 patrui
1499 2866 1605 2907 culpa.

1002 2919 1219 2962 Lanquidiwa
1242 2919 1376 2951 consilia
1408 2918 1475 2959 cepi
1505 2928 1536 2949 .):
1572 2919 1604 2949 in
1639 2928 1704 2958 rep.
1735 2918 1813 2948 mol-

960 2972 1024 3004 lior
1046 2972 1106 3004 fui.

1004 3025 1170 3057 Certiorem
1194 3036 1225 3057 οε
1249 3025 1515 3061 constantiorem,
1545 3024 1656 3054 minus
1677 3023 1813 3054 dubium

8 3075 10 3077 ’
51 3076 192 3111 formam
221 3080 471 3112 deminutivum.
515 3079 567 3112 De
599 3080 686 3112 lento
715 3080 782 3112 vid.
815 3080 856 3111 ad
883 3079 911 3111 Ι.
960 3080 994 3111 111
1017 3080 1165 3112 consiliis
1192 3080 1368 3121 capiendis,
1400 3084 1435 3110 ut
1460 3085 1546 3109 recte
1569 3078 1700 3118 interpr.
1726 3078 1752 3107 l.
1777 3077 1812 3107 F.

51 3130 101 3170 12,
124 3132 153 3164 1.
181 3133 335 3165 Eundem
361 3139 459 3165 vocat
486 3133 664 3165 restrictum
700 3143 733 3165 o:
765 3143 910 3174 parcum,

3 3191 6 3194 ’
53 3183 94 3215 cf.
116 3183 210 3217 Fam.
231 3186 298 3218 111.
322 3186 351 3224 8,
376 3186 394 3217 8
423 3187 540 3217 natura
568 3194 687 3226 semper
708 3185 753 3215 tm'
773 3184 910 3225 lar-(rien-

115 3240 175 3282 H.

958 3131 1146 3164 Gronovius
1170 3133 1203 3164 in
1226 3132 1365 3164 diatribe
1388 3132 1422 3163 in
1453 3130 1533 3162 Stat.
1564 3141 1593 3172 p.
1618 3130 1688 3165 316,
1719 3138 1750 3160 er
1779 3131 1810 3160 in

958 3185 1051 3219 Lect.
1073 3187 1162 3217 Tull.
1186 3197 1215 3226 p,
1242 3187 1290 3216 14.
1316 3184 1365 3216 (Ὓ.
1390 3185 1428 3215 ad
1454 3185 1553 3214 VIII.
1578 3186 1605 3217 5,
1631 3183 1656 3214 l.

1604 3247 1626 3278 S

1839 990 1871 1014 1⁴)

1840 1355 1872 1380 15

1840 1723 1873 1750 2⁴]
