2062 3565
713 164 821 206 LIB.
855 164 972 206 XVI.
1006 163 1090 206 ΕΡ.
1129 165 1168 205 1.
1205 167 1246 205 2.
1773 161 1856 202 :347

96 302 182 343 luta
224 301 431 356 aliquanto
475 307 567 343 ante
612 302 733 344 diem.
785 301 861 344 Sed
908 301 1004 342 haec
1050 302 1149 343 Eros
1194 299 1348 342 videbit
1380 297 1538 341 Idibus.
1589 297 1648 338 De
1683 295 1860 339 Publilio

96 379 244 427 autem,
290 375 397 432 quod
442 375 634 431 perscribi
678 382 848 432 oportet,
892 391 1043 417 moram
1090 391 1169 417 11011
1216 379 1314 430 puto
1361 389 1446 415 6886
1494 371 1728 414 faciendam.
1782 370 1859 412 Sed

95 463 219 504 quum
254 449 402 500 videas,
437 456 632 504 quantum
666 450 714 491 de
746 450 832 491 iure
867 454 1001 490 nostro
1035 448 1336 498 decesserimus,
1371 448 1441 502 qui
1474 446 1523 488 de
1558 444 1730 487 residuis
1755 454 1857 487 cccc.

95 522 180 565 HS.
211 534 267 566 66.
313 524 537 580 praesentia
586 523 834 572 solverimus,
887 522 1038 578 reliqua
1082 521 1361 572 rescribamus,
1413 520 1523 575 loqui
1572 534 1664 561 cum
1717 535 1777 568 eo,
1825 519 1857 560 si

94 596 170 638 tibi
202 597 419 648 videbitur,
454 598 602 653 poteris
635 613 725 639 eum
768 596 1020 638 commodum
1066 601 1245 638 nostrum
1279 600 1508 650 exspectare
1542 592 1699 643 debere,
1736 608 1859 646 quum
1899 604 1912 625 5

93 658 206 712 13311133
239 670 292 712 sit
324 686 346 712 a
380 670 495 712 nobis
528 671 682 712 iactura
714 671 819 712 facta
850 671 963 712 iuris.
1002 673 1040 711 2.
1076 669 1153 711 Sed
1187 668 1329 710 amabo
1362 674 1416 718 te,
1451 668 1506 710 mi
1542 667 1675 708 Attice
1712 692 1767 696 —-
1804 667 1859 707 vi-

95 742 230 796 desne,
277 759 395 799 quam
441 744 614 787 blande?
660 771 716 775 ——
762 745 896 787 omnia
944 749 1093 794 nostra,
1139 743 1270 799 quoad
1316 743 1393 784 eris
1428 743 1590 792 Rornae,
1625 740 1683 781 ita
1714 740 1857 795 gerito,

94 818 234 873 tegito,
279 817 516 871 gubernato,
562 823 608 860 ut
656 818 756 860 1111111
801 834 823 859 3
868 833 928 859 1116
972 821 1191 872 exspectes.
1245 816 1500 871 Quamquam
1549 814 1655 855 enim
1706 814 1860 869 reliqua

93 891 189 933 satis
232 896 325 948 apta
368 898 464 933 sunt
507 892 556 934 ad
601 892 851 943 solvendum,
896 897 1031 933 tamen
1076 892 1121 932 fit
1153 905 1282 945 saepe,
1319 895 1365 931 ut
1396 890 1440 940 ii,
1477 889 1545 944 qui
1580 887 1742 939 debent,
1778 903 1857 929 non

39 953 43 957 ι
93 965 360 1022 respondeant
403 966 453 1007 ad
502 971 674 1022 tempus.
731 966 773 1007 Si
818 965 914 1021 quid
959 963 1156 1005 eiusmodi
1201 963 1405 1012 acciderit,
1453 978 1503 1003 ne
1549 962 1647 1017 quid
1690 961 1765 1003 tibi
1807 962 1859 1003 sit
1879 976 1914 1002 10

91 1039 198 1081 fama
241 1054 329 1081 mea
371 1040 520 1096 potius.
576 1041 670 1082 Non
720 1039 837 1081 modo
882 1053 1042 1080 versura
1093 1052 1227 1078 verum
1276 1036 1397 1078 etiam
1443 1035 1688 1086 venditione,
1734 1036 1767 1077 si
1801 1035 1858 1077 ita

92 1128 154 1155 res
198 1118 327 1169 coget,
369 1129 442 1156 nos
487 1114 724 1156 vindicabis.
768 1116 808 1156 3.
854 1114 980 1154 Bruto
1013 1117 1106 1153 tuae
1140 1111 1277 1152 literae
1310 1114 1445 1165 gratae
1479 1113 1606 1150 613111.
1641 1109 1717 1150 Fui
1750 1109 1857 1150 enim

93 1187 199 1244 apud
243 1188 356 1230 illum
390 1187 537 1229 multas
572 1187 689 1229 horas
721 1188 765 1229 in
804 1186 970 1237 Neside,
1005 1200 1129 1240 quum
1163 1184 1297 1240 paullo
1332 1188 1423 1225 31116
1459 1187 1548 1224 tuas
1581 1182 1715 1225 literas
1749 1198 1858 1225 acce-

92 1262 252 1317 pissem.
304 1261 503 1303 Delectari
548 1262 648 1304 mihi
690 1262 814 1303 Tereo
859 1259 1070 1302 videbatur
1115 1263 1154 1300 et
1186 1257 1332 1300 habere
1367 1258 1555 1299 maiorem
1590 1258 1704 1299 Attio
1737 1272 1855 1312 quam

135 1419 176 1449 14
199 1418 296 1450 Accio
318 1435 360 1441 —-

97 1554 116 1593 ξ
139 1555 169 1590 4,
191 1554 266 1586 coll.
297 1554 389 1595 epist.
414 1555 441 1592 l,
466 1555 478 1585 1
506 1560 538 1587 et
560 1557 588 1592 4,
615 1557 628 1586 l
661 1555 872 1587 manifestum
895 1561 952 1587 cst.
997 1556 1123 1593 omitto,
1145 1561 1216 1586 tum
1248 1555 1363 1586 falsam
1393 1564 1463 1586 esse
1496 1555 1616 1586 docent
1650 1554 1855 1586 coniunctivi

138 1606 187 1638 De
208 1606 348 1638 Publilio
375 1609 478 1638 aulem
497 1615 570 1650 pet.
605 1608 654 1640 Cf.
679 1618 728 1649 ep.
752 1609 779 1646 6,
803 1610 832 1639 3.
878 1608 951 1639 Cum
996 1611 1178 1641 solverimus
1208 1616 1239 1641 et
1268 1609 1483 1647 rescribamus,
1521 1618 1537 1640 e
1569 1609 1689 1648 quihus
1723 1613 1856 1649 apparet

98 1661 234 1693 Publilio
254 1662 401 1704 quomodo
421 1663 574 1704 ayendum
597 1663 640 1693 sit
655 1663 784 1694 videbis.
807 1662 875 1693 Noa
901 1663 952 1693 de·
998 1664 1169 1695 relativam
1193 1662 1392 1694 sententiam
1415 1672 1485 1693 esse
1510 1663 1686 1694 causalem.

93 1716 142 1747 bet
165 1727 283 1758 urqere,
305 1717 449 1759 quoniam
471 1717 539 1748 iare
562 1728 623 1748 non.
645 1718 780 1753 utimum·
816 1718 873 1748 sed
901 1720 950 1748 ta·
973 1720 976 1765 1
1040 1719 1088 1750 De
1110 1717 1245 1750 residuis
1264 1711 1383 1749 YTCCG.
1407 1716 1444 1747 Si
1467 1717 1569 1757 igitur
1587 1717 1646 1747 dos
1659 1715 1765 1747 tribus
1780 1724 1858 1756 pen-

93 1781 160 1802 men
182 1771 212 1802 ei
232 1783 349 1814 quoque
368 1772 520 1806 satisfieri
538 1773 636 1813 plane
658 1773 737 1803 volo.
997 1773 1146 1804 sionibus
1167 1777 1204 1802 ut
1229 1771 1338 1808 fiebat,
1359 1770 1489 1801 reddita
1512 1774 1570 1807 est,
1607 1768 1755 1800 Publilia
1776 1773 1857 1799 attu-

137 1824 228 1865 Quod
241 1825 396 1866 perscribi
422 1827 542 1866 oportet
564 1836 599 1856 o:
623 1826 706 1856 solvi
729 1835 786 1867 por
808 1826 952 1866 assigna·
998 1828 1036 1859 lit
1058 1827 1190 1860 CIOCC
1213 1825 1295 1864 HS„
1318 1826 1406 1867 quod
1429 1831 1478 1856 est
1506 1830 1640 1856 centum
1673 1829 1705 1856 et
1734 1823 1855 1865 viginti

93 1878 229 1916 tionem,
251 1884 288 1910 ut
308 1879 408 1910 hodie
434 1880 617 1919 loquuntur
652 1878 791 1919 Copiose
814 1889 882 1910 rem
896 1888 952 1910 ex·
998 1881 1090 1913 inilia
1110 1880 1321 1917 florenorum,
1353 1884 1391 1910 ut
1420 1878 1539 1910 merito
1575 1888 1594 1909 a
1617 1877 1797 1909 Plutarcho
1820 1877 1853 1907 in

94 1934 209 1975 plicuit
238 1933 425 1965 Gronovius
475 1933 614 1966 Observ.
649 1934 710 1964 IV.
749 1935 776 1971 9,
814 1934 957 1965 breviter
998 1933 1064 1965 Cic.
1088 1934 1128 1964 38
1150 1926 1232 1969 παῖς
1260 1927 1395 1976 σφόδρα
1425 1927 1577 1963 πλουσία
1601 1931 1793 1971 appelletur.

95 1988 313 2019 Ruhnkenius
343 1988 377 2018 in
401 1987 531 2019 Scholis
554 1988 593 2018 ad
617 1986 708 2018 Suet.
733 1987 825 2018 Caes,
850 1997 877 2018 c.
900 1987 949 2018 42.
1039 1988 1171 2030 Reliqua
1184 1987 1389 2019 rescribamus
1406 1996 1438 2017 o:
1460 1996 1518 2027 per
1535 1987 1760 2027 argentarium
1771 1986 1857 2017 solvi

94 2042 171 2073 Non
191 2042 357 2074 diversum
381 2048 431 2073 est
454 2041 632 2079 rescribere,
658 2043 744 2082 quod
769 2042 879 2073 statim
903 2051 949 2073 se-
997 2042 1178 2073 iubeamus.
1202 2041 1250 2072 Cf.
1276 2040 1388 2072 Bentl.
1411 2040 1453 2071 ad
1473 2039 1556 2070 Hor.
1579 2039 1641 2080 Ep.
1667 2039 1712 2070 II.
1738 2039 1765 2076 1,
1786 2038 1857 2069 105.

94 2096 214 2137 quitur,
238 2100 270 2126 et
291 2096 379 2136 quod
401 2096 513 2126 Acron
538 2096 579 2126 ad
600 2095 682 2126 Hor.
707 2094 773 2126 Sat.
794 2095 840 2126 11.
865 2097 893 2133 3,
910 2095 950 2128 ’76
1040 2093 1230 2126 Commodum
1252 2095 1389 2124 nostrum
1413 2102 1446 2124 o:
1470 2097 1601 2133 tempus
1623 2092 1720 2123 nobis
1743 2102 1856 2133 oppor-

94 2149 238 2191 explicat
258 2148 372 2190 scripto
393 2148 498 2179 debita
520 2148 667 2179 liberare.
698 2147 831 2180 Graecis
853 2149 949 2180 usita-
995 2156 1123 2187 tunum,
1147 2154 1184 2180 ut
1206 2147 1303 2179 XIV.
1327 2147 1356 2185 2,
1379 2148 1407 2178 3.

95 2209 164 2234 tum
201 2202 300 2234 fuisse
337 2199 539 2248 διαγράφειν
578 2215 637 2246 pro
677 2197 737 2234 διὰ
779 2202 952 2248 τραπέζης
1038 2203 1106 2242 §2
1139 2201 1273 2233 Videsne
1294 2211 1384 2243 quam
1407 2199 1534 2231 blande.
1568 2199 1777 2241 Mongaltius
1800 2200 1860 2231 ob·

94 2257 256 2305 ὰρὶθμειν
272 2260 367 2292 docet
376 2259 618 2301 Harpocration
635 2260 669 2291 in
687 2270 716 2290 ν.
733 2255 948 2304 διαγράψαν-
970 2259 973 2315 ²
995 2263 1104 2290 servat
1126 2267 1168 2288 ex
1192 2255 1275 2287 XII.
1299 2257 1328 2293 3,
1353 2256 1369 2286 1
1394 2265 1525 2286 causam
1556 2254 1654 2286 huius
1682 2254 1762 2286 dicti
1790 2254 1858 2295 peti

93 2331 164 2361 τος,
187 2319 338 2352 laudatus
358 2329 378 2350 a
401 2318 544 2351 Graevio
566 2319 607 2350 ad
629 2318 663 2349 h.
686 2318 708 2348 l.
971 2317 973 2357 j
995 2320 1099 2352 posse.

138 2376 294 2418 Quantum
317 2376 358 2407 de
378 2375 448 2406 iure
469 2376 577 2405 nostro
588 2372 822 2405 decesserimus,
849 2386 862 2397 n
877 2371 948 2402 Pla-
970 2361 973 2403 1
1042 2364 1080 2396 Ut
1103 2364 1186 2395 nzltzl
1207 2376 1226 2394 (l
1249 2374 1295 2395 me
1319 2364 1478 2403 eoespecteS
1499 2372 1532 2394 0:
1571 2368 1608 2393 ut
1630 2371 1673 2393 ex
1697 2361 1858 2392 facultati-

95 2442 174 2463 num
196 2431 234 2462 fit
255 2440 298 2462 ex
319 2430 383 2461 hoc
406 2429 488 2465 loco,
518 2428 604 2459 intra
625 2431 748 2458 certam
769 2426 858 2457 dien]
880 2425 948 2457 red-
971 2412 973 2460 Ξ
997 2420 1056 2450 bus
1079 2419 1143 2450 tuis
1166 2418 1246 2449 Inibi
1269 2417 1458 2455 subvenias,
1474 2416 1603 2448 etiamsi
1616 2425 1667 2447 res
1681 2425 1774 2446 meae
1787 2426 1853 2446 non

95 2485 237 2516 (leudam
258 2483 358 2514 fuisse
379 2483 490 2513 dotem
521 2481 562 2511 ab
597 2480 646 2517 iis,
680 2479 737 2520 qui
770 2479 948 2509 divortium
971 2479 974 2528 j
996 2473 1162 2514 patiantur
1176 2481 1229 2503 1116
1243 2471 1357 2502 statim
1370 2470 1433 2501 tibi
1446 2470 1594 2502 reddere.
1618 2470 1705 2500 Nam
1718 2479 1854 2510 sequen—

96 2540 250 2572 fecerant.
273 2538 390 2570 Cicero
412 2541 521 2568 aut-em
543 2536 583 2566 de
605 2544 664 2566 suo
687 2535 756 2566 iure
787 2534 950 2565 decedens
995 2529 1041 2560 tia
1062 2530 1181 2560 docent
1203 2528 1274 2559 falli
1298 2526 1487 2558 Manutium
1500 2532 1533 2558 et
1548 2526 1738 2561 Ernestum,
1753 2536 1855 2565 quum

95 2597 170 2625 ante
192 2601 266 2624 eam
287 2591 384 2628 diem,
407 2589 553 2630 exceptis
577 2584 640 2620 &c
653 2587 735 2624 HS,
751 2596 882 2618 omnem
896 2586 951 2616 do·
972 2611 975 2625 ,
997 2582 1267 2623 interpretentur:
1291 2584 1326 2611 ut
1348 2589 1401 2610 me
1424 2589 1491 2610 non
1515 2578 1675 2615 consulas,
1707 2579 1764 2609 secl
1787 2578 1856 2619 ipsc

96 2652 160 2678 tem
183 2643 447 2676 numeraverat.”
481 2641 536 2672 Sic
558 2640 738 2676 Manutius,
775 2639 866 2670 cuius
896 2647 951 2670 ex·
972 2630 975 2650 ¹
997 2643 1084 2675 agas,
1108 2638 1144 2665 ut
1165 2634 1226 2665 tibi
1250 2633 1357 2664 visum
1379 2631 1492 2663 fuerit.

95 2697 228 2740 plicatio
250 2696 360 2728 verior
389 2695 529 2731 videtur,
564 2703 664 2735 quam
697 2692 857 2728 Graeteri,
894 2691 952 2732 qui
1039 2687 1181 2730 Reliqua.
1206 2687 1254 2720 Cf.
1280 2687 1358 2718 XV.
1383 2687 1432 2723 15,
1457 2685 1486 2717 3.
1510 2685 1614 2717 Paulo
1638 2690 1711 2726 post
1725 2694 1856 2715 versura

96 2752 196 2792 longa
216 2749 436 2792 disputatione
459 2748 539 2788 (vol.
565 2747 624 2779 VI.
651 2758 683 2788 p.
704 2746 864 2787 471-75)
887 2746 953 2777 effi·
998 2753 1054 2774 nos
1074 2743 1248 2774 vindicabis
1271 2747 1337 2774 est:
1372 2742 1528 2773 liberabis
1551 2750 1603 2772 me
1626 2741 1765 2782 pecunia
1788 2750 1857 2771 mu-

95 2813 168 2836 cere
203 2803 322 2840 studet,
350 2812 417 2833 non
454 2810 547 2842 posse
579 2800 675 2830 illam
707 2798 952 2832 liberalitatem,
999 2803 1055 2830 tua
1077 2807 1151 2829 meo
1173 2797 1309 2829 nomine
1333 2802 1473 2837 sumpta.
1497 2795 1534 2827 Si
1555 2796 1618 2826 hoc
1640 2795 1790 2826 fierinon
1803 2805 1857 2835 po-

95 2866 178 2898 quae
201 2866 269 2887 non
291 2855 372 2887 adeo
394 2864 517 2895 magna
543 2857 636 2890 esset,
659 2851 724 2882 diei
737 2849 953 2881 tantamiuris
1000 2858 1093 2889 terat,
1115 2852 1206 2894 cupit
1228 2851 1362 2883 liberari
1384 2850 1519 2891 praedio
1542 2849 1654 2890 aliquo
1673 2848 1857 2879 vendendo.

96 2910 264 2947 iacturam,
287 2910 344 2940 sed
365 2908 549 2949 suspicatur
561 2905 754 2938 Ciceronem
771 2903 954 2936 Publiliam
1043 2905 1061 2944 §
1083 2906 1111 2936 3.
1146 2905 1352 2945 Accepissem.
1402 2902 1516 2934 nFort.
1555 2901 1761 2941 accepisset.”
1802 2899 1858 2932 Or.

97 2965 265 2997 demisisse
287 2965 330 2996 ob
351 2963 504 2995 adulterii
534 2961 755 3002 suspicionem
778 2961 875 3000 eique
897 2968 955 3000 per
999 2958 1192 3000 Perpermm
1216 2967 1325 2998 neque
1348 2957 1437 2988 enini
1461 2956 1584 2988 Brutus
1608 2959 1777 2995 acceperat
1793 2954 1855 2985 At-

99 3019 206 3058 legem
226 3017 360 3057 (Iuliam
383 3016 508 3048 scilicet
539 3015 596 3046 ille
627 3020 699 3045 tum
730 3013 879 3044 nondum
910 3012 954 3042 13-
1000 3013 1058 3045 tici
1080 3013 1201 3051 literas,
1223 3013 1281 3044 sed
1303 3011 1428 3048 Cicero,
1464 3020 1544 3052 quas
1581 3010 1648 3050 ipse
1681 3014 1858 3049 acceperat,

98 3073 179 3107 tam)
203 3070 336 3102 licuisse
357 3070 442 3101 dotis
463 3072 589 3110 partem
613 3067 665 3098 vel
687 3071 789 3098 totam
820 3065 954 3096 fortasse
1000 3065 1107 3097 Bruto
1129 3065 1291 3097 recitavit.

98 3124 247 3161 retinere,
271 3133 337 3164 quo
372 3128 482 3154 tamen
516 3121 587 3152 iure
615 3120 664 3151 uti
697 3119 851 3151 noluerit.
893 3117 954 3149 Cui
1043 3118 1171 3150 Habere
1191 3118 1336 3149 maiorem
1359 3116 1448 3148 Attio
1467 3127 1555 3158 quam
1570 3115 1706 3146 Antonio
1718 3115 1854 3154 qratiam

98 3177 246 3220 opinioni
268 3187 370 3219 quum
394 3175 496 3208 multa
520 3174 584 3206 alia
607 3174 750 3211 obstant,
768 3182 853 3214 quae
866 3182 953 3203 1111116
974 3181 977 3215 Ι
1004 3184 1062 3204 υ.);
1099 3177 1213 3214 putare
1237 3170 1399 3212 placuisse
1421 3168 1526 3210 magis
1550 3168 1642 3200 ludos¹
1666 3167 1786 3209 populo
1808 3168 1851 3198 ol,
