2062 3565
701 143 808 187 LIB.
841 144 935 187 XV.
970 144 1054 187 ΕΡ.
1091 146 1162 186 13.
1202 146 1271 186 14«.
1786 146 1869 186 325

109 283 200 326 bam
244 282 296 324 ad
338 287 378 326 te
422 286 643 326 orationem
687 299 770 326 esse
804 283 1010 339 perlatam.
1064 282 1163 333 Hui,
1198 296 1318 338 quam
1352 281 1474 322 timeo
1507 281 1606 337 quid
1640 280 1867 323 existimes!

109 357 197 400 Etsi
241 357 339 413 quid
379 357 428 399 ad
471 373 548 410 me,
593 372 693 413 qnae
738 372 819 399 non
864 357 917 398 sit
949 356 1053 398 foras
1087 355 1293 412 proditura
1327 355 1405 397 nisi
1438 370 1479 397 re
1513 354 1675 412 publica
1707 369 1868 410 recupe-

109 432 220 474 rata?
252 432 312 474 De
347 446 425 488 quo
457 432 556 488 quid
589 447 742 489 sperem
776 447 858 475 non
890 431 1018 474 audeo
1051 430 1238 473 scribere.

108 610 189 644 VII.
210 611 261 650 23,
285 610 313 642 1.
339 610 471 642 Tantum
492 611 576 653 quod
591 623 631 643 et
644 613 793 653 Arpinati
806 622 963 649 veneram,
1012 611 1069 645 117
1093 612 1164 643 init.
1187 618 1220 643 et
1238 612 1272 643 in
1292 610 1444 643 Suetonii
1458 611 1535 642 vitis
1550 610 1682 652 passim.
1700 608 1778 641 vid.
1793 609 1867 640 intt.

105 662 196 706 quiam
215 664 292 696 milti
321 675 342 695 a
371 666 404 696 te
430 664 546 696 literae
577 665 722 697 redditae
749 668 833 703 sunt,
872 667 899 697 l.
925 666 963 697 F.
1009 666 1050 697 ad
1073 665 1210 706 Vespas.
1233 666 1262 696 8.

107 716 295 750 Gronovius
317 719 359 749 ad
380 718 456 750 Liv.
476 718 652 750 XXXIII.
679 721 700 751 4
722 726 816 757 extr„
839 720 897 751 uhi
919 725 963 751 ta·
984 706 988 745 ,¹
1054 720 1244 758 Orationem,
1274 721 1314 752 de
1337 731 1403 762 qua
1425 720 1554 761 scripsit
1586 720 1604 760 ᾖ
1629 719 1656 757 1,
1689 719 1754 750 nisi
1785 718 1868 750 forte

106 781 183 805 men
205 772 380 804 historicus
413 783 479 804 non
512 773 618 814 magis
646 774 749 805 utitur
779 774 840 805 hac
874 775 962 806 locu·
1010 784 1096 805 nova
1118 775 1256 816 epistola
1281 775 1418 816 incipiat
1440 784 1459 805 a
1481 774 1589 805 verbis
1623 772 1793 804 Dolabella
1821 772 1868 802 vir

107 825 207 863 tione,
230 835 331 867 quam
353 825 402 857 lib
435 825 555 864 XXII,
578 827 607 864 2,
639 827 794 859 Bromius
816 829 858 859 ad
879 828 962 869 Nep.
1008 828 1150 868 optimus,
1173 829 1261 870 quod
1283 828 1459 860 Graetcrus
1483 828 1616 869 interpr.
1646 826 1757 859 Germ.
1786 827 1868 858 VII.

106 879 237 911 Datam.
258 879 288 917 6,
311 880 329 911 5
352 879 411 911 ubi
433 880 518 912 illud
541 886 665 912 temere
687 891 706 912 a
727 881 894 913 Lambino
916 882 963 913 in·
1008 893 1038 924 p.
1063 882 1122 913 165
1145 892 1234 924 seqq.
1259 883 1414 924 speciosis
1437 883 1642 923 argumentis
1664 882 1802 923 probare
1819 892 1869 912 co-

107 938 239 965 vectnm
262 933 425 964 bonorum
445 933 595 965 codicum
618 934 730 965 nullus
751 934 861 966 habet.
897 935 963 967 Sed
1009 943 1104 970 natus
1128 942 1186 970 est.

106 987 350 1020 dubitationem
372 997 439 1020 non
461 988 561 1020 habet
582 989 669 1030 apud
699 988 791 1021 Vell.
813 989 886 1021 Pat.
913 989 960 1021 ΙΙ.

701 1109 821 1153 XIV.
887 1111 953 1164 (A.
995 1112 1040 1154 U.
1079 1114 1121 1154 C.
1158 1112 1276 1167 710.)

172 1226 210 1265 l.
260 1237 317 1265 vl.
365 1225 480 1266 Kal..
506 1226 642 1281 accepi
690 1242 712 1267 a
755 1225 964 1268 Dolabella
1008 1228 1157 1280 literas,
1193 1243 1361 1283 quarum
1397 1228 1623 1283 exemplum
1656 1226 1731 1268 tibi
1765 1228 1870 1278 misi,

111 1297 154 1339 111
197 1297 344 1353 quibus
387 1304 472 1341 erat
515 1299 648 1341 omnia
693 1315 733 1341 se
781 1299 935 1351 fecisse,
970 1317 1071 1357 quae
1105 1307 1151 1343 tu
1185 1302 1318 1344 velles.
1369 1302 1513 1344 Statim
1547 1302 1583 1343 ei
1616 1301 1799 1356 rescripsi
1833 1306 1873 1342 et

109 1371 249 1413 multis
291 1371 423 1414 verbis
467 1372 616 1429 gratias
661 1373 739 1429 egi.
789 1373 868 1415 Sed
917 1378 1051 1417 tamen
1094 1390 1144 1417 ne
1189 1375 1414 1426 miraretur,
1463 1389 1532 1416 cur
1575 1373 1683 1415 idem
1726 1373 1871 1415 iterum

109 1445 292 1498 facerem,
337 1445 413 1487 hoc
458 1461 601 1488 causae
650 1447 816 1503 sumpsi,
853 1448 961 1505 quod
994 1464 1043 1491 ex
1075 1454 1114 1491 te
1148 1449 1235 1505 ipso
1270 1464 1400 1491 coram
1435 1453 1553 1491 antea
1585 1448 1689 1490 nihil
1722 1448 1873 1504 potuis·
1921 1466 1934 1489 5

111 1533 194 1561 56111
226 1533 479 1574 cognoscere.
513 1519 592 1562 Sed
625 1520 724 1577 quid
756 1521 912 1564 multa?
946 1522 1102 1565 Literas
1136 1522 1212 1564 hoc
1245 1522 1426 1579 exemplo
1460 1522 1576 1564 dedi:

576 1626 762 1665 CICERO
793 1627 1131 1667 DOLABELLAE
1159 1626 1263 1666 Cos,
1298 1608 1428 1666 SUO(

113 1731 153 1770 2.
202 1756 222 1779 u
235 1730 366 1770 Antea
410 1742 535 1783 quum
575 1727 702 1769 literis
737 1727 865 1768 Attici
898 1726 1025 1768 nostri
1058 1725 1106 1767 de
1138 1730 1210 1767 tua
1243 1740 1399 1767 summa
1430 1724 1670 1766 liberalitate
1703 1738 1875 1764 summo-

111 1816 188 1856 que
220 1816 314 1857 erga
347 1817 387 1844 se
422 1801 617 1844 beneficio
651 1801 795 1843 certior
827 1800 956 1843 factus
991 1815 1131 1851 essem,
1166 1814 1371 1855 quumque
1405 1803 1452 1841 tu
1484 1800 1569 1855 ipse
1603 1798 1723 1840 etiam
1741 1797 1791 1839 ad
1812 1812 1875 1838 me

111 1875 335 1931 scripsisses
378 1882 417 1917 te
461 1875 599 1917 fecisse
645 1890 704 1925 ea,
751 1889 852 1930 quae
896 1889 969 1915 nos
1013 1873 1291 1923 voluissemus,
1337 1872 1401 1927 egi
1433 1871 1511 1913 tibi
1543 1871 1693 1927 gratias
1726 1885 1795 1926 per
1827 1870 1874 1911 li·
1894 1882 1928 1908 10

111 1953 214 1991 teras
262 1949 312 1991 iis
357 1949 500 2001 verbis,
550 1954 597 1991 ut
643 1949 900 2004 intelligereS,
951 1947 1053 1989 nihil
1100 1951 1140 1989 te
1183 1946 1284 1988 mihi
1322 1946 1476 2002 gratius
1520 1945 1647 1987 facere
1680 1943 1872 2000 potuisse.

111 2023 254 2065 Postea
288 2038 379 2064 vero
413 2038 532 2078 quam
565 2023 649 2079 ipse
694 2022 855 2063 Atticus
889 2020 939 2062 ad
972 2035 1035 2062 me
1069 2020 1180 2061 venit
1213 2019 1257 2061 111
1289 2019 1564 2061 Tusculanum
1598 2018 1720 2060 huius
1753 2018 1875 2060 unius

111 2098 167 2140 rei
217 2113 350 2149 causa,
395 2097 472 2138 tibi
516 2101 563 2137 ut
604 2096 712 2152 apud
758 2110 819 2137 me
864 2095 1012 2151 gratias
1046 2098 1194 2149 ageret,
1230 2093 1345 2134 cuius
1379 2092 1566 2134 eximiam
1599 2091 1802 2148 quandam
1836 2096 1876 2132 et

112 2171 387 2214 admirabilem
429 2171 472 2213 in
517 2186 636 2212 causa
680 2169 894 2223 Buthrotia
937 2167 1183 2209 voluntatem
1216 2172 1256 2207 et
1289 2165 1534 2221 singularem
1567 2180 1662 2221 erga
1694 2181 1734 2207 se
1770 2181 1875 2207 anio-

112 2261 193 2288 rem
237 2245 516 2302 perspexisset,
559 2244 688 2285 teneri
734 2258 814 2284 non
859 2241 973 2297 potui
1007 2240 1106 2295 quin
1138 2238 1216 2280 tibi
1249 2238 1425 2294 apertius
1457 2238 1560 2280 illud
1592 2238 1701 2280 idem
1734 2238 1796 2280 his
1828 2238 1875 2279 li·
1899 2250 1928 2275 ιε

112 2318 208 2360 teris
251 2318 506 2360 declararem.
549 2319 610 2359 Ex
645 2315 831 2358 omnibus
865 2316 986 2366 enim,
1023 2314 1077 2356 mi
1110 2312 1332 2364 Dolabella,
1368 2312 1514 2354 studiis
1547 2312 1590 2353 in
1623 2326 1686 2354 me
1719 2315 1761 2353 et
1793 2312 1875 2352 offi-

114 2391 200 2442 ciis,
248 2406 350 2447 quae
395 2406 549 2432 summa
582 2397 690 2442 sunt,
724 2390 801 2432 hoc
835 2390 935 2432 scito
968 2388 1068 2431 mihi
1101 2391 1141 2429 et
1175 2387 1467 2442 amplissimum
1500 2385 1627 2427 videri
1660 2388 1701 2426 et
1732 2385 1873 2440 gratis-

114 2464 260 2506 simum
304 2479 402 2515 esse,
449 2463 554 2520 quod
603 2463 827 2520 perfeceris,
876 2468 924 2504 ut
967 2461 1128 2503 Atticus
1172 2459 1429 2514 intelligeret,
1475 2464 1672 2515 quantum
1713 2474 1785 2514 ego
1818 2464 1872 2508 tc,

115 2542 310 2595 quantum
349 2543 396 2580 tu
440 2553 501 2579 me
548 2552 712 2579 amares.
756 2538 797 2577 3.
837 2535 960 2582 Quod
1003 2534 1201 2589 reliquum
1243 2537 1317 2583 est,
1351 2532 1607 2574 Buthrotiam
1640 2537 1680 2573 et
1712 2546 1872 2573 causam

114 2616 155 2654 et
198 2612 416 2663 civitatem,
460 2627 702 2667 quamquam
748 2627 771 2652 a
811 2616 851 2651 te
895 2609 1115 2651 constituta
1158 2612 1219 2649 est
1254 2632 1309 2636 ——
1344 2605 1538 2648 beneficia
1571 2610 1705 2647 autem
1736 2610 1873 2646 nostra
1895 2622 1930 2648 20

113 2687 220 2729 tueri
262 2686 434 2728 solemus
480 2710 551 2735 —‚
597 2689 732 2726 tamen
764 2683 882 2724 velim
916 2685 1116 2737 receptam
1149 2680 1191 2722 in
1224 2679 1343 2721 fidem
1375 2684 1487 2721 tuam
1520 2694 1543 2720 a
1577 2693 1718 2733 meque
1750 2677 1870 2718 etiam

115 2765 234 2816 atquc
277 2759 396 2802 etiam
441 2757 519 2800 tibi
560 2756 892 2802 commendatam,
937 2753 1175 2796 auctoritate
1218 2758 1258 2794 et
1301 2752 1451 2794 auxilio
1493 2758 1562 2793 tuo
1594 2755 1740 2793 tectam
1775 2750 1871 2792 velis

116 2848 215 2875 6556.
265 2832 371 2874 Satis
404 2832 479 2873 erit
511 2832 553 2872 in
588 2834 824 2886 perpetuum
859 2827 1085 2869 Buthrotiis
1118 2825 1306 2882 praesidii
1342 2840 1563 2881 magnaque
1598 2839 1691 2865 cura
1725 2828 1764 2864 et
1797 2823 1871 2865 sol-

116 2905 327 2948 licitudine
373 2905 552 2947 Atticum
598 2909 638 2945 et
678 2919 740 2946 me
772 2902 967 2952 liberaris,
1001 2901 1035 2942 51
1067 2901 1143 2942 hoc
1177 2900 1338 2941 honoris
1371 2900 1449 2941 mei
1483 2913 1603 2940 causa
1637 2896 1870 2951 susceperis,

159 3071 177 3110 ξ
207 3070 234 3103 1.
270 3070 330 3101 Cur
359 3070 441 3102 idem
467 3070 580 3100 iterum
600 3068 754 3109 jacerem.
784 3068 855 3098 Iam
877 3073 974 3098 antea
994 3063 998 3091 l
1061 3065 1079 3105 ξ
1102 3067 1131 3096 3.
1159 3064 1254 3096 Velim
1278 3082 1317 3087 —
1340 3064 1418 3095 velis
1434 3073 1509 3094 esse.
1534 3064 1574 3093 In
1587 3061 1780 3102 repetitione
1794 3061 1876 3091 eius·

119 3124 310 3157 Dolabellae
332 3125 372 3156 (le
396 3134 428 3156 rc
451 3122 623 3156 Buthrotia
646 3122 766 3161 gratias
782 3125 902 3162 egerat.
920 3120 971 3153 Cf.
1019 3118 1096 3150 dem
1117 3118 1209 3150 verbi
1231 3124 1279 3149 est
1302 3117 1460 3159 quaedam
1485 3114 1643 3147 orationis
1660 3113 1872 3154 negligentia.

119 3179 136 3219 ξ
158 3178 188 3210 2.
995 3179 997 3185 ’
1021 3173 1062 3205 de
1085 3182 1149 3219 qua
1170 3172 1256 3205 dixit
1280 3172 1391 3204 Madv.
1416 3172 1455 3202 ad
1479 3169 1545 3203 Cic.
1570 3169 1643 3201 Fin.
1668 3178 1697 3209 p.
1710 3167 1750 3198 86
1762 3167 1876 3200 et465.
