2062 3565
137 963 171 989 10

132 1328 163 1354 15

129 1697 164 1723 20

129 2069 165 2095 25

199 160 285 199 358
602 160 686 201 ΕΡ.
721 160 796 200 AD
829 159 875 199 T.
909 157 1260 200 POMPONIUM
1291 157 1556 200 ATTICUM.

200 296 305 337 enim
351 295 446 336 villa
491 294 642 336 Valerii
683 293 825 343 nostri,
866 298 914 334 ut
956 293 1205 335 familiariter
1247 308 1372 335 essem
1413 298 1454 335 et
1484 292 1656 335 libenter
1689 319 1745 324 -—
1780 294 1954 349 Rhegini

200 368 376 424 quidam,
409 367 585 409 illustres
618 367 815 418 homines,
849 381 895 407 eo
929 370 1139 417 venerunt,
1175 366 1302 408 Roma
1335 382 1428 408 sane
1461 371 1654 417 recentes,
1687 368 1732 409 in
1763 367 1814 408 iis
1836 367 1954 408 Bruti

198 441 324 483 nostri
356 441 514 496 hospes,
550 441 619 496 qui
651 440 825 482 Brutum
858 439 1030 495 Neapoli
1062 439 1304 494 reliquisset.
1353 441 1466 482 Haec
1501 440 1741 482 afferebant:
1777 439 1954 482 edictum

196 514 311 557 Bruti
345 519 385 555 et
417 513 559 564 Cassii,
595 518 635 554 et
667 513 750 554 fore
782 512 1032 567 frequentem
1065 516 1248 554 senatum
1281 513 1491 563 Kalendis,
1526 529 1549 555 a
1579 513 1708 555 Bruto
1741 518 1782 555 et
1813 512 1952 555 Cassio

195 588 329 629 literas
372 586 513 627 missas
556 585 607 626 ad
651 585 878 626 consulares
911 589 951 625 et
985 585 1216 640 praetorios,
1251 589 1298 626 ut
1330 585 1516 627 adessent
1546 601 1699 641 rogare.
1749 586 1954 628 Summam

194 675 303 716 spem
335 658 582 701 nuntiabant
612 659 695 700 fore
728 663 775 699 ut
807 657 1011 699 Antonius
1044 656 1215 708 cederet,
1249 673 1311 700 res
1344 658 1589 710 conveniret,
1622 660 1750 701 nostri
1784 660 1951 701 Romam

194 733 382 775 redirent.
427 731 644 774 Addebant
676 732 795 773 etiam
830 746 892 772 me
926 731 1156 782 desiderari,
1191 731 1462 774 subaccusari.
1513 732 1626 784 Quae
1660 748 1785 789 quum
1819 731 1953 774 audis-

194 823 290 858 sem,
331 807 415 848 sine
461 805 544 847 ulla
594 804 847 847 dubitatione
892 803 1020 846 abieci
1065 804 1278 846 consilium
1310 804 1581 860 profectionis,
1616 821 1695 860 quo
1727 805 1952 847 mehercule

193 897 243 922 ne
284 885 400 922 antea
441 878 604 934 quidem
647 877 887 920 delectabar.
933 881 973 919 2.
1007 878 1141 919 Lectis
1173 892 1266 919 vero
1298 879 1381 919 tuis
1414 878 1555 930 literis,
1589 879 1811 921 admiratus
1843 879 1953 934 equi-

194 954 283 995 dem
317 968 403 993 sum
438 957 478 993 te
511 957 593 993 tam
627 951 882 993 vehementer
915 951 1155 992 sententiam
1188 956 1476 1003 commutasse3
1512 952 1581 993 sed
1613 967 1696 994 non
1725 953 1810 994 sine
1833 966 1953 994 causa

193 1025 427 1069 arbitrabar.
461 1025 551 1067 Etsi
585 1025 766 1080 quamvis
799 1039 881 1065 non
915 1024 1037 1065 fueris
1070 1038 1208 1065 suasor
1241 1029 1281 1065 et
1312 1024 1506 1079 impulsor
1538 1025 1795 1081 profectionis
1827 1039 1952 1076 meae,

191 1099 430 1156 approbator
463 1104 569 1140 certe
601 1098 728 1147 fuisti,
764 1098 980 1139 dummodo
1014 1097 1108 1138 Kal.
1142 1097 1230 1138 Ian.
1266 1097 1415 1139 Romae
1449 1113 1590 1139 essem.
1624 1099 1688 1140 Ita
1719 1097 1855 1149 fiebat,
1888 1102 1950 1149 ut,

191 1173 287 1214 dum
321 1173 454 1214 minus
486 1171 653 1228 periculi
687 1171 903 1222 videretur,
939 1170 1132 1220 abessem,
1166 1170 1210 1211 in
1243 1170 1441 1212 flammam
1475 1171 1601 1226 ipsam
1637 1172 1826 1213 venirem.
1872 1172 1950 1214 Sed

189 1247 300 1298 haec,
347 1246 505 1288 etiamsi
546 1261 628 1286 non
664 1244 892 1300 prudenter,
927 1250 1062 1285 tamen
1095 1240 1376 1300 ἀνεμέσητα
1411 1249 1520 1295 sunt,
1554 1245 1727 1299 primum
1761 1244 1866 1300 quod
1901 1244 1949 1287 de

189 1335 276 1361 mea
308 1319 507 1360 sententia
540 1323 628 1360 acta
661 1323 769 1368 sunt,
804 1317 963 1368 deinde,
998 1318 1155 1359 etiamsi
1188 1322 1228 1358 te
1262 1322 1437 1368 auctore,
1472 1317 1569 1372 quid
1603 1317 1736 1368 debet,
1766 1318 1835 1372 qui
1858 1332 1951 1359 con-

188 1394 322 1435 silium
371 1393 453 1444 dat,
497 1397 696 1449 praestare
740 1396 894 1447 praeter
938 1390 1084 1432 fidem?
1130 1393 1171 1431 3.
1217 1390 1326 1432 Illud
1359 1390 1545 1431 admirari
1579 1391 1675 1432 satis
1707 1406 1788 1432 non
1822 1391 1950 1446 potui,

189 1466 296 1520 quod
341 1466 536 1521 scripsisti
580 1465 642 1506 his
687 1463 840 1505 verbis:
899 1490 918 1514 ,Ι
932 1463 1037 1504 Veni
1079 1463 1205 1518 igitur
1248 1467 1307 1513 tu,
1353 1463 1423 1517 qui
1465 1462 1808 1518 εύθαναο-ίαν,
1842 1464 1949 1505 veni.

189 1539 406 1594 Relinques
451 1538 621 1594 patriam
633 1537 681 1578 ?”
729 1540 795 1577 An
840 1550 913 1591 ego
946 1535 1220 1591 relinquebam
1254 1540 1325 1576 aut
1356 1534 1433 1576 tibi
1465 1541 1551 1577 tum
1586 1535 1810 1591 relinquere
1843 1535 1950 1578 vide-

189 1611 285 1653 bar?
318 1612 380 1652 Tu
412 1611 455 1652 id
487 1627 569 1653 non
602 1610 720 1652 modo
754 1626 836 1651 non
868 1608 1096 1660 inhibebas,
1131 1624 1269 1651 verum
1302 1609 1422 1650 etiam
1443 1608 1706 1665 approbabas.
1740 1609 1947 1661 Graviora,

187 1700 287 1740 quae
320 1690 495 1726 restant:
537 1712 557 1735 ,Ι
570 1684 702 1725 Velim
737 1680 953 1741 σχόλιον
986 1682 1148 1738 aliquod
1182 1683 1318 1724 elimes
1352 1682 1401 1724 ad
1434 1698 1511 1733 me,
1536 1683 1758 1738 oportuisse
1781 1688 1821 1724 te
1844 1683 1950 1725 istuc

185 1759 358 1801 facere.”
392 1759 521 1809 Itane,
556 1759 611 1800 mi
644 1758 806 1800 Attice?
839 1757 1082 1798 Defensione
1115 1761 1206 1812 eget
1241 1772 1376 1798 meum
1399 1757 1564 1808 factum,
1589 1757 1821 1812 praesertim
1840 1756 1947 1812 apud

184 1839 237 1884 te,
272 1833 341 1889 qui
363 1833 405 1874 id
427 1832 663 1874 mirabiliter
686 1829 944 1888 approbasti?
968 1832 1055 1887 Ego
1078 1846 1170 1873 vero
1195 1831 1319 1873 istum
1341 1827 1690 1890 ἀπολογισμὸν
1713 1827 1947 1882 συντάξο-

182 1921 299 1963 μαι,
348 1905 417 1947 sed
458 1904 507 1946 ad
549 1920 686 1947 eorum
731 1905 921 1960 aliquem,
957 1904 1105 1960 quibus
1138 1905 1278 1946 invitis
1312 1909 1352 1946 et
1385 1903 1714 1946 dissuadentibus
1746 1903 1948 1959 profectus

184 1995 286 2021 sum.
336 1980 425 2020 Etsi
472 1978 570 2034 quid
612 1979 692 2020 iam
745 1994 844 2034 opus
877 1983 938 2020 est
971 1975 1192 2038 σχολίῳέ)
1226 1979 1269 2020 Si
1302 1993 1626 2034 perseverassem,
1661 1993 1761 2033 opus
1793 1977 1948 2019 fuisset.

191 2080 211 2104 's
226 2055 282 2094 At
315 2052 390 2094 hoc
424 2053 555 2108 ipsum
589 2067 672 2094 non
706 2052 982 2094 constanter.”
1017 2053 1148 2094 Nemo
1181 2051 1323 2093 doctus
1357 2040 1546 2105 unquam*
1571 2075 1628 2080 —
1664 2050 1793 2092 multa
1815 2055 1950 2092 autem

185 2126 234 2167 de
278 2125 353 2166 hoc
398 2140 542 2180 genere
584 2125 732 2181 scripta
780 2130 875 2166 sunt
921 2150 977 2155 -
1012 2125 1276 2168 mutationem
1309 2124 1467 2166 consilii
1499 2123 1812 2165 inconstantiam
1845 2123 1950 2165 dixit

186 2215 284 2241 esse.
322 2201 362 2239 4.
399 2199 599 2254 Deinceps
632 2199 757 2254 igitur
789 2199 910 2240 haec:
953 2226 972 2250 's
988 2199 1096 2240 Nam
1129 2199 1163 2240 si
1195 2214 1218 2240 a
1250 2197 1433 2239 Phaedro
1465 2201 1603 2239 nostro
1625 2212 1745 2247 esses,
1763 2196 1949 2252 expedita

231 2407 270 2438 19
285 2405 474 2447 prohibebas
500 2423 541 2429 —
562 2403 601 2437 27
624 2413 645 2433 a
666 2401 704 2433 P.
728 2403 835 2434 nostro
858 2402 938 2432 esset
961 2417 1001 2421 —

231 2592 248 2631 ξ
272 2591 300 2622 2.
324 2589 394 2620 Etsi
415 2587 562 2630 quamvis.
587 2586 672 2619 Cum
695 2585 872 2617 Perizonio
891 2585 931 2616 ad
947 2584 1047 2616 Sanc·
1069 2588 1071 2593 '
1091 2581 1319 2620 εὐθανασίαν,
1342 2582 1518 2624 relinquere
1533 2579 1704 2622 patriam?
1727 2585 1763 2612 tu
1787 2589 1866 2612 sane
1881 2589 1948 2611 non

191 2645 227 2676 tll
251 2645 335 2675 Min.
358 2643 423 2674 ῙῘῘ.
447 2642 487 2672 14
509 2640 584 2671 adn.
607 2640 626 2670 2
648 2644 682 2670 et
702 2637 847 2674 Handlo,
879 2637 976 2668 TurS.
999 2638 1045 2668 ῙῙ.
1091 2642 1256 2683 relinques
1278 2640 1431 2682 patriam,

190 2709 220 2740 p.
245 2698 303 2728 605
327 2696 434 2727 iudico
452 2695 509 2725 has
524 2693 699 2735 particulas
711 2691 954 2732 componendas
967 2700 1046 2728 esse,
1069 2716 1071 2729 ,
1133 2694 1308 2725 InhibebaS.
1340 2693 1396 2724 Sic
1421 2691 1535 2732 scripsi
1557 2701 1616 2732 pro
1638 2690 1729 2731 vulg.
1747 2688 1950 2730 prohibebas,

190 2762 257 2782 non
281 2754 315 2781 ut
337 2749 438 2789 vulgo
459 2748 498 2778 fit
518 2746 552 2777 11-
569 2747 591 2776 1-
611 2745 826 2776 divellenda&
847 2742 1046 2775 Concessivo
1068 2741 1071 2781 ἑ
1091 2757 1191 2788 quum
1213 2748 1248 2778 in
1270 2746 1420 2786 margine
1443 2744 1520 2775 edit.
1544 2744 1626 2774 1584
1659 2748 1809 2774 notatum
1844 2742 1887 2773 sit
1916 2746 1948 2772 et

190 2805 251 2836 etsi
272 2803 447 2845 respondet
471 2802 505 2832 in
530 2800 664 2841 apodosi
685 2800 780 2836 certe,
808 2808 876 2828 non
909 2804 1047 2839 possunt
1068 2786 1071 2803 ³
1090 2799 1187 2831 facile
1198 2799 1342 2840 explicet
1353 2797 1471 2828 vitium
1486 2797 1557 2827 cod.
1570 2796 1658 2827 Med.
1671 2795 1804 2826 iubebas.
1821 2794 1947 2825 Eodem

190 2860 250 2891 etsi
282 2861 366 2890 certe
389 2857 489 2899 fuisti
517 2855 638 2897 opponi
675 2854 874 2896 praegressis
909 2853 1048 2895 quamvis
1090 2853 1191 2885 verbo
1213 2853 1316 2884 utitur
1338 2851 1405 2883 Cic.
1428 2850 1525 2881 Verr.
1547 2850 1590 2880 V.
1615 2849 1685 2880 163.

190 2923 251 2945 non
265 2912 386 2952 fueris.
1133 2905 1248 2936 Elimes
1269 2915 1304 2935 o:
1329 2905 1486 2940 elabores,
1509 2902 1667 2943 expolias.
1692 2899 1854 2932 Elimandi
1876 2910 1945 2932 ver-

233 2965 251 3003 §
275 2964 303 2994 3.
332 2961 375 2991 Tu
397 2960 449 3002 qui
471 2957 684 2993 εὐθανασίαν
708 2969 751 2991 sc.
775 2959 899 2989 laudas.
930 2958 1047 2989 Schut-
1069 2999 1070 3002 Ἴ
1092 2960 1172 2990 bum
1192 2959 1227 2990 in
1251 2958 1378 2999 scriptis
1402 2956 1570 2988 Ciceronis
1593 2965 1659 2986 non
1683 2954 1862 2985 invenitur.

193 3022 244 3052 zio
272 3020 402 3051 Atticus
425 3019 554 3049 videtur
575 3016 757 3057 respexisse
780 3015 821 3045 ad
845 3014 942 3045 Tuse.
955 3015 983 3045 Ι.
995 3016 1045 3045 45.
1068 3029 1071 3038 «
1133 3013 1150 3051 ἓ
1171 3013 1201 3042 4.
1224 3010 1304 3041 Nam
1327 3010 1356 3041 si
1377 3021 1396 3040 a
1421 3008 1564 3039 Phaedro
1586 3009 1692 3038 nostro
1711 3008 1801 3037 esset.
1827 3005 1946 3038 Simile

193 3074 347 3105 Ceterum
371 3081 388 3102 e
421 3069 614 3110 corruptelis
644 3069 714 3099 cod.
747 3068 836 3099 Med.
871 3066 959 3097 Bene
991 3066 1048 3107 iqi-
1069 3070 1071 3099 i
1091 3065 1283 3105 exemplum
1304 3073 1321 3094 e
1345 3062 1513 3094 Ciceronis
1535 3060 1663 3100 scriptis
1699 3069 1767 3090 non
1799 3059 1947 3090 memini.

194 3131 245 3158 tur
266 3145 307 3149 —
327 3126 403 3156 bene
424 3124 564 3166 relinque
570 3122 711 3163 patriam
722 3122 804 3153 mihi
820 3122 961 3162 suspicio
977 3127 1048 3153 orta
1070 3112 1071 3148 ζ
1093 3117 1298 3158 Scripsisset:
1322 3116 1350 3146 si
1374 3113 1515 3145 Phaedri
1537 3111 1637 3143 nostri
1651 3111 1778 3152 factum
1792 3112 1873 3142 esset
1890 3115 1948 3141 aut

194 3187 241 3213 est
265 3180 414 3213 Atticum
441 3179 482 3211 ita
498 3177 682 3223 scripsisse:
715 3176 808 3207 Visne
821 3175 920 3218 ἱρέων
936 3177 980 3213 lu,
996 3175 1048 3217 qui
1090 3171 1119 3203 si
1140 3183 1160 3202 a
1184 3170 1239 3202 Ph.
1260 3170 1434 3210 proficimus
1457 3169 1548 3198 esset.
1571 3166 1637 3199 Sed
1660 3165 1798 3207 scripsit,
1819 3164 1945 3211 opinor,
