2062 3565
54 970 88 996 10

56 1336 85 1361 15

111 159 195 198 178
511 158 591 199 ΕΡ.
627 157 702 197 ΑΒ
735 157 781 196 Τ.
816 153 1165 196 POMPONIUM
1199 152 1462 194 ATTICUM.

108 293 157 334 ab
191 293 265 335 hoc
308 308 481 335 maerore
520 292 687 334 recreari
730 291 802 341 vis,
836 289 948 339 facis,
983 296 1030 331 ut
1061 289 1209 340 omnia,
1243 288 1313 330 sed
1345 304 1408 330 me
1441 288 1542 331 mihi
1574 304 1657 331 non
1690 288 1866 330 defuisse

107 373 153 409 tu
194 368 308 409 testis
351 383 406 408 es.
455 366 573 408 Nihil
621 365 728 407 enim
772 364 820 405 de
863 378 1039 404 maerore
1083 362 1303 404 minuendo
1348 363 1541 419 scriptum
1592 362 1642 405 ab
1675 363 1758 404 ullo
1791 367 1866 413 est,

107 440 213 494 quod
246 456 318 495 ego
351 455 432 480 11011
465 439 573 480 (101111
606 444 699 479 tuae
731 437 910 492 legerim.
945 436 1022 478 Sed
1056 451 1215 477 omnem
1248 436 1562 478 consolationem
1588 436 1716 478 vincit
1740 435 1868 477 dolor.

106 514 215 566 Quin
258 514 377 555 etiam
421 512 509 562 feci,
556 511 663 566 quod
706 510 884 567 profecto
929 515 1020 552 ante
1063 525 1125 551 me
1174 525 1305 561 nemo,
1339 514 1386 551 ut
1418 510 1503 565 ipse
1535 525 1599 551 me
1632 525 1702 568 per
1733 509 1870 551 literas

106 587 340 637 consolarer,
385 600 502 640 quem
544 583 693 625 librum
737 583 787 624 ad
820 589 860 625 te
892 584 1066 634 mittam,
1100 583 1134 625 si
1168 583 1452 639 descripserint
1483 582 1652 625 librarii.
1703 582 1869 624 Affirmo

105 660 181 701 tibi
223 659 372 701 nullam
416 657 728 699 consolationem
769 672 854 698 esse
898 656 1033 698 talem.
1084 657 1206 698 Totos
1254 656 1340 698 dies
1373 656 1519 708 scribo,
1552 673 1635 699 non
1669 672 1748 712 quo
1780 671 1868 711 pro-

106 734 234 775 ficiam
279 732 389 788 quid,
434 731 503 773 sed
545 730 742 786 tantisper
784 730 996 786 impedior,
1045 745 1127 771 non
1171 729 1358 784 equidem
1403 730 1500 772 satis
1547 755 1604 760 —
1654 730 1713 771 vis
1761 729 1868 771 enim

106 813 222 862 urget
255 832 326 857 —-,
362 805 430 847 sed
473 805 627 846 relaxer
670 809 804 846 tamen
838 804 864 848 †
881 803 931 845 ad
965 804 1178 859 omniaque
1211 804 1332 854 nitor,
1367 795 1451 845 non
1484 803 1535 845 ad
1570 803 1764 854 animum,
1799 801 1868 844 sed

107 881 156 922 ad
200 880 354 921 vultum
398 880 545 935 ipsum,
591 878 624 919 si
668 892 827 933 queam,
869 876 1144 927 reficiendum,
1191 876 1312 932 idque
1347 875 1498 918 faciens
1531 876 1736 918 interdum
1769 875 1869 918 mihi

106 969 267 1010 peccare
313 953 461 1005 videor,
507 951 712 994 interdum
754 956 992 1007 peccaturus
1036 966 1136 1001 esse,
1181 950 1260 992 11181
1293 949 1451 992 faciam.
1498 949 1682 992 Solitudo
1715 948 1868 1004 aliquid

107 1027 283 1075 adiuvat,
318 1027 385 1068 sed
419 1027 546 1068 multo
580 1026 669 1082 plus
702 1026 924 1082 proficeret,
959 1025 993 1066 si
1025 1030 1072 1066 tu
1103 1029 1239 1066 tamen
1271 1024 1497 1076 interesses,
1533 1039 1634 1079 quae
1666 1023 1768 1065 mihi
1787 1037 1869 1064 una

107 1116 225 1142 causa
257 1106 316 1142 est
349 1101 443 1142 hinc
476 1099 723 1141 discedendi.
758 1099 865 1140 Nam
901 1113 968 1153 pro
1002 1098 1117 1139 malis
1150 1102 1255 1139 recte
1290 1096 1479 1139 habebat.
1512 1097 1771 1152 Quamquam
1796 1095 1867 1151 (id)

106 1175 237 1230 ipsum
280 1174 408 1215 doleo.
459 1174 554 1215 Non
599 1173 704 1213 enim
748 1172 826 1213 iam
871 1172 915 1212 in
960 1186 1023 1212 me
1068 1170 1176 1212 idem
1209 1185 1293 1212 esse
1326 1171 1490 1226 poteris.
1542 1171 1754 1212 Perierunt
1785 1170 1868 1221 illa,

107 1263 206 1302 quae
252 1246 426 1289 amabas.
472 1250 513 1288 4.
557 1246 617 1287 De
651 1246 769 1287 Bruti
804 1245 854 1286 ad
887 1260 950 1286 me
983 1244 1111 1286 literis
1145 1243 1287 1299 scripsi
1320 1243 1370 1285 ad
1402 1248 1441 1285 te
1476 1248 1615 1285 antea:
1649 1243 1869 1299 prudenter

107 1321 290 1376 scriptae,
340 1320 408 1362 sed
443 1319 546 1361 nihil
580 1318 690 1374 quod
722 1334 784 1359 me
819 1317 1041 1359 adiuvaret.
1091 1317 1211 1369 Quod
1245 1316 1295 1358 ad
1329 1322 1368 1358 te
1402 1317 1575 1373 scripsit,
1613 1316 1691 1372 [id]
1729 1316 1869 1358 vellem

108 1401 155 1437 ut
198 1396 282 1451 ipse
328 1395 505 1446 adesset3
551 1399 656 1435 certe
699 1392 867 1448 aliquid,
912 1392 1100 1447 quoniam
1134 1407 1196 1432 me
1229 1396 1311 1432 tarn
1345 1390 1459 1432 valde
1493 1395 1613 1442 amat,
1648 1391 1868 1434 adiuvaret.

110 1469 264 1522 Quodsi
311 1468 407 1524 quid
449 1468 563 1519 scies,
608 1465 757 1508 scribas
798 1465 847 1506 ad
881 1480 943 1506 me
976 1465 1109 1515 velim,
1144 1464 1314 1506 maxime
1347 1469 1496 1515 autem,
1530 1464 1662 1506 Pansa
1695 1463 1869 1518 quando.

153 1658 170 1691 7
195 1658 356 1699 impedior.
388 1656 457 1688 Non
480 1655 617 1697 equidem
640 1674 679 1678 —
703 1655 721 1686 8
743 1657 759 1693 †
781 1654 945 1695 omniaqqee
967 1672 1006 1676 -—
1031 1653 1070 1685 12
1097 1664 1278 1696 quamquam
1307 1653 1405 1693 ipsum
1437 1652 1527 1683 doleo
1549 1670 1588 1674 —
1614 1652 1651 1682 15
1674 1650 1812 1692 scripsit,
1837 1651 1872 1682 z'd

111 1712 219 1743 vellem
241 1729 281 1734 —

112 1881 197 1922 apud
218 1880 413 1912 creditorem
435 1879 510 1910 talis
535 1878 706 1910 excusatio
722 1878 902 1919 quidquam
916 1887 969 1908 va-

111 1937 233 1968 luisset.
261 1936 544 1972 Dissertationeni,
568 1944 667 1975 quam
691 1934 730 1964 de
752 1933 821 1964 iure
842 1932 970 1973 praedi-

111 1991 216 2021 atorio
247 1990 375 2031 scripsit
399 1989 554 2025 Bachius,
578 1998 645 2019 11011
670 1988 748 2019 vidi.
770 1987 818 2019 Cf.
839 1988 911 2018 intt.
931 1987 971 2018 ad

111 2044 202 2076 Suet.
227 2045 343 2076 Claud.
367 2045 394 2075 9Δ

153 2098 170 2136 ξ
195 2097 223 2128 3.
249 2096 343 2137 Quem
365 2096 476 2126 librum
498 2095 539 2126 de
561 2094 797 2126 consolatione.
830 2093 879 2124 De
910 2093 973 2123 hoe

112 2160 209 2192 opere
242 2149 348 2180 Tullii
377 2149 547 2189 deperdito
580 2148 675 2178 docte
708 2147 888 2187 disputavit
917 2145 972 2176 Fr.

113 2204 343 2240 Schneidems,
368 2202 505 2233 Vratisl.
539 2201 630 2232 1835.
676 2201 726 2231 De
770 2199 973 2231 Consolatio-

115 2268 157 2289 ne
190 2258 268 2289 satis
294 2257 463 2297 eleganter
485 2255 719 2291 consarcinata,
743 2255 799 2285 sed
821 2253 974 2285 Ciceroni

114 2312 196 2343 falso
221 2312 352 2348 tributa,
375 2319 459 2351 quae
490 2319 578 2339 anno
610 2308 690 2338 1583
725 2307 875 2338 Venetiis
905 2316 975 2347 pro-

116 2367 185 2404 diit,
225 2366 290 2397 vid.
326 2366 353 2396 Ι.
388 2364 425 2396 P.
457 2363 594 2394 Krebsii
634 2362 778 2393 narratio
816 2361 855 2392 de
902 2360 974 2392 Car.

117 2419 270 2461 Sigonio,
292 2418 444 2449 Francof.
472 2417 562 2454 1840,
585 2427 616 2457 p.
641 2417 679 2446 :38
702 2425 789 2456 seqq.
814 2415 871 2455 qui
895 2414 975 2445 frau-

118 2476 167 2506 dis
193 2476 324 2516 culpam
347 2484 365 2504 a
388 2470 538 2513 Sigonio,
562 2471 619 2512 qui
633 2470 783 2511 cupidius
795 2469 865 2501 eius
878 2469 976 2500 fidem

118 2529 316 2566 defenderat,
343 2533 490 2559 avertere
522 2525 658 2556 studuit.

166 2582 218 2612 Vis
242 2581 321 2612 enim
343 2582 443 2621 uryel.
467 2578 538 2609 Vix
561 2577 657 2608 credo
681 2577 737 2607 vim
762 2576 807 2607 sic
821 2576 908 2607 nude
925 2575 978 2606 hic

120 2642 206 2668 recte
227 2636 302 2667 dici.
324 2633 518 2675 Requiritur
539 2632 589 2663 vis
610 2631 745 2668 doloris,
767 2631 818 2661 vis
834 2629 913 2660 mali
925 2629 979 2660 vel

121 2691 211 2722 aliud
233 2688 405 2721 eiusmodi.

162 2746 179 2780 †
202 2743 255 2774 Ad
275 2743 436 2783 omniaque
459 2741 554 2772 nitor.
596 2740 636 2771 In
659 2739 751 2770 codd.
774 2737 980 2778 Malaspinae

122 2797 209 2829 etin
241 2796 276 2827 Z.
299 2794 456 2826 Lambini
486 2803 552 2824 non
590 2798 659 2824 erat
689 2790 742 2821 ad.
771 2790 862 2820 Inde‘
885 2793 980 2820 natae

122 2857 199 2883 sunt
221 2851 426 2883 coniecturae
449 2849 573 2880 Moseri
596 2847 710 2888 Symb.
727 2846 808 2878 Crit.
826 2846 869 2876 V.
889 2856 919 2886 p.
930 2846 980 2883 20,

122 2905 303 2947 omninoque
343 2904 454 2940 enitor,
499 2908 530 2933 et
566 2900 807 2940 Wesenbergii,
838 2899 969 2931 Emend

123 2971 151 3001 p.
176 2960 236 2991 123
259 2959 398 3000 omnique
420 2957 451 2988 vi
473 2957 586 2988 enitor.
631 2957 704 2997 Ego
726 2954 861 2986 malim:
884 2965 904 2984 a
930 2954 981 2985 do-

123 3013 188 3043 lore
210 3014 304 3054 atque
327 3011 438 3042 enitor.
460 3010 548 3040 Nam
572 3014 604 3040 et
627 3007 778 3048 impedior
800 3011 831 3037 et
853 3007 981 3038 relax-or

124 3065 254 3096 videtur
275 3063 442 3104 requirere
465 3061 626 3093 eiusmodi
649 3060 919 3091 additamentum.

165 3118 217 3149 Ad
238 3118 354 3149 vultum
377 3117 474 3158 ipsum
501 3134 535 3138 —
561 3112 757 3156 reficiendum
781 3122 815 3143 o:
847 3113 888 3143 ad
909 3112 979 3143 vul-

126 3177 193 3202 tum
225 3180 282 3210 per
319 3179 351 3201 se
383 3170 426 3199 ita
459 3168 731 3208 componendum,
762 3170 798 3196 ut
827 3165 979 3196 tristitiae

1014 1878 1109 1919 signa
1133 1888 1198 1909 non
1223 1879 1382 1910 ostendat.
1417 1877 1518 1908 Hunc
1539 1886 1637 1908 usum
1666 1876 1870 1918 pronominis

1014 1933 1090 1973 ipse,
1122 1942 1189 1973 quo
1219 1942 1289 1964 rem
1318 1937 1411 1963 notat
1432 1941 1490 1972 per
1511 1940 1546 1962 se
1567 1935 1759 1972 spectatam,
1791 1930 1870 1961 illu-

1015 1986 1131 2017 stravit
1152 1985 1302 2016 Kritzius
1324 1986 1365 2016 ad
1387 1984 1454 2016 Sal.
1477 1984 1551 2025 Iug.
1575 1983 1624 2021 66,
1647 1985 1677 2014 4.

1059 2038 1139 2069 Nam
1158 2049 1217 2079 pro
1238 2037 1330 2068 malis
1351 2039 1436 2068 recte
1463 2036 1596 2067 habebat
1626 2046 1658 2067 o:
1692 2036 1784 2067 locus
1813 2035 1871 2066 ubi

1017 2101 1108 2123 nunc
1129 2101 1203 2122 sum
1225 2096 1257 2122 ct
1278 2090 1367 2121 unde
1387 2090 1554 2121 discedere
1582 2089 1670 2126 volo,
1701 2094 1737 2119 ut
1767 2094 1798 2120 te
1821 2088 1870 2118 vi—

1018 2145 1124 2182 deam,
1148 2150 1295 2175 remotus
1319 2153 1338 2174 a
1358 2143 1549 2174 celebritate
1575 2142 1657 2173 mihi
1681 2142 1714 2173 in
1738 2142 1789 2173 his
1812 2151 1877 2172 ma-

1020 2197 1060 2228 lis
1084 2207 1150 2228 non
1174 2196 1379 2237 displicebat.

1064 2250 1255 2291 Quamquam
1279 2250 1343 2290 (id)
1365 2249 1463 2289 ipsum
1486 2248 1588 2280 doleo.
1612 2263 1626 2275 υ
1637 2248 1703 2280 Sed
1719 2249 1752 2280 id
1772 2249 1877 2290 ipsum

1021 2303 1127 2340 doleo,
1151 2303 1239 2343 quod
1262 2303 1340 2333 hinc
1362 2302 1446 2333 mihi
1468 2302 1702 2333 discedendum
1725 2307 1783 2340 est,
1802 2302 1880 2342 quia.

1022 2362 1053 2388 te
1084 2366 1194 2388 carcre
1225 2366 1363 2397 nequeo,
1395 2357 1449 2387 cui
1478 2361 1589 2388 tamen
1621 2361 1659 2387 ut
1686 2365 1739 2387 me
1767 2365 1880 2397 appro-

1026 2412 1098 2442 bem
1113 2420 1315 2452 suavemque
1330 2410 1602 2442 consuetudinem
1618 2419 1726 2441 meam
1744 2410 1879 2441 reddam

1025 2466 1175 2506 ignoro.'⁸
1197 2465 1300 2496 Gron.

1066 2519 1084 2557 ξ
1107 2521 1135 2550 4.
1161 2519 1236 2560 [Id]
1260 2519 1380 2550 vellem.
1412 2518 1601 2550 Pronomen
1631 2517 1760 2555 seclusi,
1790 2517 1881 2558 quod

1025 2583 1042 2604 0
1073 2573 1305 2605 terminatione
1335 2582 1366 2603 v.
1399 2571 1524 2612 scripsit
1558 2572 1645 2603 male
1676 2571 1881 2612 geminatum

1025 2625 1164 2657 videtur.

1067 2679 1176 2710 Pansa
1194 2678 1317 2721 quando
1335 2677 1539 2720 profecturus
1557 2678 1608 2709 sit.
1619 2676 1668 2709 Cf.
1681 2686 1730 2718 ep.
1747 2676 1786 2710 17
1797 2682 1881 2709 extr.

1026 2735 1060 2765 Is
1082 2734 1148 2765 iam
1178 2744 1206 2764 a.
1229 2734 1257 2764 d.
1282 2733 1336 2764 ΠΙ
1357 2733 1434 2764 Kal.
1468 2732 1640 2764 Ianuarias
1670 2732 1769 2763 huius
1802 2732 1882 2763 anni

1026 2787 1199 2828 paludatus
1221 2786 1386 2827 profectus
1410 2791 1487 2824 erat,
1510 2791 1546 2817 ut
1568 2785 1637 2827 ipse
1661 2785 1775 2817 Cicero
1797 2795 1881 2817 nun-

1025 2840 1085 2871 tiat
1108 2839 1145 2871 C.
1168 2839 1281 2871 Cassio
1304 2839 1397 2870 Fam.
1420 2839 1501 2870 XV.
1523 2839 1571 2877 17,
1594 2840 1623 2877 3,
1647 2839 1749 2870 sedin
1766 2838 1882 2870 urbem

1026 2893 1160 2924 rediisse
1182 2892 1294 2923 autin
1327 2892 1436 2933 aliqua
1466 2891 1547 2923 villa
1583 2892 1708 2923 interea
1738 2896 1883 2922 moratus

1026 2947 1167 2978 videtur.

1068 2999 1117 3030 De
1138 2998 1249 3030 Attica
1272 3017 1314 3022 —
1340 2998 1482 3030 Cratero.
1506 2998 1547 3030 cf.
1570 3008 1620 3040 ep.
1643 2998 1683 3029 13
1707 2998 1779 3029 init.

1067 3053 1154 3084 Satis
1173 3054 1220 3084 est
1243 3056 1317 3093 (me)
1341 3062 1480 3083 maerere
1489 3062 1550 3093 pro
1561 3051 1708 3083 omnibus.
1730 3050 1882 3082 Editores

1027 3118 1045 3138 a
1069 3107 1171 3138 Bosio
1199 3106 1325 3147 decepti
1356 3105 1533 3136 ridiculum
1564 3109 1757 3145 receperunt
1786 3103 1882 3144 scrip-

1026 3169 1131 3191 turam
1163 3159 1323 3190 munitam
1356 3159 1397 3189 ab
1432 3159 1491 3190 illo
1531 3158 1722 3190 auctoritate
1759 3157 1881 3188 codicis
