2062 3565
701 159 803 200 [AB.
841 159 916 201 XI.
953 160 1035 202 ΕΡ.
1073 164 1144 202 22.
1183 164 1253 201 23.
1777 163 1857 199 152>

91 297 283 339 Acusium
327 295 479 337 audies.
535 296 614 338 Sed
657 296 813 338 tardius
857 298 931 337 iter
978 296 1165 338 faciebat.
1214 298 1274 338 Eo
1318 298 1408 347 feci,
1457 302 1501 337 ut
1537 296 1646 350 [ego]
1682 294 1861 335 celeriter

88 371 200 413 eunti
235 369 384 412 darem.
419 369 529 422 Quid
563 371 616 412 sit
648 372 690 411 in
723 371 774 411 iis
806 370 933 411 literis
965 371 1116 420 nescio,
1151 369 1219 410 sed
1254 369 1353 410 mihi
1389 368 1503 410 valde
1537 368 1717 420 Quintus
1741 366 1860 408 frater

89 443 327 499 gratulatur.
378 443 578 497 Equidem
622 445 665 485 in
712 459 800 484 meo
845 449 958 485 tanto
1006 447 1168 499 peccato
1202 442 1304 484 nihil
1337 459 1387 485 ne
1421 443 1663 498 cogitatione
1696 441 1857 497 quidem

90 517 248 571 assequi
294 531 469 571 possum,
513 516 621 571 quod
668 517 767 557 mihi
809 515 1014 557 tolerabile
1049 517 1175 571 possit
1207 530 1306 556 esse.
1343 518 1383 556 3.
1418 516 1472 556 Te
1506 530 1588 565 oro,
1624 522 1669 556 ut
1702 515 1750 556 de
1786 515 1859 556 hac

90 591 234 631 misera
266 591 432 644 cogites,
466 595 507 631 et
538 590 654 641 illud,
689 590 738 631 de
772 605 851 645 quo
885 589 936 631 ad
969 594 1008 631 te
1041 590 1217 644 proxime
1251 591 1406 644 scripsi,
1432 595 1478 630 ut
1500 589 1652 644 aliquid
1676 591 1859 631 coniicia-

90 664 158 705 tul‘
189 663 239 705 ad
272 664 449 719 inopiam
483 664 808 720 propulsandam,
843 669 884 704 et
916 665 1036 705 etiam
1070 663 1119 704 de
1153 664 1240 719 ipso
1273 668 1527 704 testamento.
1562 662 1670 704 Illud
1703 677 1860 717 quoque

94 737 232 778 vellem
278 741 410 787 antea,
445 736 514 777 sed
548 737 683 778 omnia
711 737 935 777 timuimus.
982 735 1129 777 Melius
1163 735 1324 790 quidem
1360 737 1402 777 in
1436 735 1617 791 pessimis
1650 734 1750 776 nihil
1786 735 1860 776 fuit

93 810 277 852 discidio.
323 809 489 865 Aliquid
532 810 763 851 fecissemus
807 815 852 851 ut
899 811 987 859 viri,
1023 809 1083 850 vel
1115 808 1343 850 tabularum
1378 823 1570 850 novarum
1605 808 1766 849 nomine
1802 808 1858 847 vel

93 888 381 925 nocturnarum
425 883 771 938 expugnationum
817 882 878 923 vel
922 881 1110 923 Metellae
1144 881 1205 922 vel
1237 882 1417 922 omnium
1450 880 1659 931 malorum,
1695 895 1767 921 nec
1802 895 1862 921 res

94 957 261 1013 perisset
291 961 332 998 et
364 954 588 997 videremur
616 955 768 1010 aliquid
802 955 951 996 doloris
976 955 1109 996 virilis
1143 954 1344 996 habuisse.
1380 955 1549 996 Memini
1582 955 1745 995 omnino
1771 959 1862 994 tuas

94 1029 242 1081 literas,
287 1029 356 1071 sed
400 1034 440 1071 et
482 1035 641 1085 tempus
685 1028 810 1079 iliud;
858 1030 933 1070 etsi
967 1028 1128 1084 quidvis
1162 1029 1375 1084 praestitit.
1426 1029 1548 1070 Nunc
1582 1026 1745 1082 quidem
1778 1028 1861 1082 ipse

95 1101 252 1144 videtur
286 1101 539 1144 denuntiare.
574 1101 774 1143 Audimus
807 1103 914 1143 enim
947 1102 972 1144 †
991 1101 1039 1142 de
1073 1101 1217 1143 staturi
1249 1100 1369 1143 elodi.
1405 1101 1661 1143 Generumne
1679 1105 1860 1142 nostrum

95 1175 362 1231 potissimum,
407 1180 453 1216 ut
493 1174 584 1225 hoc,
631 1174 694 1215 vel
733 1174 892 1216 tabulas
938 1175 1091 1216 novas?
1125 1174 1264 1216 Placet
1298 1173 1396 1215 mihi
1428 1175 1552 1229 igitur
1585 1180 1626 1215 et
1658 1175 1755 1215 item
1786 1173 1862 1215 tibi

94 1249 284 1290 nuntium
318 1248 484 1289 remitti.
519 1247 636 1288 Petet
667 1246 834 1288 fortasse
855 1248 1016 1288 tertiam
1041 1248 1285 1303 pensionem.
1320 1247 1539 1289 Considera
1560 1227 1686 1302 ssitur
1707 1254 1860 1297 tumne,

138 1417 152 1447 1
176 1418 193 1453 †
213 1426 270 1458 eqo
292 1416 438 1447 celeriter
459 1435 501 1440 —-
523 1418 542 1447 9
564 1419 580 1454 ἡ
602 1417 651 1448 vet
678 1417 827 1448 Metellae
850 1436 890 1441 —
914 1419 952 1450 12
977 1421 1055 1451 enim
1079 1423 1095 1457 †
1117 1421 1309 1453 detestaturi
1333 1420 1435 1453 Elodi.
1458 1440 1499 1445 —
1523 1421 1561 1451 13
1584 1420 1665 1451 idem
1688 1419 1744 1450 tibi
1766 1438 1805 1442 —

96 1566 261 1598 adverbiis
276 1566 385 1608 pridie
407 1573 439 1599 et
464 1567 620 1609 postridie
649 1570 876 1601 accusativum
905 1571 983 1606 ad-.;
1054 1571 1110 1602 Vel
1141 1573 1365 1602 nocturnarum
1391 1571 1623 1612 expeditionum
1652 1581 1685 1602 οε
1720 1573 1774 1603 vel
1803 1572 1865 1603 hoc

95 1621 243 1662 iungere.
286 1620 395 1652 Pridie
434 1628 467 1654 et
497 1622 653 1663 postridie
681 1623 748 1654 eius
779 1623 845 1655 diei
871 1624 959 1656 dixit
1007 1625 1152 1662 nomine,
1175 1625 1263 1665 quod
1285 1624 1343 1655 ille
1365 1631 1465 1656 noctu
1488 1624 1629 1666 impetus
1653 1623 1731 1656 fecit
1752 1624 1787 1655 in
1800 1624 1864 1655 ini-

97 1676 216 1709 Caesar
239 1678 278 1709 Β.
299 1676 338 1709 G.
361 1678 389 1710 Ι.
411 1678 451 1711 47
475 1683 506 1710 et
527 1680 578 1710 48.
1005 1678 1166 1709 micorum
1189 1679 1295 1710 aedes.

138 1729 276 1768 Literas,
299 1740 381 1772 quas
403 1730 605 1763 Philotimus
628 1733 670 1763 ad
691 1732 886 1764 Ciceronem
903 1733 958 1764 ha·
981 1727 984 1768 l
1055 1730 1110 1762 Vel
1133 1731 1296 1762 Metellae.
1331 1731 1366 1762 cf
1397 1741 1494 1772 supra
1516 1732 1558 1762 ad
1580 1741 1629 1773 ep.
1655 1731 1704 1769 15,
1727 1733 1756 1763 3.
1800 1731 1866 1763 Hic

99 1781 204 1820 bebat,
228 1792 298 1814 esse
321 1783 481 1822 Caesaris,
504 1784 719 1816 manifestum
742 1792 798 1817 est.
835 1786 884 1817 De
907 1786 958 1816 iis·
1003 1796 1116 1817 rursus
1139 1786 1211 1816 cod.
1236 1786 1339 1822 Torn.
1364 1795 1463 1823 error,
1489 1786 1524 1816 in
1546 1796 1612 1827 quo
1634 1786 1724 1817 velim
1747 1791 1803 1817 aut
1818 1787 1868 1817 vel

97 1835 174 1866 dem
195 1835 317 1876 agitur,
337 1835 432 1868 Fam.
454 1836 553 1868 XIV.
576 1839 626 1869 24.

138 1887 185 1920 Eo
197 1888 280 1930 fici,
302 1892 336 1920 ut
360 1890 450 1932 [eqo]
475 1890 621 1922 celeriter
643 1893 732 1922 eunti
753 1891 870 1923 darem.
895 1891 959 1934 Op-

99 1943 179 1974 tima
216 1948 264 1974 est
298 1944 458 1985 scriptura
495 1944 522 1975 si
559 1954 742 1985 pronomen
785 1946 958 1977 deleveris.

99 1995 205 2028 Scribi
229 2002 350 2038 potest:
380 1996 446 2038 Eyo
457 1997 539 2038 feci,
563 2000 597 2029 ut
619 1998 739 2036 darem,
773 2000 830 2031 sed
860 2009 959 2031 nemo

98 2049 229 2080 scribit:
252 2049 336 2090 feci,
359 2052 393 2080 ut
415 2060 471 2092 290
499 2051 619 2082 darem.
651 2050 803 2083 Fortasse
824 2045 959 2083 ‘nomen

99 2103 263 2135 tabellarii
286 2104 320 2135 in
342 2104 394 2135 his
418 2104 498 2136 latet
506 2119 513 2141 ;
541 2105 599 2136 sed
621 2105 729 2146 potuit
750 2115 883 2146 quoque
905 2116 960 2146 eqo

101 2157 134 2188 in
156 2157 308 2198 margine
331 2157 410 2198 poni
433 2162 467 2188 ut
489 2158 579 2189 varia
602 2158 763 2199 scriptura
794 2159 884 2190 vocis
915 2169 961 2190 eo.

142 2212 162 2252 §
183 2212 213 2242 3.
236 2210 341 2243 Etiam
363 2212 404 2242 de
424 2211 492 2252 ipso
515 2214 703 2243 testamento
731 2222 766 2243 o:
797 2213 898 2244 etiam
926 2218 963 2243 ut

1004 1839 1037 1869 in
1061 1839 1219 1880 scriptum
1241 1843 1311 1870 erat
1335 1847 1352 1869 e
1375 1848 1475 1879 prava
1491 1839 1686 1880 repetitione
1702 1839 1867 1880 sequentis

1004 1892 1120 1924 literae
1155 1901 1184 1922 m
1215 1891 1341 1933 peperit
1373 1891 1636 1923 infelicissimam
1671 1890 1788 1924 Orellii
1818 1901 1868 1923 su-

1004 1945 1199 1986 spicionem,
1220 1944 1277 1985 qui
1300 1944 1460 1975 malebat:
1485 1944 1750 1986 eaepuynaliomem
1773 1944 1870 1974 villae

1004 1999 1168 2030 Metellae.

1048 2050 1179 2082 Memini
1200 2051 1324 2082 omnino
1349 2070 1389 2074 --
1412 2050 1582 2091 praestitit
1614 2061 1646 2081 o:
1677 2051 1745 2082 scio
1780 2051 1869 2091 equi-

1006 2105 1092 2142 dem,
1116 2104 1215 2145 quale
1244 2110 1280 2135 tu
1312 2104 1395 2135 mihi
1428 2104 1558 2135 dederis
1591 2104 1778 2141 consilium,
1813 2104 1870 2134 sed

1006 2158 1212 2199 temporibus
1235 2157 1358 2189 servire
1381 2163 1454 2189 tum
1469 2157 1552 2188 mihi
1565 2157 1667 2188 satius
1683 2158 1791 2188 visum
1803 2162 1867 2193 est;

1008 2222 1124 2244 caecus
1147 2219 1258 2244 tamen
1281 2212 1338 2250 fui,
1362 2222 1441 2243 nam
1469 2212 1601 2253 quidvis
1632 2213 1699 2254 pati
1730 2219 1869 2253 praesta-

101 2264 293 2296 Terentiam
324 2273 463 2296 moneas
491 2265 532 2296 de
566 2269 763 2296 testamento
796 2264 960 2296 faciendo.
1009 2267 1074 2304 bat,
1097 2277 1197 2308 quam
1215 2266 1410 2299 Dolabellae
1423 2266 1637 2298 insolentiam
1650 2266 1743 2298 ferre.
1766 2267 1869 2299 Inter-

100 2318 199 2359 Quod
221 2319 369 2361 sequitur
389 2318 476 2350 illud
495 2329 563 2350 non
589 2320 631 2351 ad
643 2324 888 2357 testamentum,
906 2320 964 2351 sed
1009 2321 1188 2362 pungendo
1209 2320 1291 2352 haec
1323 2320 1424 2351 verba
1454 2320 1640 2351 obscura-vit
1674 2319 1869 2351 Tunstallns

101 2373 142 2404 ad
162 2372 338 2404 discidium
364 2372 496 2404 Tulliae
523 2383 541 2403 a
564 2372 739 2404 Dolabella
761 2372 874 2405 referri
907 2374 962 2404 de·
985 2374 989 2391 ²
1009 2384 1040 2415 p.
1065 2374 1124 2405 183
1146 2384 1195 2415 sq.

103 2426 169 2458 bet.
190 2426 310 2458 Manet
332 2426 448 2458 Cicero
471 2426 505 2457 id
527 2426 594 2457 iam
619 2432 714 2458 antea
744 2425 875 2463 factum,
906 2427 963 2458 sed
985 2442 988 2477 Ι

102 2480 226 2512 veritus
246 2485 304 2518 est,
328 2490 370 2512 ne
395 2480 569 2511 Dolabella
594 2479 768 2511 Caesarem
789 2480 824 2511 in
849 2490 882 2511 se
905 2490 960 2512 ex·
986 2490 989 2525 g

986 2533 1200 2576 {conspirant
1221 2533 1312 2564 Med.
1341 2532 1445 2563 Torn.
1472 2532 1567 2574 Hisp.
1614 2532 1727 2572 Vulgo
1762 2541 1870 2564 emen-

101 2534 227 2566 citaret.

144 2588 278 2631 Aliquid
289 2588 479 2630 fecissemus
503 2591 536 2619 ut
559 2589 621 2619 viri
643 2598 696 2629 np.
727 2589 755 2620 si
778 2594 875 2621 antea
898 2599 963 2620 ma-

1053 2425 1253 2457 Denuntiare
1273 2426 1459 2457 discidium.

1052 2478 1204 2510 Audimus
1217 2479 1299 2509 enim
1312 2481 1330 2515 †
1343 2478 1383 2509 de
1395 2478 1513 2509 staturi
1529 2478 1622 2509 elodi.
1646 2479 1686 2509 ln
1702 2479 1752 2509 his
1767 2479 1870 2510 literis

986 2588 989 2631 g
1009 2586 1105 2617 dant:
1129 2585 1281 2616 Audimus
1302 2584 1381 2616 enim
1396 2585 1437 2615 de
1447 2586 1535 2615 statu
1553 2584 1600 2615 rei
1610 2595 1645 2625 p.
1658 2585 1743 2623 (alii:
1762 2585 1870 2624 urbis).

103 2642 297 2674 trimonium
317 2643 404 2674 illud
424 2643 680 2674 diremissemus.
703 2642 770 2673 Pro
792 2643 863 2680 viri,
875 2644 964 2684 quod
986 2633 989 2651 ³
1013 2638 1039 2668 0
1059 2637 1125 2669 dii!
1155 2638 1230 2678 Ego
1251 2637 1383 2668 malim:
1419 2637 1572 2668 Auditum
1599 2638 1680 2668 enim
1713 2638 1752 2668 de
1784 2639 1871 2668 statu

104 2695 305 2736 Pantagathi
338 2696 475 2736 ingenio
504 2696 652 2731 debetur,
696 2695 817 2727 Bosius
841 2696 965 2737 recepit

1010 2691 1058 2722 rei
1074 2701 1110 2732 p.
1133 2690 1218 2722 dira.
1241 2691 1283 2722 In
1306 2690 1346 2721 iis
1368 2699 1453 2731 quae
1469 2696 1651 2730 sequuntur
1667 2690 1869 2722 infinitivum

105 2750 170 2781 vini
191 2751 408 2792 probavitque
429 2751 600 2782 Emestus,
643 2750 744 2782 Error
775 2750 852 2781 libri
873 2750 963 2782 Med,
986 2731 989 2777 l
1010 2744 1142 2786 requiro
1162 2750 1196 2775 et
1207 2743 1387 2784 legendum
1403 2748 1501 2784 puto:
1527 2742 1721 2774 Generumne
1735 2746 1870 2774 nostrum

104 2803 168 2835 vivi
190 2814 258 2836 non
279 2804 473 2846 displicebat
487 2803 635 2836 Corrado
648 2801 844 2835 eternevio.
867 2804 964 2836 Adeo
1004 2798 1202 2839 potissimum
1224 2816 1266 2821 -
1287 2797 1368 2828 velle
1390 2796 1518 2827 tabulam
1546 2798 1665 2828 novas!
1698 2797 1791 2836 Quae
1822 2797 1872 2827 his

103 2868 200 2901 saepe
232 2859 315 2891 certi
351 2858 563 2890 librariorum
600 2867 726 2889 errores
763 2858 962 2890 doctissimis

104 2911 228 2944 criticis
253 2912 492 2953 imposuerunt.

151 2964 208 2996 Vel
229 2965 407 2996 tabularum
429 2974 579 2995 novarum
611 2964 745 3001 nomine,
777 2969 839 2995 cet.
876 2964 965 2995 Enu-

105 3023 212 3051 meret
234 3028 350 3050 causas
372 3018 513 3055 discidii,
544 3027 626 3059 quas
657 3017 773 3049 afferre
795 3017 965 3058 potuisset.

106 3071 157 3103 De
178 3071 253 3113 lege
274 3081 294 3102 a
314 3070 492 3103 Dolabella
512 3070 589 3107 lata,
623 3078 690 3110 qua
710 3069 840 3101 tabulas
863 3079 966 3100 novas

107 3125 209 3163 daret,
230 3135 338 3167 quum
359 3125 428 3166 ipse
460 3133 535 3156 aere
563 3123 674 3155 alieno
702 3124 839 3156 obrutus
872 3128 965 3161 esset,

108 3178 172 3209 vid.
197 3176 330 3210 cassius
351 3177 417 3210 Dio
439 3177 543 3209 XLII
578 3176 618 3208 29
640 3181 673 3207 et
695 3176 746 3208 32.

1010 2850 1205 2892 interposita
1226 2856 1314 2887 sunt,
1344 2851 1379 2880 ut
1400 2849 1458 2880 Ιιοσ
1489 2859 1558 2880 non
1589 2850 1742 2890 expedio,
1765 2859 1873 2890 neque

1012 2905 1190 2937 Schutzius
1211 2904 1246 2935 in
1269 2904 1342 2935 add.
1368 2903 1430 2935 VI.
1452 2914 1483 2945 p.
1506 2904 1568 2935 500
1593 2904 1675 2935 bene
1691 2904 1872 2934 correxisse

1011 2963 1106 2999 puto:
1147 2956 1340 2988 Generumne
1362 2958 1501 2987 nostrum
1516 2955 1710 2997 potissimum
1733 2956 1781 2986 uti
1804 2956 1874 2995 hoc,

1012 3015 1046 3044 ut
1069 3011 1196 3042 tabulas
1221 3019 1327 3041 nova&

1053 3064 1134 3096 Item
1157 3063 1272 3104 scripsi
1291 3063 1332 3094 de
1355 3061 1473 3095 Orellii
1495 3063 1580 3094 coni.
1605 3062 1684 3094 Cod.
1708 3062 1797 3094 Med.
1816 3063 1873 3094 dat

1011 3119 1103 3151 idem.

1054 3170 1206 3203 Nuntium
1229 3170 1348 3201 remitti
1369 3179 1404 3199 a:
1428 3168 1609 3200 divortium
1627 3169 1706 3200 fieri.
1731 3169 1873 3201 Locutio

1887 970 1920 994 10
