2062 3565
700 152 808 194 MB.
845 154 936 194 XV.
972 153 1056 196 ΕΡ.
1093 156 1165 196 28.
1204 158 1274 196 29.
1786 155 1871 195 343

112 303 175 330 sas
217 291 258 330 et
299 292 347 329 ut
389 302 560 338 mecum,
605 293 645 330 et
690 287 1005 332 σπείσασθαι
1039 288 1124 330 vult
1156 304 1248 331 cum
1283 289 1408 331 Bruto
1442 295 1482 331 et
1514 289 1667 331 Cassio.
1717 288 1795 331 Sed
1829 295 1875 330 tu

112 360 211 416 quid
259 361 347 404 ais?
399 361 492 403 Scio
536 362 642 404 enim
687 367 727 403 te
772 362 1006 404 familiarem
1039 378 1122 404 esse
1157 363 1379 405 Othonum.
1415 364 1485 405 Ait
1519 364 1583 405 hic
1616 362 1694 404 sibi
1727 362 1874 404 Iuliam

111 432 225 486 ferre,
259 434 525 477 constitutum
559 435 665 477 enim
702 450 787 477 esse
820 435 1050 478 discidium.
1085 437 1295 489 Quaesivit
1328 453 1374 479 ex
1410 453 1470 479 me
1496 444 1606 493 pater
1624 437 1754 492 qualis
1772 443 1876 479 esset

110 506 229 549 fama.
277 507 374 550 Dixi
413 509 516 551 nihil
561 525 654 551 sane
688 525 750 552 me
785 509 944 552 audisse
980 536 1036 540 —-
1071 510 1297 553 nesciebam
1331 512 1436 554 enim
1473 527 1543 553 cur
1576 518 1784 568 quaereret
1816 536 1875 543 —·

111 580 190 622 m‘si
222 580 315 626 †de
348 597 414 624 ore
447 588 487 623 et
520 587 644 638 patre.
692 583 768 625 Sed
804 599 987 639 quorsus,
1022 585 1214 641 inquam?
1248 588 1303 627 At
1335 586 1416 637 ille,
1451 586 1577 628 illium
1615 585 1725 627 velle.
1775 586 1876 627 Tum
1913 601 1927 625 5

111 648 200 710 ego,
233 655 308 697 etsi
342 648 728 712 ἐβδελυττόμην,
762 661 898 698 tamen
932 659 1075 713 negavi
1108 664 1247 714 putare
1271 675 1332 700 me
1356 660 1424 701 illa
1447 675 1530 701 esse
1555 675 1664 701 vera:
1690 657 1878 710 σκοπός

116 752 172 758 —-
216 727 293 770 hoo
335 732 397 770 est
440 729 547 770 enim
591 754 647 759 ——
693 729 789 771 huic
822 735 959 772 nostro
992 730 1095 772 nihil
1128 731 1328 786 praebere.
1378 733 1453 775 ]].la
1486 739 1618 774 autem
1652 733 1711 775 ου’
1743 730 1878 792 παρά

112 797 281 860 τούτῳ.
336 802 424 858 Ego
469 807 602 845 tamen
639 803 820 858 suspicor
853 803 977 854 hunc,
1011 809 1058 845 ut
1091 804 1204 856 solet,
1239 805 1461 847 allucinari.
1496 806 1573 848 Sed
1608 806 1724 848 velim
1759 821 1878 862 quae-

111 889 175 916 ras
221 899 277 904 —
323 874 438 918 facile
483 881 617 918 autem
651 881 762 932 potes
797 902 853 906 —-
889 882 929 918 et
962 892 1023 918 me
1057 878 1277 919 certiorem.
1315 883 1355 920 3.
1390 878 1566 921 Obsecro
1597 885 1652 929 te,
1687 879 1784 935 quid
1817 885 1877 922 est

111 947 213 991 hoc?
257 949 424 1005 Signata
468 950 547 992 iam
592 950 760 1006 epistola
807 951 1030 1003 Formiani,
1073 952 1142 1006 qui
1175 952 1282 1007 apud
1315 968 1377 994 me
1411 952 1647 1004 coenabant,
1682 954 1876 996 Plancum
1894 969 1928 996 10

111 1037 152 1064 se
195 1021 358 1065 aiebant
400 1023 509 1067 hunc
555 1023 816 1066 Buthrotium
862 1025 1004 1081 pridie,
1049 1040 1169 1080 quam
1215 1025 1288 1067 hoc
1334 1026 1570 1078 scribebam,
1614 1027 1657 1068 id
1701 1034 1763 1070 est
1805 1042 1876 1070 111.

111 1096 265 1148 Nonas,
316 1097 462 1140 vidisse
504 1097 737 1149 demissum,
784 1099 869 1140 sine
914 1099 1110 1154 pl1aleris3
1156 1100 1332 1141 servulos
1381 1105 1514 1142 autem
1548 1100 1678 1142 dicere
1711 1116 1804 1144 eum
1836 1106 1877 1143 et

110 1170 310 1227 agripetas
353 1171 500 1214 eiectos
533 1187 556 1214 a
589 1172 830 1214 Buthrotiis.
885 1173 1041 1215 Macte!
1077 1171 1153 1214 Sed
1189 1172 1330 1215 amabo
1363 1180 1416 1225 te,
1453 1174 1650 1230 perscribe
1684 1175 1784 1225 mihi
1815 1181 1875 1218 to—

109 1247 197 1285 tum
228 1245 450 1299 negotium.

151 1361 170 1396 7
193 1357 290 1406 παρὰ
318 1361 440 1396 τοῦτον
472 1379 520 1386 -

109 1451 195 1483 hanc
224 1461 304 1490 esse,
339 1451 466 1483 utrovis
500 1452 635 1484 nomine
665 1453 717 1484 vel
748 1452 887 1484 Favonii
917 1453 994 1490 velt
1059 1449 1125 1481 Illa
1142 1453 1243 1481 autem
1259 1449 1296 1483 οὐ
1329 1448 1421 1496 παρὰ
1450 1449 1559 1497 τούτῳ
1576 1461 1609 1482 o:
1630 1451 1689 1482 illa
1705 1461 1773 1483 non
1788 1452 1876 1493 apud

111 1505 225 1537 Asinii
246 1505 411 1545 Quintum
432 1506 601 1547 designari
623 1516 734 1547 posse;
769 1508 858 1548 quod
880 1513 969 1538 recte
990 1495 994 1540 1
1015 1505 1103 1537 1111110
1126 1507 1281 1539 manebit.
1315 1506 1351 1539 Si
1375 1508 1460 1539 Iulia
1484 1508 1585 1539 nubet
1617 1507 1754 1546 Quinto,
1793 1518 1875 1540 mox

109 1558 181 1591 fieri
202 1563 312 1600 negat,
334 1569 439 1601 quum
459 1559 561 1601 longe
574 1560 696 1592 diversi
711 1560 842 1600 generis
855 1560 969 1592 illies·
1015 1559 1149 1600 nuptiae
1171 1560 1392 1592 dissolventur
1411 1561 1454 1592 ob
1476 1561 1580 1592 malos
1617 1560 1727 1592 mariti
1758 1570 1875 1593 mores.

111 1616 195 1644 sent.
232 1611 411 1654 Propterea
445 1612 587 1644 coniecit
616 1612 786 1644 Favonium
820 1613 966 1650 alterum,
1013 1613 1065 1644 Ita
1085 1615 1113 1645 1.
1136 1614 1173 1645 F.
1196 1614 1298 1647 Gron.
1319 1615 1462 1647 correxit
1485 1620 1517 1647 et
1548 1615 1726 1656 explicavit
1764 1615 1873 1647 verba.

105 1674 190 1706 quae
211 1665 371 1697 correctio
393 1674 564 1697 assensum
588 1665 664 1697 tulit
687 1665 847 1697 Schutzii.
879 1665 966 1697 Mihi
1014 1666 1126 1707 Vulgo
1149 1674 1221 1708 post
1245 1668 1383 1699 Bosium
1406 1668 1554 1699 scribunt
1574 1667 1710 1700 τοῦτον.

106 1719 172 1751 alia
193 1719 293 1752 fuisse
315 1720 482 1761 scriptoris
505 1729 598 1752 mens
630 1720 775 1752 videtur:
809 1719 841 1759 Q
878 1721 965 1751 filius
1048 1725 1240 1757 Allucinari.
1253 1728 1400 1759 Cloatius
1412 1728 1518 1759 Verus
1533 1728 1619 1769 apud
1630 1726 1777 1759 Gellium
1785 1728 1874 1760 N.A.

105 1773 318 1806 vehementer
339 1784 427 1805 nunc
451 1774 530 1815 reip.
554 1780 662 1815 partes
692 1774 902 1815 amplectitur
931 1780 964 1806 et
1014 1778 1111 1810 XVI.
1138 1780 1176 1811 12
1198 1781 1260 1812 hoc
1283 1782 1421 1813 verbum
1442 1791 1510 1812 non
1533 1781 1619 1813 male
1641 1782 1769 1814 derivat
1784 1792 1803 1814 a
1817 1781 1874 1814 Gr.

107 1829 230 1861 bonum
252 1830 360 1862 civem
382 1830 427 1861 ita
449 1830 526 1871 agit,
557 1835 592 1860 ut-
619 1829 815 1867 Favonfflm,
845 1829 962 1861 0001·Γί-
986 1829 989 1859 Ι
1013 1828 1144 1864 ἀλύειν.
1180 1833 1401 1865 Scribendum
1430 1834 1542 1875 itaque
1572 1833 1715 1875 simplici
1742 1835 1767 1866 l.
1810 1836 1871 1868 Est

105 1882 226 1914 rimum
249 1882 348 1914 illum
370 1883 532 1914 libertatis
543 1888 831 1924 propugnatorem,
848 1883 962 1914 sicum
1012 1893 1122 1919 autem
1144 1888 1294 1918 aberrare
1317 1892 1348 1918 et
1370 1891 1481 1918 mente
1503 1896 1570 1918 non
1594 1887 1782 1919 consistere.

107 1935 233 1973 Quinto
255 1945 434 1976 compares,
456 1936 522 1966 iam
534 1935 704 1972 Asinium,
724 1935 893 1967 bominem
907 1936 962 1966 1¹1·
1055 1944 1073 1983 ξ
1095 1944 1125 1974 3.
1147 1942 1280 1984 Siqnata
1302 1941 1363 1972 iam
1387 1941 1530 1982 epistola.
1563 1940 1658 1974 Solet
1680 1942 1794 1974 Cicero
1819 1943 1869 1975 uti

104 1990 203 2022 lianis
224 1990 371 2032 partibus
393 1991 541 2022 deditum
554 1991 651 2022 dicas.
675 1991 802 2022 Locum
815 2001 882 2022 non
897 1992 962 2023 dis·
1011 1996 1112 2027 verbo
1134 1995 1316 2036 composito
1337 1994 1530 2036 obsiqnandi,
1562 1995 1651 2036 quod
1683 1995 1868 2028 Lambinus

106 2045 251 2076 similem
273 2045 439 2086 explicavi
456 2045 520 2076 IV.
543 2045 572 2083 3,
595 2046 624 2076 3.
651 2044 694 2076 Tu
717 2042 900 2077 redundare
917 2046 963 2077 vi-
1011 2050 1064 2081 hic
1086 2060 1216 2091 quoque
1244 2049 1394 2081 restituit.
1417 2048 1484 2081 Sed
1504 2049 1633 2089 siqnare
1654 2059 1713 2090 pro
1735 2050 1868 2092 signum

102 2098 198 2130 detur
220 2104 253 2130 et
278 2098 374 2129 facile
397 2108 415 2130 e
439 2098 645 2139 praecedenti
668 2100 703 2128 ut
726 2098 804 2129 oriri
825 2098 940 2140 potuit.
1011 2113 1173 2145 apponere
1207 2104 1287 2135 item
1317 2103 1438 2144 legitur
1471 2102 1533 2134 XI.
1569 2103 1597 2140 1,
1632 2104 1648 2134 1
1673 2109 1706 2135 et
1727 2104 1762 2136 in
1783 2104 1867 2136 Hor.

143 2150 184 2182 Et
205 2153 241 2182 ut
262 2161 386 2190 mecum,
409 2154 439 2183 et
462 2163 522 2186 σπ.
537 2161 604 2184 cum
614 2152 716 2184 Bruto
728 2157 758 2183 et
777 2151 962 2184 Cassio.1n-
1011 2160 1070 2201 Ep,
1094 2160 1120 2190 Ι,
1147 2159 1194 2197 13,
1213 2159 1242 2196 2,
1265 2165 1299 2190 et
1321 2158 1453 2190 Plinius
1475 2158 1535 2199 Ep,
1557 2158 1586 2190 Ι,
1608 2158 1638 2196 9,
1660 2158 1689 2189 2,
1712 2159 1758 2190 11.
1782 2159 1830 2197 20,
1848 2160 1867 2190 8

102 2207 279 2240 solentiam
301 2209 458 2241 orationis
481 2209 614 2250 egregie
631 2209 764 2240 sustulit
778 2209 961 2240 Lambinus
1012 2218 1043 2244 et
1067 2213 1105 2244 10
1128 2213 1258 2254 siqnare
1279 2214 1496 2243 testamentum
1519 2211 1658 2252 scripsit.

103 2265 292 2298 scribendo:
316 2266 348 2294 et
369 2274 482 2295 mecum
506 2261 723 2296 σπείσασθαι
753 2263 820 2294 vult
842 2265 873 2294 et
895 2273 961 2294 cum
984 2283 987 2311 Ι
1053 2266 1204 2297 Plancum
1227 2267 1308 2297 launo
1320 2264 1532 2296 Buthrotium.
1555 2265 1594 2296 Τ.
1607 2265 1770 2297 Plancum
1785 2265 1867 2297 Bur-

107 2320 210 2352 Bruto
231 2321 262 2351 et
287 2319 404 2350 Cassio.
983 2331 986 2362 ς
1010 2331 1080 2353 80111
1104 2321 1233 2352 videtur
1253 2320 1418 2362 appellare
1453 2319 1677 2358 Buthrotium,
1708 2320 1867 2361 quoniam

146 2373 202 2405 Ait
225 2373 276 2405 hic
297 2372 359 2403 sibi
379 2372 496 2403 Iuliam
518 2373 614 2413 ferre
634 2383 666 2404 a:
701 2374 845 2412 Quintus
874 2373 962 2404 filius
1010 2384 1028 2406 0
1057 2374 1234 2405 consulum
1262 2374 1394 2405 decreto
1417 2372 1510 2404 illam
1531 2382 1663 2404 causam
1689 2379 1759 2405 erat
1779 2383 1866 2404 com-

101 2427 149 2459 ait
169 2426 300 2464 Iuliam,
323 2435 407 2468 quae
430 2424 556 2458 Othoni
590 2426 721 2458 cuidam
749 2431 849 2467 nupta
883 2431 961 2462 erat,
1009 2428 1183 2469 positurus.
1217 2427 1267 2458 De
1291 2427 1405 2458 eodem
1429 2435 1560 2457 rumore
1581 2426 1689 2466 agitur
1712 2426 1810 2458 XVI.
1835 2427 1863 2464 1,

102 2490 186 2522 (11100
209 2480 344 2522 nuptiae
366 2485 476 2511 tamen
499 2480 642 2511 divortio
664 2480 880 2516 solverentur,
897 2480 960 2511 sibi
981 2489 985 2530 1
1009 2483 1028 2513 2
1065 2488 1097 2514 et
1126 2484 1155 2520 4,
1187 2484 1216 2513 3.
1261 2482 1334 2513 Non
1370 2481 1470 2513 fuisse
1503 2491 1618 2513 verum
1650 2489 1781 2523 apparet
1819 2492 1863 2514 ex

102 2535 327 2566 conditionem
355 2533 484 2565 offerre.
522 2532 588 2564 Pro
618 2532 704 2564 [ulia
731 2533 876 2570 fuerunt,
903 2532 960 2573 qui
981 2531 986 2602 ἰ
1009 2535 1108 2567 XVI,
1132 2537 1161 2573 2,
1187 2536 1214 2566 l,

106 2589 228 2621 Tutiam
249 2589 390 2620 mallent
412 2598 430 2619 e
452 2588 552 2619 XVI.
575 2588 604 2625 2,
636 2589 666 2619 3.
703 2588 875 2619 Utrumvis
903 2587 958 2619 eli·
1048 2589 1220 2620 Demissum
1245 2599 1276 2620 o:
1291 2589 1427 2627 tristem,
1445 2589 1620 2621 abiectum.
1633 2599 1663 2630 p.
1680 2588 1786 2627 Sulla,
1805 2589 1859 2622 74:

83 2653 170 2684 ·gas,
191 2651 331 2684 persona
351 2641 476 2673 incerta
497 2647 619 2672 manet.
980 2606 984 2678 1
1007 2641 1123 2674 Postea
1145 2642 1214 2685 quis
1248 2642 1284 2672 P.
1307 2641 1425 2673 Sullam
1451 2641 1513 2673 nisi
1534 2644 1716 2673 moerentem
1749 2641 1861 2673 demi-5-

143 2694 192 2726 De
218 2704 273 2726 ore
301 2696 333 2725 et
362 2696 468 2735 patre.
507 2693 594 2725 Mira
634 2702 712 2724 sane
755 2692 958 2734 compositio.
979 2681 983 2762 1
1005 2706 1072 2727 sam
1093 2696 1302 2738 afflictumque
1324 2695 1433 2726 vidit?

102 2747 278 2780 Schutzius
300 2748 457 2779 coniecit:
481 2746 522 2778 de
535 2757 588 2778 ore
596 2746 698 2788 putri,
712 2746 767 2777 cui
789 2746 872 2777 bene
883 2755 956 2777 con·
979 2768 982 2799 ,
1047 2749 1120 2781 Sine
1136 2749 1283 2790 phaleris
1305 2760 1337 2781 oz
1362 2759 1445 2790 equo
1470 2758 1536 2780 non
1559 2754 1683 2786 ornato,
1713 2754 1750 2779 ut
1780 2749 1860 2780 alias

101 2801 193 2834 venit
227 2795 501 2845 ἑβδε).υττόμην.-
537 2800 564 2831 Ε
587 2799 679 2830 codd·
702 2798 860 2839 scriptum
888 2809 955 2830 ¹¹0ss
979 2801 982 2845 Ι
1005 2805 1100 2836 solet.
1122 2805 1196 2836 Hoc
1219 2806 1317 2836 modo
1341 2805 1437 2845 fugae
1461 2804 1628 2836 festinatio
1650 2804 1821 2834 indicatur.

100 2857 210 2889 minus
231 2857 303 2889 erui
324 2862 447 2898 posset:
472 2856 512 2887 de
533 2866 586 2887 ore
608 2856 721 2886 taetro.
980 2854 982 2891 ἑ
1048 2858 1227 2900 Aqripetas.
1254 2858 1302 2889 (ff.
1326 2858 1423 2889 XVI.
1451 2859 1477 2895 l,
1501 2858 1520 2888 2
1557 2857 1708 2898 Aqnsspeta
1730 2866 1859 2898 respon-

142 2905 266 2947 σκοπὸς
293 2928 336 2932 -
356 2908 414 2939 lwc
435 2910 480 2938 est
503 2906 582 2937 enim
606 2924 646 2929 —
668 2905 741 2938 huic
757 2909 864 2938 nostro
875 2906 959 2937 nihil
980 2919 982 2945 ;
1005 2911 1061 2942 det
1077 2909 1131 2942 Gr,
1155 2907 1352 2957 χληρούχῳ,
1389 2910 1439 2941 (Jf,
1462 2910 1520 2941 Cic
1552 2909 1594 2940 N,
1616 2908 1657 2940 D.
1681 2909 1707 2939 Ι,
1730 2908 1780 2940 72.
1818 2908 1859 2938 In

94 2966 256 3007 praebere.
279 2966 389 2997 Valde
410 2964 533 3004 frigent
555 2963 614 2994 illa
636 2963 693 2994 hoc
714 2965 761 2993 est
773 2963 862 2994 enim.
886 2962 957 2993 Hoc
979 2986 982 3009 2
1006 2967 1100 3008 epist,
1122 2968 1164 2998 gd
1187 2967 1349 2999 Plancum
1373 2967 1465 3007 epist,
1490 2966 1528 2996 16
1561 2965 1636 2996 libri
1659 2973 1726 3004 seq.
1750 2963 1860 2994 addita

99 3018 210 3050 deleto
223 3018 448 3050 scribendum:
466 3011 592 3052 σκοπὸς
606 3017 652 3046 est
669 3015 748 3046 enim
767 3015 840 3046 huic
852 3017 958 3046 nostro
978 3024 981 3048 2
1007 3022 1026 3061 ξ
1049 3024 1066 3052 5
1090 3022 1234 3063 appellat
1255 3030 1314 3058 303,
1337 3021 1389 3062 qm·
1407 3030 1515 3061 assum
1532 3018 1730 3049 Buthrotium
1752 3027 1859 3047 com-n.

100 3077 183 3108 nihil
205 3077 357 3118 praebere
389 3086 422 3107 o:
459 3075 604 3113 Quintus
633 3074 732 3107 frater
761 3076 823 3106 hoc
853 3085 957 3106 unum
1001 3074 1134 3115 piuant,
1157 3081 1189 3106 et
1212 3075 1245 3106 in
1268 3074 1362 3114 epist.
1386 3074 1427 3104 ad
1450 3073 1555 3113 Capit.
1579 3072 1597 3111 ξ
1623 3072 1658 3101 11
1682 3070 1838 3112 aqrarios.

101 3133 232 3170 spectat,
257 3135 292 3161 ut
312 3129 383 3161 filio
401 3127 485 3159 nihil
502 3128 664 3168 praebeat,
680 3129 766 3169 quod
779 3128 953 3159 consilium
977 3131 980 3150 1
1049 3127 1154 3159 Μαι-[κ’
1177 3139 1209 3158 o:
1243 3128 1340 3158 laudo
1363 3126 1565 3164 Buthrotios,
1594 3125 1621 3157 si
1645 3130 1711 3156 tam
1734 3124 1860 3157 fortiter

100 3192 133 3214 se
155 3189 376 3219 assecuturum
399 3187 507 3224 sperat
529 3181 589 3214 illo
621 3181 833 3215 matrimonio
864 3181 954 3212 inito.
1004 3192 1038 3214 se
1060 3189 1240 3224 gesseruut.
