2062 3565
162 154 246 191 292
560 148 643 188 ΕΡ.
681 146 754 187 AD
788 146 834 185 T.
869 143 1221 185 POMPONIUM
1256 142 1522 183 AT'HOUM.

162 273 469 322 declinaturum,
515 284 593 325 quo
638 268 798 322 quidem
843 272 979 307 metuo
1022 281 1072 307 ne
1117 280 1263 321 magno
1307 266 1365 307 rei
1398 264 1583 321 publicae
1617 266 1721 307 malo
1756 267 1930 308 venerit.

163 346 285 394 Quod
327 345 432 386 idem
464 343 513 384 L.
558 341 719 383 Caesari
753 339 979 391 videbatur,
1016 355 1133 395 quem
1167 339 1295 395 pridie
1329 339 1502 395 Neapoli
1535 340 1723 382 affectum
1756 341 1931 396 graviter

164 419 355 461 videram.
404 415 675 468 Quamobrem
719 415 797 456 ista
836 413 954 455 nobis
998 413 1048 454 ad
1094 413 1187 454 Kal.
1235 414 1328 454 Iun.
1374 413 1584 455 tractanda
1617 419 1657 455 et
1689 414 1932 470 perficienda

166 497 275 534 sunt.
324 490 402 532 Sed
444 489 653 531 hactenus.
701 491 742 530 3.
787 489 839 540 Q.
882 487 986 529 filius
1030 487 1079 528 ad
1124 492 1277 543 patrem
1321 486 1598 529 acerbissimas
1638 488 1774 530 literas
1808 488 1932 538 misit,

127 579 142 603 ε,
166 579 267 621 quae
300 569 395 605 sunt
428 563 466 604 ei
497 562 691 613 redditae,
728 577 852 617 quum
886 562 1133 603 venissemus
1166 561 1210 603 in
1256 561 1561 617 Pompeianum,
1597 576 1765 615 quarum
1799 566 1933 603 tamen

166 643 250 680 erat
291 641 426 692 caput,
470 636 676 691 Aquiliam
721 651 931 677 novercam
980 651 1061 676 11011
1105 650 1188 676 esse
1231 635 1424 677 laturum.
1495 634 1573 676 Sed
1619 633 1695 676 hoc
1728 633 1935 677 tolerabile

166 713 353 762 fortasse3
400 709 502 752 illud
545 725 659 751 vero:
713 737 732 761 ,χ
748 725 788 751 se
835 709 884 751 ab
919 709 1087 750 Caesare
1120 708 1310 751 habuisse
1343 708 1492 759 omnia,
1526 708 1630 749 nihil
1663 723 1685 749 a
1717 712 1844 764 patre,
1877 722 1935 748 rc-

165 786 276 841 liqua
309 799 465 840 sperare
498 782 548 824 ab
582 782 793 824 Antonio''
830 808 885 812 ——
923 782 959 823 O
992 782 1194 838 perditum
1219 781 1446 823 hominem!
1473 781 1550 823 Sed
1568 777 1780 839 μελήσει.
1811 782 1852 821 4.
1873 771 1950 821 Ad'

166 859 338 900 Brutum
384 862 580 906 nostrum,
621 855 670 897 ad
717 856 915 906 Cassium,
963 854 1012 896 ad
1060 854 1311 897 Dolabellam
1356 854 1546 910 epistolas
1580 854 1736 910 scripsi.
1786 855 1936 896 Earum

113 947 147 972 10
167 930 347 986 exempla
378 928 454 971 tibi
488 929 592 980 misi,
627 944 708 970 non
742 934 789 969 ut
821 927 1098 980 deliberarem,
1133 927 1413 969 reddendaene
1447 932 1581 968 essent
1604 952 1661 957 —
1685 927 1805 982 plane
1826 928 1932 969 enim

167 1003 302 1045 iudico
346 1018 429 1044 esse
474 1001 698 1044 reddendas
735 1027 805 1052 —,
841 1001 910 1042 sed
945 1001 1052 1056 quod
1086 1016 1167 1042 non
1201 999 1344 1042 dubito
1378 1000 1476 1055 quin
1510 1004 1558 1041 tu
1591 999 1698 1041 idem
1732 1000 1936 1042 existima-

166 1087 282 1120 turus
327 1077 396 1118 sis.
444 1078 484 1117 ἵ).
530 1075 715 1118 Ciceroni
761 1091 864 1126 meo,
899 1076 954 1117 mi
988 1076 1138 1126 Attice,
1174 1073 1452 1131 suppeditabis
1484 1079 1681 1129 quantum
1715 1072 1934 1124 videbitur,

167 1167 309 1207 meque
354 1151 429 1192 1100
472 1150 549 1192 tibi
597 1165 698 1191 onus
742 1150 947 1205 imponere
994 1150 1158 1205 patiere.
1208 1148 1323 1194 Quae
1358 1147 1490 1188 adhuc
1525 1147 1670 1196 fecisti,
1705 1147 1806 1188 mihi
1839 1152 1935 1188 sunt

166 1225 406 1281 gratissima.
453 1226 495 1265 6.
539 1223 706 1264 Librum
752 1238 884 1263 meum
918 1222 1031 1263 illuni
1066 1215 1344 1265 ἀνέκδοτον
1377 1219 1572 1270 nondum,
1608 1226 1654 1262 ut
1690 1220 1812 1271 volui,
1848 1235 1934 1275 per—

111 1311 144 1337 15
167 1298 303 1355 polivi.
339 1298 423 1339 Ista
457 1312 561 1348 vero,
596 1312 696 1351 quae
730 1302 776 1337 tu
810 1296 970 1337 contexi
1005 1295 1077 1345 vis,
1110 1294 1220 1336 aliud
1255 1292 1456 1349 quoddam
1491 1299 1720 1348 separatum
1747 1294 1935 1335 volumen

167 1376 414 1428 exspectant.
451 1372 538 1425 Ego
572 1376 706 1412 autem
741 1395 798 1399 —
834 1369 971 1410 credas
1006 1368 1106 1410 mihi
1141 1367 1257 1409 velim
1288 1393 1344 1397 ——
1373 1367 1525 1408 minore
1548 1367 1726 1422 periculo
1750 1367 1936 1409 existimo

167 1450 306 1487 contra
338 1444 427 1485 illas
461 1444 633 1485 nefarias
667 1448 800 1499 partes
834 1443 924 1483 vivo
958 1447 1129 1498 tyranno
1163 1441 1244 1482 dici
1277 1441 1456 1496 potuisse
1490 1455 1609 1494 quam
1642 1445 1814 1482 mortuo.
1861 1439 1936 1481 Ele

166 1519 274 1561 enim
318 1518 453 1559 nescio
496 1532 573 1572 quo
608 1521 724 1572 pacto
758 1514 911 1556 ferebat
945 1530 1006 1556 1110
1040 1514 1202 1569 quidem
1238 1512 1474 1554 mirabiliter
1490 1530 1501 1563 ;
1537 1527 1659 1563 1111110,
1696 1527 1936 1568 quacunque

166 1609 238 1635 nos
283 1591 585 1641 commovimus,
627 1589 677 1631 ad
719 1589 898 1630 Caesaris
934 1604 1014 1630 11011
1050 1587 1167 1629 1110ᾶο
1202 1592 1305 1638 acta,
1340 1601 1477 1627 verum
1512 1586 1630 1627 etiam
1666 1587 1843 1642 cogitata
1876 1601 1938 1628 re-

110 1685 146 1711 20
165 1681 367 1709 vocamur.
401 1665 463 1706 De
496 1664 708 1713 Montano,
744 1662 935 1717 quoniam
973 1661 1151 1702 Flamma
1184 1660 1306 1712 venit,
1331 1658 1501 1701 videbis.
1537 1659 1643 1701 Puto
1666 1675 1750 1701 rem
1773 1659 1936 1702 meliore

165 1741 253 1782 1000
287 1753 371 1780 esse
406 1735 564 1778 debere.

208 1904 279 1944 ξ2.
301 1902 377 1933 Eunt
400 1912 421 1932 a
446 1900 554 1941 Capua
577 1898 822 1931 declinaturum.
852 1899 902 1930 Eo
925 1899 1031 1930 Anto-
1078 1899 1141 1930 hoc
1172 1908 1269 1940 opere
1302 1900 1490 1931 statuebant
1524 1898 1761 1934 Middletonus‚
1799 1897 1834 1928 in
1869 1897 1939 1928 vita

167 1960 241 1990 nius
263 1957 429 1990 coloniam
451 1962 687 1988 veteranorum
710 1955 870 1986 deducere
895 1959 1033 1985 conatus
1080 1951 1149 1983 Cic.
1173 1952 1238 1982 vol.
1260 1952 1327 1983 ΙΙΙ.
1349 1962 1379 1993 p.
1404 1954 1445 1983 54
1470 1958 1502 1983 et
1528 1950 1654 1983 Bakius
1683 1950 1719 1981 in
1741 1949 1875 1990 Proleg.
1898 1950 1939 1980 ad.

168 2019 226 2046 cst.
248 2013 336 2044 Phil.
362 2012 407 2043 ΙΙ.
433 2011 504 2042 100.
1079 2007 1181 2037 libros
1203 2007 1244 2037 de
1265 2006 1347 2045 Leg.
1371 2017 1401 2047 p.
1424 2005 1589 2044 XV1.,1n
1612 2014 1647 2036 re
1670 2003 1797 2035 incerta
1818 2013 1879 2034 non
1902 2002 1939 2033 li·

211 2065 273 2096 Sed
296 2066 463 2095 hactenus.
488 2062 652 2095 Constans
675 2062 781 2093 Tullii
804 2072 882 2093 usus
898 2062 1034 2103 requirit
1077 2070 1169 2101 quere
1192 2059 1300 2090 dicere
1322 2059 1410 2089 malo
1433 2068 1509 2089 cum
1530 2057 1708 2089 Abekenio
1732 2056 1765 2087 in
1789 2055 1857 2088 Cic.
1871 2056 1940 2087 vita

168 2119 230 2150 Sed
250 2119 327 2149 haec
349 2119 511 2148 hactenus.
1078 2124 1111 2154 p.
1133 2114 1204 2144 386.
1227 2113 1302 2143 Hoc
1326 2122 1430 2143 unum
1454 2111 1609 2142 affirmari
1632 2116 1741 2152 potest
1763 2115 1795 2141 et
1809 2116 1890 2141 tunc
1907 2116 1939 2141 et

211 2172 229 2211 ξ
247 2171 274 2202 6.
286 2170 409 2201 Librum
418 2170 610 2201 mammillam
624 2159 1032 2201 02212'2502020.'Ave'x30w,
1078 2177 1167 2198 nunc
1189 2167 1350 2207 cogitasse
1374 2165 1569 2198 Ciceronem
1601 2165 1642 2196 de
1675 2164 1772 2196 rebus
1805 2164 1939 2195 illorum

168 2235 250 2267 quae
281 2226 471 2266 quindecim
492 2225 590 2256 annis
613 2230 689 2255 ante
721 2225 755 2254 in
786 2223 939 2254 manibus
973 2223 1028 2253 ha·
1079 2226 1263 2261 temporum
1288 2218 1480 2250 scribendis.

170 2281 267 2312 bebat
289 2279 345 2320 (cf.
368 2280 440 2312 Aa.
464 2280 511 2311 ΙΙ.
536 2279 566 2316 6,
594 2279 639 2318 2),
669 2288 736 2309 11011
759 2278 887 2309 diversa
910 2285 980 2309 esse
992 2276 1033 2307 ab

1032 2364 1082 2401 Α.

611 2451 797 2489 CICERO
829 2448 1168 2489 DOLABELLAE
1197 2447 1300 2486 COS.
1332 2446 1428 2484 SUO
1459 2448 1495 2484 S.

238 2542 277 2580 l.
311 2539 401 2580 Etsi
435 2541 648 2578 contentus
682 2551 802 2587 eram,
837 2536 893 2576 mi
926 2533 1149 2584 Dolabella,
1173 2537 1244 2573 tua
1263 2531 1390 2586 gloria
1413 2530 1589 2585 satisque
1614 2544 1662 2570 ex
1682 2544 1728 2570 ea
1750 2543 1937 2584 magnam

172 2612 368 2655 laetitiam
413 2611 739 2665 voluptatemque
785 2607 1006 2664 capiebam,
1051 2611 1186 2647 tamen
1231 2619 1311 2645 non
1344 2618 1507 2658 possum
1538 2616 1622 2643 non
1654 2600 1836 2642 confiteri
1869 2615 1938 2641 cu-

174 2685 317 2728 mulari
350 2700 412 2726 me
446 2683 618 2724 maximo
651 2681 812 2737 gaudio,
847 2680 954 2735 quod
989 2679 1109 2734 vulgo
1132 2677 1342 2719 hominum
1366 2675 1502 2730 opinio
1529 2674 1679 2715 socium
1704 2688 1766 2714 me
1791 2672 1939 2714 adscri-

138 2777 151 2801 5
175 2760 244 2801 bat
283 2759 364 2799 tuis
409 2756 611 2799 laudibus.
657 2755 872 2797 Neminem
907 2753 1076 2795 conveni
1112 2777 1168 2781 —
1205 2748 1398 2792 convenio
1433 2752 1568 2789 autem
1602 2745 1782 2802 quotidie
1815 2744 1940 2801 pluri-

175 2848 260 2874 mos
273 2851 284 2884 3
336 2835 430 2872 sunt
479 2829 584 2870 enim
634 2827 823 2883 permulti
873 2826 1015 2882 optimi
1065 2824 1141 2866 viri
1189 2821 1433 2864 valetudinis
1473 2835 1593 2862 causa
1640 2820 1683 2860 in
1732 2818 1795 2860 his
1826 2817 1939 2868 locis,

219 2967 237 2996 6
260 2965 331 3002 viri,
354 2964 406 3006 qui
428 2974 455 2995 v.
478 2973 504 2994 c.
526 2962 560 2993 in
582 2962 661 2992 haec
684 2962 753 2992 loca
776 2961 915 2998 veniunt,
932 2963 1105 3001 praeterea
1126 2975 1166 2980 —

219 3075 375 3106 Alterum
397 3074 585 3114 exemplum
611 3074 708 3104 huius
739 3074 896 3114 epistolae
928 3083 1032 3104 serva-
1077 3065 1081 3068 ’
1126 3072 1144 3111 ξ
1168 3071 1196 3101 l.
1220 3069 1297 3100 Sunt
1329 3069 1408 3099 em'm
1431 3084 1473 3089 -
1494 3067 1527 3097 in
1558 3065 1608 3096 his
1636 3065 1727 3103 locis,
1755 3064 1941 3096 conveniunt

180 3138 249 3160 111111
272 3134 317 3160 est
343 3130 435 3160 Fam.
458 3128 521 3160 IX.
547 3129 595 3167 14,
630 3129 662 3159 in
696 3128 869 3160 nonnullis
899 3128 940 3158 ab
974 3128 1035 3158 hoc
1078 3125 1247 3164 praeterea
1271 3128 1332 3153 cet·
1367 3119 1513 3152 Ol'elliUS
1542 3117 1690 3159 sequitur
1722 3117 1756 3149 h·
1779 3117 1800 3148 l·
1831 3126 1941 3148 exem·

180 3184 375 3223 discrepans.
1056 3164 1059 3218 Ῐ
1083 3178 1174 3219 plum
1198 3177 1300 3213 Fam„
1332 3174 1486 3206 Klotzius
1508 3172 1637 3204 codices
1659 3171 1767 3214 epistt.
1790 3172 1831 3203 ad
1853 3171 1941 3204 Atti-
