2062 3565
110 145 195 184 194
508 144 591 185 ΕΡ.
627 143 701 183 ΑΙ)
734 144 780 183 Τ.
816 142 1165 184 POMPONIUM
1199 142 1462 184 ATTICUM.

105 279 294 321 vandum.
345 280 385 321 Si
431 279 528 334 quid
572 279 661 329 erit,
695 293 886 333 magnum
920 284 980 320 est
1013 278 1316 329 adiumentum3
1352 278 1414 320 sin
1446 278 1594 329 minus,
1629 293 1866 334 quacunque

105 354 256 395 ratione
296 352 598 394 contendamus.
644 351 718 393 Vel
750 357 797 392 tu
827 352 931 393 illud
966 348 1246 411 ἐγγήραμα,
1284 351 1622 407 quemadmodum
1655 353 1865 408 scripsisti,

104 425 163 466 vel
199 423 441 481 ἐντάφιον
471 431 627 482 putato,
662 426 722 467 De
754 426 824 467 illo
858 425 1038 468 Ostiensi
1069 425 1174 467 nihil
1206 430 1266 467 est
1301 425 1575 481 cogitandum.
1610 426 1652 467 Si
1685 426 1760 468 hoc
1783 441 1864 468 non

104 499 363 553 assequimur,
398 515 421 541 a
453 499 593 541 Lamia
625 514 707 540 non
742 504 840 554 puto
874 514 1004 554 posse,
1041 499 1276 555 Damasippi
1308 497 1595 554 experiendum
1627 504 1700 540 est.

104 661 193 690 (frat.
237 664 323 690 erat:
363 658 468 689 sintne
497 663 570 695 cet„
598 657 700 697 idque
733 656 874 688 editores
908 657 960 688 vel
1009 657 1126 688 saltem
1149 666 1187 688 eo
1221 657 1371 694 adducat,
1402 663 1439 687 ut
1460 658 1502 688 de
1534 666 1663 687 summa
1694 656 1803 688 debita
1836 662 1867 687 et

105 713 244 753 probant
282 712 336 743 vel
373 711 493 743 ferunt.
543 710 638 751 Nego
670 719 785 741 verum
820 719 899 747 esse,
931 716 964 741 et
1010 715 1085 742 ante
1106 711 1195 742 diem
1217 711 1376 742 solvenda
1398 720 1439 742 ne
1462 710 1602 741 nimium
1623 710 1798 741 deducant.

104 768 234 804 suadeo,
272 774 309 798 ut
343 767 423 798 haee
459 766 505 796 sic
534 765 733 796 scribantur:
764 763 882 795 Suntne
905 764 962 805 iqi-
1051 763 1105 795 Sin
1129 763 1230 794 minu-5·
1250 781 1292 787 ——
1313 763 1536 795 contendamus
1557 774 1592 795 o:
1615 764 1672 795 sed
1698 763 1725 794 si
1741 762 1867 805 Oppius

104 823 155 848 sur
184 821 330 850 auctores
342 818 483 860 futuri?
513 817 546 848 Si
567 828 627 859 qua
649 817 744 848 etiam
766 817 889 848 iactura
905 817 962 857 sa·
1010 822 1042 848 et
1064 817 1189 848 Balbus
1212 816 1296 848 illud
1318 823 1562 857 repraesentare
1584 817 1709 854 nolent,
1733 817 1867 848 aliunde

102 873 213 904 cienda
243 874 285 903 sit
316 873 348 903 in
381 870 659 912 repraesentando,
688 870 792 912 quoad
820 873 963 910 possunt,
1010 880 1129 902 numos
1151 880 1388 911 comparemus.

102 926 261 958 adducito.
286 926 391 958 Totum
413 925 495 957 enim
516 924 601 956 illud
615 924 822 965 desperatum.
844 924 963 954 Auctor
1057 922 1111 953 Vel
1132 926 1167 953 tu
1191 940 1224 946 -—
1247 925 1371 964 putato.
1394 923 1436 955 cf.
1459 924 1500 955 ad
1522 933 1571 965 ep.
1599 924 1650 962 25,
1673 924 1702 955 2.

104 986 160 1017 est,
193 980 250 1021 qui
279 978 437 1010 debitoris
465 987 587 1009 nomen
623 977 777 1008 creditori
809 982 961 1017 praestat.
1050 977 1099 1008 De
1120 977 1177 1011 illo
1203 976 1351 1008 Ostiensi.
1377 977 1423 1009 cf.
1447 987 1496 1019 ep.
1521 977 1571 1015 23,
1600 979 1630 1009 3.
1664 977 1715 1008 De
1739 976 1867 1008 Lamiae

104 1033 219 1063 ‹ticero
242 1032 344 1072 igitur
366 1037 470 1071 rogat,
502 1040 583 1061 num
617 1028 742 1071 Oppius
774 1035 805 1060 et
838 1028 963 1060 Balbus
982 1021 984 1062 !
1010 1032 1113 1063 hortis
1135 1032 1185 1066 21,
1209 1032 1228 1062 2
1250 1036 1282 1063 et
1304 1031 1355 1068 22,
1378 1034 1407 1064 3,
1430 1051 1471 1055 -
1492 1031 1710 1073 Damasippus,
1732 1032 1789 1072 qui
1811 1041 1867 1062 no-

103 1090 187 1120 illud
219 1089 442 1120 Faberianum
479 1088 541 1119 sibi
575 1092 738 1128 praestare
775 1086 889 1123 velint,
931 1090 963 1116 et
983 1079 985 1108 ἶ
1010 1086 1155 1117 minatur
1176 1095 1288 1117 rursus
1310 1095 1359 1127 ep.
1383 1087 1432 1123 33,
1459 1086 1473 1116 1
1502 1092 1535 1117 et
1550 1085 1634 1116 Fam
1664 1085 1802 1116 V11.23
1818 1091 1867 1116 est

103 1144 258 1184 quoniam
281 1143 413 1174 videbat
429 1151 484 1173 eos
504 1152 570 1173 non
588 1147 692 1172 totam
709 1150 872 1171 summam
887 1144 962 1170 ante
983 1173 986 1194 ἴ
1011 1140 1108 1179 idem,
1131 1149 1230 1181 quem
1257 1139 1417 1171 Horatius
1447 1139 1562 1171 derisit
1593 1139 1660 1171 Sat.
1688 1139 1734 1170 ΙΙ.
1765 1140 1795 1170 3.
1817 1138 1867 1170 De

102 1200 188 1230 diem
219 1199 384 1229 soluturos
416 1207 495 1235 esse,
526 1202 619 1236 rogat
650 1197 799 1227 Atticum
837 1203 873 1226 ut
903 1204 958 1226 eos
984 1202 985 1208 ¹
1010 1203 1046 1224 eo
1068 1193 1134 1224 vid.
1155 1192 1254 1223 Estre
1264 1192 1298 1224 in
1316 1202 1503 1234 prosopogr.
1526 1192 1641 1223 Horat.
1658 1203 1686 1233 p.
1704 1191 1761 1223 161
1777 1201 1868 1232 seqq.

694 1301 831 1343 XXX.
896 1303 961 1354 (A.
1004 1300 1048 1341 U.
1087 1301 1129 1341 C.
1168 1301 1286 1352 709.)

169 1424 208 1464 1.
255 1422 412 1474 Quaero
457 1419 563 1477 quod
598 1419 647 1461 ad
681 1424 720 1460 te
754 1417 940 1467 scribam,
989 1415 1056 1457 sed
1091 1415 1193 1456 nihil
1226 1421 1299 1456 est.
1335 1413 1484 1455 Eadem
1522 1413 1715 1469 quotidie.
1752 1414 1870 1466 Quod

104 1495 321 1537 Lentulum
365 1494 519 1544 invisis,
556 1492 669 1534 valde
703 1497 876 1546 gratum.
922 1489 1073 1529 Pueros
1107 1487 1282 1529 attribue
1316 1487 1353 1527 ei
1387 1493 1485 1541 quot
1518 1493 1558 1528 et
1590 1502 1689 1542 quos
1718 1487 1870 1528 videbi-

105 1575 184 1611 tur.
230 1569 290 1611 De
324 1568 411 1611 Silii
445 1568 650 1609 voluntate
683 1563 882 1607 vendendi
917 1568 957 1604 et
991 1561 1038 1602 de
1077 1577 1137 1612 eo,
1173 1561 1328 1617 quanti,
1362 1565 1408 1602 tu
1442 1560 1567 1602 vereri
1600 1559 1761 1612 videris,
1795 1561 1874 1616 pri-

69 1658 83 1684 5
105 1658 215 1684 mum
254 1659 303 1684 ne
347 1641 463 1692 nolit,
508 1639 652 1682 deinde
697 1654 746 1679 ne
779 1637 897 1679 tanti.
934 1635 1047 1676 Sicca
1082 1634 1220 1685 aliter;
1255 1633 1324 1675 sed
1357 1633 1433 1675 tibi
1467 1634 1674 1675 assentior.
1723 1634 1872 1686 Quare,

110 1722 151 1757 ut
183 1716 218 1757 ei
250 1716 418 1772 placuit,
452 1715 591 1770 scripsi
626 1713 676 1755 ad
710 1711 947 1767 Egnatium.
981 1709 1099 1761 Quod
1135 1709 1257 1751 Silius
1290 1714 1330 1750 te
1364 1723 1455 1749 cum
1479 1707 1619 1749 Clodio
1641 1708 1751 1763 loqui
1770 1708 1870 1759 vult,

108 1795 220 1847 potes
262 1789 304 1831 id
354 1804 440 1831 mea
473 1789 678 1830 voluntate
713 1786 856 1836 facere,
892 1782 1220 1838 commodiusque
1254 1787 1314 1823 est
1347 1797 1481 1837 quam,
1516 1781 1624 1837 quod
1656 1779 1723 1822 ille
1757 1796 1779 1822 a
1812 1796 1873 1822 me

109 1864 222 1920 petit,
256 1879 318 1905 me
351 1865 484 1920 ipsum
518 1861 689 1904 scribere
723 1860 775 1901 ad
808 1858 1011 1900 Clodium.
1048 1860 1088 1899 2.
1122 1856 1183 1898 De
1217 1856 1428 1912 mancipiis
1463 1855 1735 1907 Castricianis,
1769 1871 1875 1897 com-

111 1937 386 1980 modissimum
420 1952 504 1979 esse
538 1936 655 1977 credo
689 1933 908 1988 transigere
945 1931 1179 1987 Egnatium,
1215 1930 1321 1986 quod
1361 1929 1502 1971 scribis
1534 1933 1573 1970 te
1606 1929 1664 1970 ita
1695 1928 1876 1970 futurum

55 2034 90 2059 10
111 2017 264 2067 putare.
313 2011 416 2052 Cum
450 2010 552 2052 Ovia
595 2025 742 2065 quaeso
777 2007 867 2048 vide
903 2011 948 2048 ut
980 2005 1229 2047 conficiatur.
1279 2004 1576 2056 Quoniam,.ut
1609 2002 1765 2054 scribis,
1799 2018 1876 2044 nox

113 2090 210 2136 erat,
243 2085 287 2126 in
319 2085 514 2126 hodierna
549 2083 717 2138 epistola
750 2082 865 2137 plura
899 2084 1100 2135 exspecto.
1183 2086 1186 2087 ’

155 2243 174 2272 2
200 2242 334 2283 Quaero,
358 2240 435 2282 quid
457 2258 496 2262 —

160 2390 178 2430 ξ
202 2389 230 2420 1.
256 2388 360 2429 Quare
382 2406 422 2412 —
445 2386 556 2427 scripsi
577 2386 622 2417 ad
644 2385 820 2427 Eymzlimn,
845 2392 880 2415 ut
900 2394 975 2414 cum
996 2400 999 2433 ἶ
1024 2388 1159 2414 vocatur
1176 2382 1390 2424 Hermoyenes
1408 2392 1426 2414 e
1442 2381 1543 2413 XIII.
1563 2382 1604 2413 24
1619 2381 1776 2422 suspicari
1796 2380 1883 2411 licet.

121 2442 228 2473 Druso
250 2442 290 2472 de
313 2441 383 2472 eius
405 2440 509 2471 hortis
533 2445 652 2480 ageret.
675 2438 717 2469 cf.
742 2448 791 2479 ep.
814 2438 863 2475 31,
887 2438 916 2468 2.
1067 2437 1085 2476 ξ
1107 2436 1136 2467 2.
1160 2436 1208 2466 De
1230 2436 1395 2476 mancipiis
1421 2435 1641 2466 Castricianis.
1666 2434 1706 2465 cf.
1724 2443 1773 2474 ep.
1789 2433 1839 2470 28,
1854 2434 1883 2463 3.

165 2495 235 2525 Cum
260 2493 374 2525 Clodio.
403 2493 555 2525 Eundem
577 2500 657 2529 esse,
680 2492 736 2532 qui
761 2492 794 2522 in
829 2500 895 2531 seq.
927 2500 977 2531 ep.
999 2500 1002 2527 1
1025 2490 1075 2521 De
1098 2490 1233 2530 negotio
1256 2499 1332 2520 cum
1355 2489 1439 2522 Ovia
1461 2498 1510 2529 ep.
1534 2488 1584 2525 21,
1607 2490 1628 2519 4
1650 2493 1682 2519 et
1704 2488 1753 2523 24,
1778 2487 1807 2517 l.

700 2596 862 2639 XXXI.
929 2598 993 2650 (A.
1036 2597 1080 2638 U.
1118 2598 1161 2637 C.
1199 2597 1314 2649 709.)

197 2719 236 2758 l.
270 2716 411 2758 Silium
455 2719 628 2756 mutasse
662 2713 898 2755 sententiam
933 2712 1046 2754 Sicca
1079 2710 1313 2752 mirabatur.
1358 2708 1557 2764 Equidem
1590 2709 1716 2764 magis
1749 2708 1884 2758 miror,

131 2789 251 2845 quod,
286 2803 409 2844 quum
441 2788 484 2828 in
518 2786 643 2828 filium
676 2784 1079 2835 causam-conferret,
1113 2798 1215 2838 quae
1249 2782 1348 2823 mihi
1381 2797 1462 2823 non
1480 2782 1630 2824 iniusta
1645 2781 1802 2823 videtur
1827 2806 1884 2810 —

175 2950 194 2989 ξ
219 2950 246 2980 1.
271 2948 418 2990 Equidem
446 2967 486 2971 —
507 2947 704 2978 venditurum
727 2956 760 2977 o:
788 2946 864 2977 Non
887 2945 989 2976 miror
1033 2946 1219 2978 abalienare
1247 2945 1367 2986 cupiat.
1412 2945 1538 2976 Verba:
1567 2955 1658 2987 quum
1686 2944 1724 2975 ab
1754 2943 1822 2984 ipso
1852 2943 1888 2974 id

136 3002 257 3033 Silium
287 3002 392 3033 invito
425 3001 494 3032 filio
526 3001 613 3031 bono
642 2999 849 3030 adolescente
876 2998 989 3029 hortos
1025 3000 1133 3041 ficerit
1149 2999 1338 3030 destinatum
1351 2998 1538 3030 Gronovius
1547 2999 1792 3040 interpretatur:
1812 2997 1889 3029 nubi

137 3056 227 3087 nolle
248 3056 399 3092 vendere,
423 3055 480 3086 sed
501 3054 612 3090 miror,
634 3053 722 3093 quod
743 3051 857 3083 scribis
879 3056 911 3082 te
933 3061 989 3092 pu·
1032 3052 1150 3094 abipso
1164 3053 1246 3084 hunc
1262 3053 1362 3084 locum
1375 3052 1559 3084 emerimm''
1570 3057 1602 3084 et
1616 3052 1777 3093 exemplis
1791 3051 1888 3083 Plan-

138 3114 206 3139 tare
228 3108 324 3139 illurn
346 3112 456 3138 tamen
486 3116 541 3137 eos
575 3106 796 3143 venditurum,
830 3105 857 3136 si
890 3104 988 3135 simul
1033 3107 1111 3138 tinis
1134 3107 1306 3138 ostendere
1332 3106 1456 3137 studuit
1486 3105 1646 3137 destinare
1674 3114 1744 3137 esse
1778 3114 1887 3142 emere,

141 3171 248 3192 emero
271 3162 359 3192 alind
383 3160 560 3200 praedium,
596 3170 613 3188 a
638 3169 695 3199 7⁷10
717 3158 868 3199 ref'uyiaf,
901 3158 989 3198 qnod
1027 3169 1155 3200 parare,
1180 3159 1211 3189 id
1234 3159 1321 3199 quod
1344 3159 1452 3189 visum
1474 3168 1605 3199 quoque
1627 3159 1738 3189 Nonio
1761 3169 1790 3199 p.
1815 3158 1885 3189 289.
