2062 3565
679 156 786 198 LIB.
821 157 944 200 XIII.
980 157 1062 200 ΕΡ.
1101 160 1171 200 41.
1209 162 1279 200 42.
1776 165 1858 205 257

93 293 245 350 sumpsi
278 291 471 348 quiddam
505 292 553 333 de
586 298 657 334 tua
690 293 931 348 eloquentia.
968 294 1074 336 Nam
1107 295 1231 336 tacui.
1268 298 1324 337 At
1345 295 1437 337 illc:
1469 296 1578 348 ..Sed
1602 311 1664 339 mc
1689 298 1859 340 maxime

94 368 206 424 angit
237 366 506 409 avunculus.”
540 367 775 419 Quidnam?
809 368 988 423 inquam.
1030 369 1183 421 ''Quod
1219 369 1366 421 mihi,'’
1388 370 1537 426 inquit,
1567 399 1588 423 ,s
1601 371 1729 413 iratus
1752 371 1858 413 est.”

93 441 174 484 Cur
206 440 378 497 pateris?
413 441 592 495 inquam.
641 441 751 483 Malo
784 442 892 484 enim
926 442 982 484 ita
1015 442 1146 484 dicere
1180 459 1300 498 quam
1335 459 1406 486 cur
1438 446 1683 487 committis?
1729 474 1750 498 ,Ι
1761 446 1857 488 Non

94 514 265 572 patiar’'‚
298 514 445 570 inquit,
487 529 681 565 'scansam
715 514 822 557 enim
855 515 1039 558 tollam.''
1074 518 1127 558 Et
1161 532 1258 573 ego:
1297 518 1533 561 Rectissime
1567 518 1744 575 quidem.
1779 518 1856 561 Sed

92 590 125 631 si
168 604 286 645 grave
326 603 408 632 non
452 594 525 639 est,
571 589 687 630 velim
730 590 829 631 scire
864 589 961 644 quid
995 591 1048 632 sit
1082 606 1238 632 causae.

93 655 211 718 quam
245 661 447 712 ducerem,
488 676 570 702 non
608 661 901 704 satisfaciebam
936 664 1068 714 matri,
1103 664 1161 705 ita
1194 679 1243 705 ne
1278 664 1337 706 illi
1371 665 1549 720 quidem.
1601 667 1723 708 Nunc
1756 667 1860 708 nihil

94 736 191 778 mihi
234 737 337 778 tanti
381 742 455 778 est.
507 736 667 778 Faciam
712 737 820 793 quod
868 738 1056 780 volunt.''
1108 738 1294 780 Feliciter
1339 739 1471 791 velim,
1515 741 1695 795 inquam,
1741 747 1860 797 teque

92 810 225 852 laudo.
260 810 337 854 Sed
371 810 559 866 quando?
609 839 628 862 ῃ
641 811 758 853 Nihil
791 811 841 853 ad
875 812 984 863 me‚''
1017 813 1165 868 inquit,
1215 813 1295 864 nde
1329 818 1520 869 tempore,
1555 815 1744 870 quoniam
1778 830 1860 856 rem

94 883 262 940 probo.”
296 887 353 926 At
384 899 472 940 ego,
505 885 686 941 inquam,
721 901 863 927 censeo
896 886 1022 942 prius,
1058 901 1177 940 quam
1211 887 1487 942 proficiscaris,
1530 888 1595 930 Ita
1627 888 1731 944 patri
1764 904 1862 944 quo-

92 974 168 1013 que
215 973 362 1000 morem
406 959 589 1013 gesseris.
641 959 886 1010 ,slf'aciam‚’'
926 959 1075 1015 inquit,
1127 966 1206 1010 [sut
1239 960 1422 1001 censes.”
1473 960 1553 1002 Hic
1587 960 1771 1017 dialogus
1805 962 1862 1004 sic

92 1031 304 1074 conclusus
346 1037 420 1074 est.
472 1035 512 1074 2.
558 1032 636 1074 Sed
681 1033 781 1075 heus
829 1039 889 1084 tu,
935 1032 1040 1075 diem
1087 1048 1221 1075 meum
1265 1034 1342 1075 scis
1382 1049 1465 1075 esse
1511 1048 1580 1077 111.
1630 1037 1738 1077 Non.
1773 1036 1862 1078 Ian.

93 1105 238 1147 Aderis
282 1105 422 1161 igitur.
468 1107 510 1146 3.
558 1106 800 1162 Scripseram
847 1106 949 1147 iam:
996 1121 1087 1148 ecce
1129 1106 1220 1158 tibi,
1269 1112 1355 1169 orat
1399 1107 1577 1163 Lepidus
1610 1115 1656 1150 ut
1689 1110 1861 1150 veniam.

94 1180 248 1235 Opinor
281 1194 454 1235 augures
479 1179 505 1223 †
526 1179 586 1220 nil
608 1178 755 1221 habere
779 1179 830 1221 ad
853 1179 1048 1235 templum
1072 1179 1290 1221 effandum.
1324 1180 1452 1221 Eatur
1487 1181 1512 1225 †
1532 1180 1666 1225 ΜΙΑ
1672 1179 1758 1225 CK
1758 1178 1865 1226 OP-

98 1248 189 1297 ΔΟ
199 1254 243 1296 Υ.
282 1252 522 1295 Videbimus
554 1258 595 1294 te
627 1253 767 1308 igitur.

136 1402 155 1442 ξ
177 1402 206 1433 2.
228 1401 319 1434 Diem
342 1413 440 1435 meum
461 1403 617 1436 natalem.
654 1402 817 1435 Similiter
837 1401 955 1435 Graeci

91 1452 155 1491 τὴν
181 1453 315 1503 ἡμέραν
344 1458 508 1489 vocabant
528 1453 574 1490 τὰ
600 1454 784 1502 γενέθλια.
824 1457 866 1490 cf.
888 1458 956 1490 He-

93 1508 227 1549 sychius
250 1509 285 1540 in
308 1519 340 1541 v.
361 1507 474 1555 ἡμέρα
496 1516 530 1542 et
552 1510 628 1542 intt.
651 1511 692 1560 ad
714 1521 792 1543 eum
814 1511 934 1542 locum.

137 1566 156 1607 ξ
179 1567 208 1598 3.
234 1565 350 1607 Opinor
371 1577 508 1609 auqures
529 1567 578 1600 nil
598 1568 713 1600 habere
735 1569 780 1600 ad
811 1569 955 1609 templum

95 1619 264 1663 effandum.
288 1617 469 1653 'Manutius
503 1622 608 1664 expl.:
646 1636 660 1649 u
673 1621 779 1654 Credo
814 1632 956 1664 augures

94 1673 180 1706 nihil
202 1674 333 1713 habere,
355 1676 446 1717 quod
477 1681 656 1717 opponant.
700 1676 796 1715 Nam,
827 1677 855 1708 si
877 1677 957 1718 quid

94 1727 286 1766 obiicerent,
308 1737 375 1770 quo
397 1729 508 1760 minus
533 1729 647 1761 liceret
670 1728 763 1760 effari
785 1729 956 1771 templum,

95 1790 158 1822 ego
180 1791 248 1812 non
271 1783 486 1814 accerserer.''
529 1781 596 1814 Sed
617 1783 664 1814 sic
687 1783 808 1814 callida
830 1783 958 1816 ratione

96 1833 257 1866 formulae
278 1834 328 1866 nil
350 1835 464 1866 habere
485 1835 530 1866 ad
553 1836 678 1878 aliquid
691 1836 845 1878 ayendum
859 1837 958 1878 plane

98 1898 184 1920 nova
219 1889 418 1930 significatio
449 1890 632 1922 subiicitur.
677 1891 794 1933 Neque
829 1892 959 1924 admitti

96 1948 234 1984 possunt
255 1943 465 1976 coniecturae
488 1943 647 1983 Schutzii,
665 1946 722 1986 qui
735 1946 792 1978 vel
809 1956 958 1986 auyurem

98 1997 218 2029 nullum
240 1998 295 2030 vel
317 2010 454 2041 auqures
478 1999 598 2031 nullum
631 2001 744 2032 habere
777 2001 959 2044 legendum

97 2052 241 2093 putabat,
263 2053 353 2093 quod
374 2053 477 2084 miror
498 2064 567 2085 non
589 2054 798 2096 displicuisse
812 2054 959 2097 Sauppio

98 2104 133 2136 in
155 2105 232 2136 Ind.
253 2103 309 2137 Gr.
331 2105 405 2138 Lat.
427 2116 459 2148 p.
483 2107 534 2138 64.
556 2106 689 2139 Scribe:
727 2107 842 2149 Opinor
865 2119 960 2151 auqu-

98 2170 150 2191 res
171 2161 240 2192 vult
262 2161 377 2193 habere
398 2161 444 2193 ad
462 2163 606 2204 templum
629 2163 797 2206 effandum,
820 2169 853 2196 et
865 2175 960 2206 prop-

100 2219 189 2246 terea
211 2224 265 2246 me
279 2219 359 2253 orat,
376 2220 413 2246 ut
424 2216 568 2248 veniam.
595 2215 750 2258 Templum
763 2217 859 2260 effari
881 2218 962 2259 quid

62 2291 66 2296 .
100 2274 195 2306 esset,
217 2269 332 2301 docuit
352 2268 490 2302 Servius
513 2271 554 2302 ad
574 2270 664 2302 Aen.
687 2271 715 2302 I.
738 2272 801 2302 450
822 2271 875 2303 his
890 2281 962 2305 ver-

102 2320 171 2352 bis:
194 2321 329 2363 Antiqui
349 2322 445 2354 aedes
466 2332 578 2354 sacra-5
598 2323 647 2354 ita
667 2325 782 2366 templa
790 2324 962 2366 faciebant

102 2374 159 2414 (cf.
186 2375 293 2407 Varro
315 2385 366 2418 ap.
389 2375 477 2408 Gell.
504 2376 604 2409 XIV.
637 2377 682 2420 7),
718 2381 754 2410 ut
786 2378 876 2420 prius
902 2390 963 2420 per

102 2440 238 2472 auqures
259 2430 346 2462 locus
367 2430 559 2463 liberaretur
582 2433 805 2475 effareturqw,
828 2436 892 2466 tum
906 2434 962 2466 de-

103 2496 182 2516 mum
203 2495 224 2516 a
243 2485 443 2527 pontificibus
471 2489 710 2519 consecraretur
738 2499 778 2520 ac
803 2491 877 2529 post
908 2489 963 2520 ibi-

103 2538 174 2570 dem
196 2549 291 2572 saera
312 2539 512 2572 edicerentur
546 2541 601 2573 Ex
617 2542 773 2574 omnibus
784 2548 895 2575 autem
910 2553 963 2576 ve-

103 2597 210 2624 terum
236 2592 326 2631 locis,
349 2603 430 2636 quos
453 2595 594 2626 contulit
617 2595 789 2627 Manutius
812 2597 853 2628 ad
873 2597 907 2627 h.
929 2597 964 2635 1.,

105 2647 218 2679 nullus
239 2647 305 2679 huc
327 2648 480 2689 pertinet,
501 2649 660 2690 quoniam
681 2651 796 2691 templa
819 2651 866 2682 ibi
887 2658 965 2683 sunt

106 2700 190 2731 caeli
230 2701 383 2741 regiones
413 2702 567 2743 augurali
595 2702 679 2733 lituo
709 2704 901 2745 descriptae.
924 2723 966 2729 —

108 2753 224 2784 Unum
246 2758 346 2786 restat
367 2756 594 2796 quaerendum
615 2756 656 2787 de
671 2764 736 2796 quo
756 2757 880 2798 templo
891 2767 967 2798 aga-

109 2812 173 2837 tur.
204 2806 277 2838 Alii
298 2806 381 2838 falsa
410 2807 621 2849 sequentium
651 2809 829 2841 verborum
858 2810 966 2852 specie

109 2859 238 2901 decepti
259 2867 382 2892 vocant
402 2861 566 2902 templum
595 2861 740 2901 Saturni,
770 2864 919 2905 plerique
949 2874 967 2897 e

110 2914 201 2948 Suet.
224 2916 289 2948 Iul.
319 2918 362 2948 44
394 2917 459 2948 huc
492 2923 613 2949 vocant
644 2919 806 2960 templum
839 2920 967 2958 Martis,

111 2970 199 3011 quod
221 2969 343 3002 Caesar
365 2977 540 3003 exstruere
561 2971 739 3012 cogitabat.
774 2972 848 3014 Ego
881 2974 969 3015 cogi-

111 3027 180 3055 tare
202 3024 319 3055 malim
340 3025 381 3056 de
409 3024 534 3065 templo
565 3023 758 3065 Felicitatis,
787 3027 876 3068 quod
903 3027 970 3059 Dio

112 3075 242 3109 XLIV.
265 3079 282 3109 5
306 3083 418 3110 narrat
438 3078 500 3110 hoc
522 3078 594 3120 ipso
616 3089 705 3112 anno
726 3090 746 3112 a
762 3080 890 3123 Lepido
905 3092 971 3113 ma-

112 3130 214 3170 gistro
237 3132 387 3173 equitum
410 3137 616 3164 exstructum
638 3133 750 3167 fuisse.
789 3133 972 3176 occupavit

113 3183 223 3214 locum
245 3185 365 3216 veteris
387 3185 497 3216 curiae
528 3185 692 3217 Hostiliae
724 3187 757 3218 in
792 3186 864 3217 foro
894 3187 974 3219 an-

179 3239 236 3282 II.

1000 1401 1082 1433 saris
1111 1400 1240 1442 fuitque
1271 1401 1343 1434 sine
1373 1401 1475 1432 dubio
1505 1401 1673 1433 diversum
1711 1401 1752 1432 ab
1785 1401 1866 1433 aede

999 1455 1206 1493 Felicitatis,
1243 1465 1344 1496 quam
1389 1455 1552 1486 Lucullus
1597 1455 1773 1487 dedicarat.
1816 1454 1861 1487 Cf

1000 1508 1120 1540 Dionis
1162 1508 1280 1549 fragm.
1336 1507 1495 1540 LXXXI
1526 1509 1559 1540 in
1594 1509 1670 1540 edit.
1704 1508 1863 1540 Reimari.

1001 1562 1070 1595 Cic.
1095 1563 1194 1594 Verr.
1216 1562 1280 1594 IV.
1302 1564 1330 1593 4.
1368 1562 1459 1594 Plin.
1484 1563 1528 1594 H.
1551 1563 1594 1594 N.
1618 1553 1793 1595 XXXIV.
1815 1562 1868 1593 69.

1002 1616 1174 1648 XXXVI.
1199 1617 1239 1648 39
1263 1616 1340 1648 Sill.

1043 1669 1145 1701 Eatur
1165 1670 1471 1703 ΜῙΑΟΚΟΡΔΟΥ.
1498 1669 1550 1701 Ita
1575 1669 1655 1701 Mss.
1680 1670 1768 1707 dant,
1786 1679 1870 1711 quae

1002 1727 1086 1759 alius
1109 1728 1216 1759 editor
1238 1728 1337 1760 aliter
1359 1727 1525 1768 corrigere
1548 1727 1684 1758 studuit.
1710 1727 1750 1758 In
1769 1725 1867 1759 Grae-

1002 1781 1048 1812 cis
1070 1791 1124 1813 res
1151 1782 1233 1813 bene
1254 1782 1354 1814 cessit
1377 1782 1406 1813 I.
1428 1781 1467 1813 F.
1490 1780 1672 1818 Gronovi0‚
1696 1781 1754 1821 qui
1778 1790 1869 1822 repo-

1004 1833 1070 1865 suit
1092 1834 1229 1881 μὶασμα
1259 1831 1376 1880 δρυός,
1424 1834 1513 1876 quod
1545 1834 1634 1865 idem
1668 1834 1702 1864 iu
1749 1833 1871 1866 Suidae

1004 1887 1134 1919 Lexico
1168 1888 1386 1930 depravatum
1423 1892 1471 1919 est
1505 1887 1540 1918 in
1571 1885 1674 1931 μυίας
1703 1883 1867 1931 δάκρυον,

1005 1949 1043 1975 ut
1067 1944 1101 1975 in
1127 1944 1290 1985 Hesychii
1312 1945 1441 1977 Lexico
1462 1939 1544 1986 μιάς
1568 1949 1617 1976 est
1638 1945 1871 1985 compendium

1005 2008 1066 2039 pro
1090 1996 1242 2043 μίασμα.
1268 1999 1347 2030 Fuit
1369 1998 1582 2040 proverbium
1595 1996 1767 2033 Graecum,
1783 1995 1871 2036 quod

1006 2055 1195 2096 explicatur
1207 2056 1244 2087 in
1262 2055 1578 2097 Paroemiographis
1593 2053 1725 2086 Graecis
1740 2063 1757 2084 a
1772 2053 1870 2084 Leut-

1007 2109 1098 2140 schio
1132 2115 1165 2140 et
1201 2108 1458 2141 Schneidewino
1492 2109 1587 2141 editis
1617 2108 1645 2139 I.
1674 2108 1746 2139 434.
1787 2107 1872 2150 Δρῦς

1008 2172 1056 2198 est
1079 2175 1219 2207 quercus
1241 2166 1316 2198 Iovi
1337 2167 1519 2200 Dodonaeo
1542 2178 1642 2205 sacra,
1659 2166 1750 2198 cuius
1765 2164 1871 2206 prima

1008 2219 1134 2251 mentio
1170 2220 1207 2250 fit
1242 2219 1277 2251 in
1314 2220 1454 2252 Homeri
1489 2220 1637 2262 Odyssea
1666 2219 1766 2251 XIV.
1800 2217 1872 2248 328.

1008 2271 1155 2319 Μίασμα
1184 2269 1286 2319 δρυός
1309 2279 1359 2305 est
1379 2273 1547 2315 piaculum
1571 2273 1604 2304 in
1624 2271 1793 2305 oraculum
1808 2270 1871 2302 Do·

1008 2333 1173 2364 donaeum
1196 2342 1215 2363 a
1237 2331 1408 2364 Thebanis
1429 2331 1659 2368 commissum,
1681 2331 1721 2362 de
1743 2339 1810 2370 quo
1823 2328 1870 2359 vi-

1009 2387 1137 2418 dendus
1159 2396 1291 2428 quoque
1313 2386 1481 2418 Zenobius
1503 2387 1552 2418 Π.
1581 2387 1632 2424 84,
1667 2384 1775 2426 operis
1804 2383 1871 2414 lau-

1009 2440 1077 2472 dati
1099 2451 1130 2482 p.
1154 2441 1203 2471 53.
1225 2440 1317 2471 Usus
1339 2445 1389 2472 est
1408 2440 1473 2472 hoc
1487 2439 1662 2482 proverbio
1676 2437 1818 2474 Tullius,
1836 2442 1873 2467 ut

1010 2500 1139 2527 notaret
1160 2494 1325 2536 flagitium
1348 2506 1367 2527 a
1396 2496 1525 2537 Lepido
1555 2494 1781 2530 commissum,
1815 2491 1871 2533 qui

1011 2559 1077 2590 quo
1110 2549 1184 2581 loco
1220 2549 1327 2581 fuerat
1363 2550 1453 2581 curia
1482 2549 1638 2586 Hostilia,
1669 2556 1758 2578 nunc
1781 2545 1872 2576 aliud

1010 2603 1173 2645 templum
1208 2603 1301 2634 effari
1330 2603 1472 2635 volebat.
1503 2602 1553 2635 Cf.
1585 2603 1626 2633 de
1657 2601 1766 2632 curiae
1789 2598 1872 2635 fatis,

1011 2666 1096 2698 quae
1118 2662 1230 2688 narrat
1252 2657 1422 2688 Beckerus
1444 2657 1480 2688 in
1514 2656 1633 2696 Antiq.
1662 2655 1758 2686 Rom.
1781 2653 1808 2683 Ι.
1842 2661 1872 2692 p.

1013 2709 1074 2741 330
1096 2719 1144 2751 sq.
1167 2709 1234 2742 Sed
1263 2712 1366 2747 eatur,
1396 2716 1434 2741 ut
1461 2709 1543 2740 olim
1574 2708 1684 2744 Bosio,
1717 2706 1762 2737 sic
1791 2704 1872 2736 mihi

1012 2764 1188 2796 offensioni
1210 2771 1269 2796 est.
1294 2765 1359 2796 Ille
1380 2764 1537 2796 coniecit:
1563 2762 1621 2794 Eia
1647 2764 1692 2800 tu,
1713 2760 1873 2802 quaefor·

1013 2817 1105 2848 mula
1126 2818 1213 2859 apud
1236 2817 1432 2849 Ciceronem
1455 2827 1543 2848 nova
1577 2822 1635 2853 est,
1666 2823 1774 2855 neque
1796 2812 1874 2843 satis

1013 2871 1163 2902 munitur
1185 2881 1233 2909 eo,
1265 2872 1355 2913 quod
1384 2872 1420 2902 in
1449 2871 1552 2912 Repb.
1588 2870 1652 2901 111.
1684 2869 1702 2899 8
1739 2867 1772 2898 in
1802 2865 1874 2896 cod.

1013 2924 1171 2965 rescripto
1193 2925 1367 2956 inventum
1389 2931 1455 2956 est:
1481 2923 1568 2955 Heia
1590 2933 1671 2954 vero.
1694 2921 1766 2960 Ego
1779 2918 1876 2950 credo

1015 2979 1174 3020 scriptum
1198 2979 1298 3011 fuisse
1321 2980 1438 3021 effatur
1449 2987 1485 3022 μ.
1498 2976 1529 3013 ὃ.
1553 2977 1640 3018 quod
1656 2975 1792 3006 verbum
1808 2982 1873 3003 nou

1017 3041 1091 3063 raro
1115 3025 1245 3073 passive
1268 3032 1354 3073 apud
1376 3037 1503 3063 veteres
1525 3034 1709 3069 usurpatur,
1734 3024 1874 3056 velutin

1014 3085 1115 3116 ,Vm-r.
1137 3086 1178 3117 de
1201 3085 1241 3116 L.
1265 3085 1303 3116 L.
1329 3085 1390 3116 VI.
1415 3086 1464 3121 53,
1488 3082 1581 3124 effari
1603 3079 1716 3120 lempla
1729 3077 1878 3109 dicuntur

1019 3137 1057 3168 ab
1079 3137 1258 3177 auqurihus.

1647 3243 1687 3280 15

1297 620 1318 643 u
1334 591 1455 644 Quia,
1490 592 1587 634 dum
1621 591 1858 634 dubitabam
1899 609 1913 632 a

1884 977 1917 1004 10
