2062 3565
118 129 202 169 232
519 128 601 168 ΕΡ.
637 128 711 168 AD
746 128 791 168 T.
827 125 1178 167 POMPONIUM
1212 124 1475 165 ATHCUM.

121 268 181 304 est
223 263 366 304 melius
409 262 644 318 quidquam,
693 276 813 316 quam
857 265 902 302 ut
947 259 1149 301 Lucilius:
1204 287 1223 309 ,f
1242 259 1444 300 Sustineat
1490 275 1659 310 currum,
1695 264 1740 300 ul
1773 260 1881 300 bonu'

685 335 715 353 ''
749 321 981 390 semperque
1025 331 1252 374 Carneades
1284 327 1538 391 προβολὴν
1570 332 1718 388 pugilis
1752 336 1792 373 et
1824 347 1884 373 re-

118 411 341 453 tentionem
374 409 534 465 aurigae
569 408 740 450 similem
773 407 871 449 facit
904 403 1311 465 ἐποχῆ1111111111510
1345 410 1478 448 autem
1511 406 1708 461 remigum
1730 410 1885 447 motum

119 483 240 526 habet
272 487 312 524 et
344 482 680 524 vehementiorem
704 480 865 536 quidem
886 479 1161 534 remigationis
1179 493 1321 520 navem
1342 479 1611 521 convertentis
1634 478 1685 520 ad
1701 478 1884 534 puppim.

86 573 100 598 ε
121 556 245 598 Vides
279 559 430 611 quanto
462 547 538 596 1106
572 554 808 609 diligentius
841 567 976 594 curem
1009 567 1128 606 quam
1162 556 1232 593 aut
1265 551 1313 593 de
1347 567 1506 593 rumore
1539 557 1609 594 aut
1632 552 1680 594 de
1703 552 1886 594 Polione.

119 631 180 672 De
225 631 357 672 Pansa
377 612 534 678 'etiam‚
577 628 610 669 si
644 627 742 682 quid
776 626 923 668 certius
958 650 1015 655 —
1050 625 1168 667 credo
1202 626 1309 668 enim
1341 626 1474 682 palam
1506 626 1660 668 factum
1693 642 1778 668 esse
1813 651 1886 678 —,

120 705 170 746 de
203 702 398 753 Critonio,
434 702 467 743 si
501 701 599 756 quid
633 706 736 743 esset
769 701 882 751 certi,
917 715 966 742 ne
1000 699 1049 741 de
1089 699 1254 742 Metello
1288 705 1329 741 et
1361 699 1550 742 Balbino.
1586 702 1627 741 4.
1662 699 1739 741 Dic
1772 698 1888 751 1111111,

99 773 302 834 'placetne
344 776 421 818 tibi
465 777 640 832 primum
685 775 800 818 edere
843 775 1002 816 iniussu
1042 775 1160 816 meo?
1205 775 1295 816 Hoc
1329 790 1379 816 116
1414 774 1690 816 Hermodorus
1724 773 1889 829 quidem

121 850 307 902 faciebat,
353 850 401 902 is,
448 851 518 906 qui
557 850 739 900 Platonis
784 848 908 890 libros
942 849 1084 890 solitus
1118 853 1178 890 est
1210 848 1432 904 divulgare,
1466 863 1514 889 ex
1547 863 1627 903 quo
1660 844 1890 908 λόγοισιν

68 938 104 964 1ο
123 916 453 983 “Ερμόδωρος.
492 922 603 975 Quid
636 922 766 964 illud?
799 927 1005 964 rectumne
1036 922 1240 963 existimas
1264 922 1454 977 cuiquam
1478 926 1570 963 ante
1593 936 1714 976 quam
1737 922 1891 963 Bruto?

123 998 189 1040 6111
220 1003 259 1039 te
293 1002 453 1040 auctore
487 997 775 1057 προςφωνῶ.
815 997 983 1052 Scripsit
1015 997 1124 1038 enim
1156 996 1308 1038 Balbus
1342 996 1392 1038 ad
1426 1012 1488 1038 me
1521 1011 1562 1038 se
1597 1011 1619 1037 a
1642 1000 1681 1037 te
1705 995 1892 1050 quintum

124 1072 172 1114 de
216 1071 388 1114 Finibus
430 1071 579 1113 librum
627 1070 897 1127 descripsisse,
947 1070 991 1112 111
1041 1086 1120 1127 quo
1168 1085 1249 1112 non
1303 1085 1397 1112 sane
1446 1070 1574 1112 multa
1619 1069 1788 1120 mutavi,
1824 1067 1893 1110 sed

124 1151 257 1187 tamen
305 1144 515 1201 quaedam.
570 1145 631 1186 Tu
677 1150 809 1185 autem
861 1143 1066 1185 commode
1117 1144 1270 1195 feceris,
1325 1144 1357 1185 si
1409 1144 1583 1199 reliquos
1630 1142 1893 1193 continueris,

125 1236 173 1262 116
217 1226 257 1262 et
296 1213 595 1278 ἀδιόρθωτα
630 1218 775 1259 habeat
814 1217 959 1259 Balbus
993 1227 1033 1259 et
1067 1215 1191 1261 ιωλα
1226 1219 1391 1260 Brutus.
1437 1218 1513 1260 Sed
1549 1218 1645 1260 11366
1679 1217 1894 1267 hactenus,

73 1309 105 1335 15
125 1309 175 1335 116
224 1292 359 1334 videar
405 1289 510 1350 περὶ
554 1289 714 1350 μικρά
759 1284 1072 1344 σπουδάζειν.
1124 1291 1213 1333 Etsi
1247 1306 1355 1332 nunc
1389 1291 1550 1346 quidem
1584 1293 1759 1334 maxima
1794 1291 1894 1333 mihi

127 1372 222 1410 sunt
254 1366 366 1408 11366.
400 1365 511 1418 Quid
544 1372 605 1407 est
637 1366 742 1407 enim
778 1365 917 1407 aliud?
952 1366 1123 1407 Varroni
1157 1365 1319 1420 quidem
1354 1380 1453 1420 quae
1487 1365 1628 1421 scripsi
1662 1372 1702 1408 te
1731 1371 1893 1407 auctore

117 353 230 391 saepe
263 336 445 390 opitulor,
478 351 679 391 equosque,

171 1534 185 1564 1
211 1531 362 1563 Lucullus
382 1549 424 1554 —
447 1533 464 1562 5
489 1531 634 1563 Pollione
658 1551 697 1554 —
722 1532 736 1564 ’ἶ
762 1533 788 1562 si
811 1531 887 1572 quid
907 1533 924 1565 †
945 1533 1043 1567 essem
1071 1533 1155 1562 certe
1179 1543 1216 1562 ue
1241 1549 1280 1554 —

174 1682 212 1713 Ut
235 1681 386 1713 Lucilz'us.
408 1680 508 1712 Recte
531 1679 716 1719 Malaspina
740 1678 912 1719 vulgatum
939 1678 996 1708 Lu·
1087 1677 1134 1708 De
1166 1678 1272 1709 Pausa
1303 1679 1394 1710 etiam
1424 1684 1486 1710 cet.
1516 1679 1592 1710 Nou
1623 1679 1705 1711 bene
1727 1679 1808 1711 haec
1830 1689 1901 1721 pro-

128 1735 230 1767 cullas
252 1735 298 1766 sic
320 1733 474 1765 correxit.
507 1733 594 1763 Nam
625 1741 708 1772 quae
733 1732 892 1771 leguntur
914 1731 997 1762 Aca·
1018 1762 1021 1768 ,
1043 1733 1173 1764 cedunt.
1211 1733 1283 1763 Hoc
1314 1733 1391 1763 satis
1421 1737 1547 1764 constat
1571 1731 1766 1764 Ciceronem
1789 1733 1830 1764 ad
1853 1736 1906 1770 ea,

128 1790 331 1822 demicorum
360 1789 382 1819 1.
413 1788 451 1819 l.:
482 1786 546 1828 Eyo
575 1786 665 1823 enim,
690 1788 722 1816 u!
745 1785 886 1827 ιιρὲίαιον
907 1776 1020 1835 σαψ-ὲ
1043 1796 1127 1827 quae
1164 1787 1248 1818 nihil
1284 1796 1396 1818 curare
1419 1796 1454 1818 se
1479 1787 1623 1825 simulat,
1652 1787 1772 1818 elicere
1794 1787 1898 1818 Attici

130 1843 199 1881 elus,
217 1842 399 1884 priusquam
423 1840 467 1872 ad
476 1842 576 1883 finem
600 1839 721 1871 veniam
735 1850 827 1882 equos
839 1839 997 1871 sustinebo
1018 1845 1020 1855 ’
1042 1849 1246 1880 responsum.
1269 1840 1393 1871 Totum
1416 1840 1526 1871 locum
1548 1840 1771 1881 superioribus
1787 1840 1900 1871 adiun-

131 1909 225 1940 eoque
247 1896 345 1939 nea-qis
366 1896 395 1926 si
417 1895 504 1927 locus
526 1894 563 1932 is,
580 1893 796 1936 quoferentur
811 1894 891 1936 equi,
900 1904 981 1935 prae
1042 1902 1155 1933 gerem
1177 1893 1222 1924 ita
1244 1899 1443 1924 correctum:
1469 1911 1508 1916 —
1531 1895 1587 1923 aut
1609 1893 1650 1924 cle
1672 1892 1780 1924 Pansa
1796 1892 1899 1931 etiam,

132 1962 203 1992 ceps
225 1950 287 1981 erit
310 1959 377 1980 non
402 1955 478 1980 sunt
509 1947 653 1984 Luculli,
677 1957 794 1979 verum
816 1947 919 1988 ipsius
943 1947 994 1978 Ci-
1016 1980 1018 2001 1
1041 1947 1069 1979 si
1098 1947 1174 1989 quid
1201 1948 1317 1979 certius
1347 1967 1387 1971 —
1419 1948 1511 1979 credo
1543 1947 1624 1978 enim
1653 1948 1761 1988 palam
1774 1947 1902 1988 factum

133 2004 270 2041 ceronis,
292 2008 324 2034 et
346 2002 403 2043 qui
426 2001 555 2032 additur
576 2010 691 2032 versus
713 2001 908 2032 hexameter
923 2000 995 2031 sine
1017 2007 1020 2038 ι
1042 2011 1108 2033 esse
1131 2021 1167 2026 ——
1194 2005 1250 2033 aut
1268 2002 1307 2033 de
1331 2002 1478 2040 Critonio,
1501 2002 1531 2033 si
1543 2002 1627 2044 quid
1647 2005 1727 2033 esset
1749 2003 1839 2041 certi,
1864 2014 1903 2034 ne

133 2058 233 2091 dubio
266 2062 314 2089 est
343 2056 477 2093 Lucilii,
511 2055 604 2086 cuius
647 2055 842 2086 auctoritate
881 2054 996 2086 Cicero
1042 2056 1081 2087 de
1110 2056 1239 2088 Metello
1268 2059 1298 2087 el
1330 2056 1464 2088 Balbino
1492 2056 1603 2088 dicam.
1642 2057 1718 2088 Hoc
1748 2057 1903 2089 ultimum

134 2121 223 2143 nunc
261 2109 392 2146 evincit,
425 2118 459 2140 se
488 2114 575 2140 recte
609 2107 667 2138 illa
689 2107 867 2148 scripsisse.
889 2106 930 2138 cs.
952 2108 996 2138 A.
1044 2110 1184 2140 verbum
1206 2116 1332 2150 poterat
1354 2110 1522 2141 absorberi
1545 2110 1647 2141 literis
1671 2119 1760 2152 seqq.
1784 2110 1834 2141 dia
1855 2122 1902 2148 m.,

135 2166 176 2197 B.
204 2164 357 2202 Krische,
386 2163 467 2194 iiber
499 2162 643 2193 Cicero's
667 2161 881 2192 Akademika
902 2172 933 2202 p.
960 2161 999 2191 14
1044 2164 1100 2194 sed
1123 2173 1189 2194 non
1213 2163 1310 2194 valde
1332 2163 1518 2204 requiritur.

136 2229 226 2260 seqq.
248 2219 365 2259 Itaque
388 2216 655 2258 supplementum
666 2214 997 2256 Moseri‚quiSymb-
1020 2214 1022 2220 ’
1088 2216 1106 2255 ξ
1129 2217 1157 2246 4.
1182 2215 1326 2246 Primum.
1350 2216 1425 2247 Non
1450 2217 1596 2257 sequitur
1617 2217 1731 2248 deinde
1754 2217 1806 2249 vel
1831 2219 1904 2255 tum,

138 2271 218 2304 Crit.
241 2271 303 2301 VI.
328 2280 359 2311 p.
382 2271 402 2300 4
424 2274 556 2310 propter
576 2268 724 2299 nominis
746 2267 1000 2298 similitudinem
1021 2263 1024 2298 l
1047 2268 1103 2298 sed
1126 2273 1247 2298 mutata
1271 2269 1417 2300 oratione
1440 2274 1551 2309 rogat:
1585 2269 1669 2310 Quid
1690 2269 1801 2300 illud?

139 2330 211 2367 post
242 2325 342 2356 verba
373 2334 462 2365 quam
485 2325 520 2353 ut
543 2322 693 2352 Lucullus
715 2321 877 2353 excidisse
900 2327 1001 2362 putat,
1088 2317 1253 2365 Αόγοισιν
1270 2311 1497 2366 ’Ἑρμόδωρος
1515 2319 1802 2368 56.ε’μπορεύεται.
1828 2322 1906 2353 Pro-

139 2382 173 2411 ιιι
196 2378 334 2421 loquitur
357 2376 499 2407 Lucilius
522 2375 650 2407 admitti
673 2385 740 2405 non
764 2381 880 2416 potest.
915 2375 1002 2405 Eun·
1024 2390 1025 2418 3
1050 2378 1200 2409 vei-bium
1229 2378 1398 2419 explicant
1427 2379 1590 2410 Zenobius
1621 2379 1716 2410 Cent.
1741 2379 1784 2410 V.
1817 2378 1845 2416 6,
1875 2385 1907 2410 et

139 2433 215 2464 dem
254 2441 332 2462 vero
367 2429 491 2461 Lucilii
524 2438 656 2459 versum
697 2428 844 2469 respexit
878 2427 1002 2465 CicerQ
1024 2423 1027 2463 Ε
1050 2430 1168 2462 Suidas
1191 2431 1224 2462 iu
1249 2441 1280 2462 V.
1302 2431 1529 2463 Hermodorus
1553 2432 1702 2463 Platonis
1725 2432 1855 2463 auditor
1869 2432 1906 2462 li-

142 2496 243 2528 quum
255 2485 290 2516 in
306 2484 422 2516 Laelio
439 2483 478 2514 63
490 2482 661 2513 scriberet:
680 2479 739 2511 Est
757 2480 856 2522 iyilur
865 2481 1004 2522 pruden-
1024 2466 1027 2502 i
1052 2485 1125 2514 bros
1148 2484 1298 2524 magistri
1321 2485 1354 2516 in
1379 2484 1528 2515 Siciliam
1550 2492 1696 2526 portasse
1707 2485 1820 2526 ibique
1832 2494 1908 2517 ven-

142 2540 184 2570 tis
205 2538 370 2574 sustinere,
393 2539 426 2567 ul
449 2546 582 2573 currum,
597 2534 742 2575 impetum
758 2534 1003 2565 benevolentiae.
1026 2548 1028 2556 ι
1050 2539 1171 2571 didisse
1193 2546 1354 2570 narratur,
1378 2540 1418 2570 cf,
1441 2540 1538 2571 docta
1559 2541 1670 2571 adnot,
1693 2540 1733 2570 L,
1753 2539 1791 2572 C,
1811 2539 1906 2570 Vale-

188 2587 504 2635 Προβολὴνμιρίῖιζς.
525 2583 792 2632 προβάλλεσθαι
805 2598 837 2622 et
847 2584 1000 2633 προβολή
1026 2594 1027 2614 ³
1050 2592 1198 2623 kenaerii
1219 2591 1259 2622 de
1272 2591 1380 2622 verbis
1398 2588 1652 2637 ἐμπορεύεσὲιαι
1664 2589 1907 2628 θῑκαπηλεύειν

145 2655 344 2690 115111Ῥ3ῃωι·
364 2647 405 2678 de
428 2645 606 2687 pugilibus,
632 2646 687 2686 qui
714 2646 843 2676 brachia
858 2651 1004 2686 praeten-
1050 2650 1085 2680 in
1097 2649 1287 2680 Hemsterh.
1304 2654 1335 2679 et
1353 2649 1470 2680 Valck.
1487 2651 1689 2683 orationibus
1701 2662 1731 2692 p.
1745 2652 1805 2682 408
1818 2660 1908 2692 seqq.

144 2705 237 2741 dunt,
259 2708 295 2733 ut
316 2701 430 2743 plagas
453 2699 629 2730 adversarii
652 2710 671 2729 a
692 2699 798 2740 capite
821 2704 853 2730 et
875 2705 1004 2740 pectore
1050 2702 1104 2734 vel
1127 2701 1246 2742 Opusc.
1271 2701 1335 2732 vol.
1359 2702 1404 2732 Π.
1430 2713 1459 2743 p.
1485 2703 1545 2734 319
1568 2713 1660 2745 seqq.

146 2763 304 2790 avertant.
328 2756 393 2787 vid.
416 2755 575 2786 Ernestus
598 2754 632 2785 in
656 2755 730 2786 Ind.
755 2753 824 2792 Gr„
855 2755 918 2785 intt
964 2756 1005 2785 ad
1097 2755 1196 2785 Bruto
1219 2774 1254 2778 -
1289 2758 1483 2799 προςφωνῶ,
1518 2758 1552 2789 111
1576 2757 1669 2788 libris
1691 2758 1731 2788 de
1756 2757 1908 2789 Finibus.

145 2813 305 2852 Harpoer.
320 2820 351 2840 v.
365 2803 663 2853 προβαλλομένους
689 2813 774 2838 extr.
796 2812 827 2838 et
850 2808 890 2838 ad
907 2807 1002 2839 Dem.
1091 2802 1314 2857 Ἀὃιόρθωτα
1332 2831 1372 2836 -
1389 2809 1491 2845 ἕωλα.
1525 2813 1600 2854 Ipse
1623 2813 1853 2854 intemretatur
1874 2813 1908 2843 in

146 2869 234 2901 Phil.
258 2869 285 2899 Ι.
308 2868 358 2898 40.
947 2858 953 2862 .
1051 2868 1211 2909 proximis
1234 2869 1336 2900 literis
1353 2869 1532 2900 incohatum
1555 2873 1587 2900 et
1608 2868 1908 2909 obsoletum,quam-

187 2923 234 2954 De
263 2932 385 2953 rumore
418 2931 450 2952 o:
482 2921 522 2952 de
551 2919 647 2957 fama,
681 2930 780 2961 quam
802 2930 869 2951 non
892 2930 1006 2952 curare
1052 2922 1102 2953 vis
1125 2922 1209 2953 illud
1232 2933 1298 2953 non
1322 2923 1419 2963 plane
1443 2923 1605 2954 adjectivo
1637 2921 1762 2953 Graeco
1793 2931 1910 2953 conve—

145 2986 179 3008 se
203 2975 333 3016 scripsit
355 2983 404 3015 ep.
426 2983 537 3015 super.
555 2973 574 3013 ξ
596 2974 627 3003 4.
1052 2975 1130 3012 niat,
1154 2976 1241 3016 quod
1264 2976 1387 3007 indicat
1409 2986 1471 3006 non
1493 2978 1674 3006 correctum.

188 3030 251 3058 Aut
275 3028 313 3058 de
336 3027 475 3058 Polione.
499 3026 697 3066 Ignoramus
720 3026 798 3066 quid
824 3026 864 3056 de
880 3024 915 3056 C.
931 3026 1005 3056 Asi-
1026 3037 1030 3066 ᾖ
1098 3028 1184 3065 Quid
1204 3030 1250 3058 est
1273 3028 1353 3059 enim
1371 3028 1491 3059 aliud?
1517 3042 1530 3055 u
1543 3028 1657 3059 Tacite
1670 3027 1818 3068 flagellat
1833 3027 1911 3060 Cae-

150 3084 205 3114 nio
229 3082 378 3120 Polione,
402 3081 459 3122 qui
482 3086 560 3112 tunc
583 3090 659 3111 cum
683 3080 821 3112 Caesare
838 3080 871 3110 in
887 3079 1005 3121 Hispa·
1026 3085 1030 3137 ἦ
1055 3091 1170 3119 sarem,
1193 3091 1250 3123 per
1272 3091 1371 3122 quem
1395 3081 1474 3113 viris
1497 3082 1539 3112 ad
1562 3091 1612 3113 res
1635 3081 1796 3121 gerendas
1827 3081 1912 3112 natis

148 3138 202 3170 nia
226 3143 303 3174 crat,
327 3137 386 3168 illo
410 3142 556 3177 tempore
579 3140 745 3166 narratum
768 3134 820 3166 sit.
1057 3135 1139 3166 nihil
1164 3144 1277 3176 gerere
1301 3135 1572 3167 concedebatur?
1594 3134 1792 3166 Gronovius.
2008 3146 2018 3152 ·
2057 3122 2062 3190 1
