2062 3565
94 1028 127 1052 10

95 1393 127 1418 15

95 1764 131 1788 20

150 136 234 176 366
555 136 637 176 ΕΡ.
672 135 747 175 AD
779 134 826 174 T.
861 133 1209 175 POMPONIUM
1242 132 1505 174 ATTICUM.

149 269 482 323 καθήκοντος.
521 268 641 320 Quod
675 269 724 309 de
756 268 1018 323 inscriptione
1051 267 1223 322 quaeris,
1256 282 1338 310 non
1369 266 1511 308 dubito
1545 268 1644 323 quin
1676 266 1908 321 καθῆκον

149 344 398 385 officium
445 342 511 392 sit,
559 342 637 382 nisi
687 340 785 396 quid
817 346 864 381 tu
897 340 1028 391 aliud;
1063 340 1132 382 sed
1165 340 1374 395 inscriptio
1407 340 1561 396 plenior
1594 341 1642 382 de
1676 340 1908 382 officiis.

150 414 447 474 ΙῙροςφωνῶ
494 418 627 455 autem
673 413 857 454 Ciceroni
898 411 994 454 filio.
1051 414 1193 454 Visum
1237 419 1297 454 est
1340 428 1422 454 non
1465 410 1732 459 a'volxetov.
1774 416 1815 455 5.
1849 414 1910 456 De

147 489 312 544 Myrtilo
363 486 553 529 dilucide.
606 486 642 527 O
685 486 822 541 quales
868 491 916 527 tu
948 501 1102 541 semper
1135 486 1256 527 istos!
1293 486 1408 527 Itane
1442 486 1485 527 in
1517 486 1569 527 D.
1604 487 1808 528 Brutum?
1841 487 1910 528 Dii

146 563 255 604 istis!
309 565 351 604 6.
402 562 490 616 Ego
539 575 616 611 me,
663 567 707 601 ut
750 560 998 614 scripseram,
1044 560 1088 601 in
1132 560 1423 615 Pompeianum
1472 574 1554 600 non
1597 559 1750 610 abdidi,
1784 560 1912 615 primo

147 633 469 692 tempestatibus,
518 633 664 688 quibus
708 633 767 674 nil
810 633 968 684 tetrius,
1015 632 1162 674 deinde
1207 632 1257 674 ab
1292 634 1513 675 Octaviano
1547 633 1726 689 quotidie
1759 634 1911 684 literae,

148 714 193 749 ut
226 708 433 763 negotium
467 707 726 762 susciperem,
761 706 940 762 Capuam
975 707 1164 756 venirem,
1199 707 1345 747 iterum
1378 722 1461 748 rem
1480 706 1681 762 publicam
1701 720 1911 755 servarem,

152 783 316 822 Romam
351 780 491 835 utique
526 781 678 822 statim.

367 922 381 927 -
422 890 662 940 αἴδεσθεν
695 893 794 953 μὲν
827 893 1150 951 α’νὴνασθαι,
1186 890 1362 940 ὸεῐσαν
1396 890 1441 938 δ’
1477 889 1784 954 ὑποδέχθαι.

148 1013 189 1054 Is
234 1017 367 1054 tamen
412 1012 495 1067 egit
540 1026 634 1053 sane
679 1017 839 1052 strenue
882 1016 922 1052 et
966 1011 1062 1065 agit.
1109 1011 1277 1051 Romam
1311 1011 1444 1052 veniet
1477 1027 1568 1053 cum
1601 1027 1723 1054 manu
1755 1027 1914 1066 magna,

148 1085 216 1127 sed
250 1091 311 1127 est
344 1085 460 1141 plane
494 1100 605 1140 puer.
641 1085 764 1126 Putat
796 1089 979 1125 senatum
1016 1085 1168 1125 statim.
1204 1084 1308 1129 Quis
1343 1085 1508 1126 veniet?
1543 1086 1586 1127 Si
1618 1086 1786 1138 venerit,
1810 1086 1913 1141 quis,

148 1158 311 1199 incertis
356 1157 490 1208 rebuS,
539 1157 714 1199 offendet
747 1158 1002 1199 Antonium?
1036 1158 1131 1199 Kal.
1166 1158 1255 1199 Ian.
1290 1158 1367 1199 erit
1399 1158 1564 1200 fortasse
1600 1159 1811 1214 praesidio,
1847 1165 1917 1201 aut

150 1230 311 1286 quidem
346 1236 438 1272 ante
472 1230 786 1285 depugnabitur.
821 1231 951 1272 Puero
984 1231 1207 1286 municipia
1229 1231 1327 1272 mire
1352 1231 1500 1273 favent.
1535 1232 1618 1273 Iter
1641 1232 1746 1274 enim
1765 1232 1915 1274 faciens

148 1305 192 1346 in
235 1305 441 1346 Samnium
487 1304 597 1345 venit
644 1304 773 1356 Cales,
819 1305 967 1346 mansit
999 1305 1137 1346 Teani.
1188 1305 1360 1346 Mirifica
1392 1302 1673 1359 ἀπάντησις
1706 1311 1746 1347 et
1778 1305 1916 1347 cohor-

149 1378 263 1419 tatio.
311 1378 399 1419 Hoc
444 1383 490 1418 tu
538 1380 725 1433 putares}>
771 1377 834 1419 Ob
880 1378 953 1419 hoc
987 1393 1059 1433 ego
1094 1378 1213 1419 citius
1247 1378 1427 1429 Romam,
1462 1393 1578 1432 quam
1614 1380 1912 1421 constitueram.

151 1452 278 1494 Simul
321 1458 361 1493 et
395 1451 655 1502 constituero,
701 1451 886 1492 scribam.
926 1453 964 1492 7.
1000 1452 1089 1493 Etsi
1121 1451 1303 1493 nondum
1336 1452 1614 1507 stipulationes
1647 1453 1820 1507 legeram
1855 1477 1912 1483 —

150 1541 223 1567 nec
256 1526 363 1567 enim
396 1525 496 1567 Eros
532 1530 692 1566 venerat
730 1550 804 1576 —,
840 1531 975 1568 tamen
1008 1541 1089 1567 rem
1108 1525 1236 1581 pridie
1259 1525 1358 1567 Idus
1382 1526 1501 1567 velim
1519 1527 1720 1568 conficias.
1754 1527 1913 1582 Episto-

149 1600 208 1641 las
248 1599 446 1649 Catinam,
493 1599 818 1650 Tauromenium,
854 1602 1069 1654 Syracusas
1103 1599 1351 1640 commodius
1385 1595 1544 1641 mittere
1578 1606 1729 1655 potero,
1765 1600 1799 1641 si
1834 1599 1911 1640 Va-

149 1673 271 1714 lerius
302 1673 497 1727 interpres
530 1671 580 1713 ad
613 1687 675 1712 me
710 1672 872 1713 nomina
903 1674 1167 1727 gratiosorum
1203 1673 1417 1728 scripserit.
1454 1673 1536 1714 Alii
1560 1673 1667 1714 enim
1686 1678 1782 1715 sunt
1800 1673 1912 1724 aliam,

150 1747 353 1801 nostrique
397 1746 611 1787 familiares
655 1746 734 1787 fere
779 1746 990 1788 demortui.
1040 1746 1206 1788 Publice
1253 1752 1388 1788 tamen
1429 1747 1583 1802 scripsi,
1631 1747 1664 1788 si
1698 1748 1759 1788 uti
1792 1746 1912 1788 vellet

151 1820 206 1861 eis
252 1820 450 1871 Valerius,
495 1828 566 1861 aut
609 1820 708 1861 mihi
755 1821 918 1862 nomina
952 1821 1142 1862 mitteret.
1180 1827 1220 1861 ὅ.
1258 1820 1317 1861 De
1351 1819 1585 1875 Lepidianis
1619 1821 1727 1862 feriis
1760 1820 1912 1862 Balbus

152 1894 201 1934 ad
244 1910 304 1935 me
347 1909 473 1948 usque
518 1894 567 1936 ad
614 1907 683 1935 111.
733 1894 906 1935 Kalend.
954 1893 1206 1949 Exspectabo
1252 1899 1342 1935 tuas
1375 1893 1523 1944 literas,
1559 1894 1687 1949 deque
1720 1894 1913 1950 Torquati

195 2069 212 2110 ξ
247 2074 276 2102 5.
307 2072 354 2102 De
386 2071 516 2113 Myrtilo
539 2080 599 2104 cet.
635 2073 726 2104 Ilaec
749 2083 816 2114 quo
839 2074 936 2104 modo
959 2083 1012 2104 ex.
1108 2069 1252 2100 Valerius
1280 2069 1444 2110 incer-prex.
1481 2068 1530 2100 Cf.
1567 2070 1594 2101 1.
1628 2070 1674 2107 12,
1709 2070 1737 2101 2.
1773 2070 1914 2102 Videtur

152 2124 314 2164 pedienda
335 2125 410 2162 sint,
433 2127 530 2157 docui
555 2127 593 2156 ad
621 2127 699 2157 XV,
724 2127 771 2164 13,
796 2128 825 2158 6,
1058 2123 1183 2164 aliquid
1207 2123 1330 2163 negotii
1353 2123 1386 2153 in
1410 2122 1523 2153 Sicilia
1552 2123 1705 2154 habuisse
1729 2128 1760 2154 et
1782 2133 1800 2154 a
1823 2122 1912 2154 Cice-

197 2180 222 2210 O
243 2181 352 2222 quales
373 2199 412 2203 -
436 2183 535 2212 istos!
559 2192 593 2212 o:
618 2194 637 2212 0
660 2193 759 2223 quam
774 2183 915 2213 Antonii
935 2182 1012 2212 ami.
1058 2186 1138 2207 rone
1161 2177 1302 2217 petiisse,
1324 2182 1359 2207 ut
1381 2176 1443 2206 sibi
1466 2176 1576 2206 literas
1599 2177 1690 2207 daret
1713 2177 1753 2207 ad
1772 2175 1912 2214 Siculos,

152 2243 206 2264 cos
229 2242 315 2266 recte
340 2236 511 2275 cognoscis
534 2243 566 2266 et
590 2246 665 2267 vere
687 2237 855 2267 describis
1035 2264 1036 2270 ἵ
1057 2230 1113 2270 qui
1145 2236 1213 2260 tuin
1244 2229 1347 2269 gratia
1377 2236 1408 2259 ct
1440 2229 1631 2261 auctoritate
1653 2229 1833 2270 plurimum
1858 2240 1912 2261 va-

194 2289 211 2326 ξ
236 2288 253 2317 6
293 2288 330 2318 Ut
352 2288 547 2329 scripseram,
570 2289 603 2320 in
627 2299 675 2330 ep.
701 2289 718 2321 7
741 2290 773 2320 h.
798 2290 819 2320 1.
844 2294 928 2320 extr.
1035 2303 1036 2313 ι
1057 2283 1172 2314 ῙθΥθΠῐ·

184 2332 376 2376 ’Ἃιδεσθεν
408 2357 454 2360 .-
485 2334 702 2386 ὑποδέχθαι,
738 2343 862 2374 Eodem
875 2343 1013 2376 Homeri
1035 2371 1036 2379 ἵ
1100 2336 1191 2366 Alias
1213 2346 1246 2366 o:
1270 2335 1335 2366 alio
1359 2341 1514 2376 tempore.
1540 2342 1576 2367 ut
1596 2337 1707 2367 docuit
1722 2337 1913 2378 Madvigius

152 2407 246 2429 vel-S„
272 2398 377 2429 utitur
398 2408 496 2439 supra
520 2399 581 2429 VI·
606 2399 633 2436 1³
658 2399 708 2430 22·
1035 2430 1036 2443 χ
1058 2390 1098 2420 ad
1121 2388 1186 2419 Cic.
1213 2388 1286 2419 Fin.
1310 2400 1339 2429 p.
1367 2389 1412 2419 19.
1437 2389 1511 2419 Non
1535 2399 1663 2430 semper
1686 2389 1785 2421 iidem
1808 2390 1911 2422 homi-

193 2451 249 2481 Est
265 2452 365 2492 plane
383 2462 473 2492 puer.
499 2451 603 2493 Saepe
625 2453 670 2484 sic
693 2454 839 2494 appellat
862 2453 1010 2486 Octavia·
1035 2445 1036 2451 ἵ
1059 2456 1116 2477 ¹¹85
1139 2451 1216 2477 sunt
1239 2446 1383 2486 gl'affiOSi·

153 2516 244 2543 num,
268 2512 304 2536 ut
316 2506 548 2538 Alexandrum
563 2507 643 2538 olim
655 2500 893 2539 Demosthenes
908 2509 1010 2548 (Plan,
1103 2499 1228 2530 Publice
1258 2501 1280 2530 ἶ·
1310 2499 1423 2540 SCYiPSi
1450 2509 1486 2530 ³²
1509 2499 1634 2540 scripsi,
1659 2509 1743 2540 quae
1766 2499 1801 2531 in
1823 2500 1913 2531 curia

153 2559 299 2591 Demost.
330 2559 397 2599 26).
430 2559 495 2590 Sed
527 2565 701 2601 utrumque
737 2562 823 2592 male
853 2562 1012 2593 iudicasse
1035 2590 1037 2611 ,
1059 2552 1204 2589 Catinae>
1237 2558 1296 2583 08¹2·
1331 2552 1553 2583 feeitffl'esstm'·
1592 2551 1845 2592 praegnantem>
1879 2558 1914 2584 ut

155 2618 291 2644 eventus
312 2613 436 2644 docuit„
1058 2606 1270 2638 Grammatici
1282 2607 1405 2644 dicunt,
1419 2606 1566 2638 adverbii
1577 2616 1674 2638 usum
1687 2607 1914 2639 demonstrant

197 2668 298 2700 Simul
329 2670 369 2699 et.
403 2668 468 2699 Hic
497 2678 626 2709 quoque
655 2669 769 2700 dubito
802 2670 843 2701 de
865 2670 926 2701 hac
949 2670 1012 2702 for·
1035 2695 1037 2705 .
1058 2671 1187 2703 quoque
1208 2662 1289 2693 haec
1304 2671 1346 2693 ex
1367 2661 1459 2702 epist·
1473 2660 1912 2703 ΟῙΟΘΓΟΠῘδῦᾶΡΟΠΙΡθῑωἨ,

155 2721 246 2752 mula
278 2727 310 2754 et
338 2721 432 2752 simul
460 2724 493 2752 nt
516 2722 726 2754 scribendum
749 2729 836 2764 pum,
861 2724 913 2755 vel
937 2735 1013 2755 curn
1035 2711 1037 2719 Α
1058 2717 1151 2748 Fam·
1175 2716 1217 2747 V·
1242 2716 1259 2748 7
1282 2716 1345 2747 in.:
1369 2715 1419 2746 E?
1440 2715 1545 2746 ἷῑίθνίό·
1578 2715 1651 2751 tuis,
1688 2725 1766 2756 quas
1786 2716 1914 2756 publice

155 2774 257 2806 Bosio
277 2774 371 2805 simul
391 2784 439 2805 ac.
1036 2805 1037 2808 Ἰ
1059 2769 1172 2800 misisti
1193 2779 1224 2799 o:
1248 2779 1328 2809 qua-s
1351 2770 1392 2799 ad
1414 2773 1563 2799 senatum
1585 2768 1714 2800 misisti.
1731 2769 1816 2800 Ibid.
1832 2768 1913 2800 XV.

199 2827 217 2866 ξ
240 2826 268 2859 7.
292 2826 361 2858 Etsi
382 2826 514 2858 nondum
543 2826 761 2868 stipulationes
783 2828 930 2869 leyeram,
953 2834 1013 2860 cet.
1036 2820 1037 2827 ἵ
1060 2824 1089 2860 l,
1123 2823 1139 2853 l
1170 2821 1292 2862 publice
1326 2821 1460 2852 Scribere
1500 2827 1549 2852 &St
1581 2821 1722 2853 Sssl'ibel'e
1755 2822 1796 2853 ad
1828 2831 1913 2854 0088-

156 2880 233 2911 Non
262 2886 368 2921 potest
397 2882 437 2912 de
465 2881 497 2912 h.
530 2881 548 2911 l.
581 2881 659 2912 certi
691 2881 771 2921 quid
793 2882 1013 2922 pronunciari,
1036 2892 1039 2932 ἱ
1059 2882 1175 2918 praett.
1199 2875 1286 2906 tribb
1321 2875 1367 2916 pl.
1391 2880 1552 2913 senatum,
1575 2875 1693 2916 quibus
1716 2884 1754 2906 ea
1775 2876 1914 2917 epistola

159 2933 215 2963 sed
243 2933 422 2974 probabilis
451 2937 500 2965 est
528 2933 671 2973 suspicio
699 2933 853 2971 Manutii,
879 2934 936 2975 qui
957 2944 1014 2975 pu·
1037 2940 1039 2971 ζ
1059 2929 1257 2960 inscribitur·

159 2988 248 3019 tabat
278 2987 471 3020 Ciceronem
504 2987 638 3028 aliquod
669 2988 839 3028 praedium
873 2989 1014 3020 vendere
1038 3014 1039 3032 χ
1102 2983 1166 3013 Aut
1187 2981 1263 3012 milii
1283 2980 1408 3012 nomina
1430 2981 1577 3013 mitteret.
1600 2982 1650 3013 De
1672 2992 1733 3014 usu
1755 2983 1910 3014 coniunc-

160 3040 256 3078 velle,
279 3050 337 3081 pro
362 3050 427 3081 quo
450 3040 508 3072 alii
529 3049 563 3072 se
598 3040 770 3080 pecuniam
792 3041 923 3072 daturos
945 3052 1015 3082 spo·
1038 3055 1039 3070 l
1059 3035 1119 3066 tivi
1141 3035 1214 3066 dixi
1236 3035 1277 3065 ad
1298 3034 1342 3065 II·
1367 3035 1395 3072 1,
1418 3036 1436 3066 3
1459 3036 1515 3065 aut
1536 3045 1575 3065 ne
1590 3034 1794 3075 poposcisse-9.

160 3094 352 3136 ponderant.
388 3093 512 3125 Dubito
542 3103 583 3124 an
607 3091 740 3125 Ocellae
761 3094 886 3126 mentio
907 3096 942 3126 in
966 3105 1015 3136 ep.
1038 3079 1040 3129 l
1104 3089 1122 3129 ἓ
1144 3090 1173 3120 8·
1195 3088 1244 3119 De
1267 3088 1450 3128 Lepidianss
1463 3088 1566 3129 feriis
1588 3095 1650 3120 00⁶·
1672 3099 1706 3120 0²
1730 3090 1856 3122 Balbus
1872 3092 1914 3122 ad

162 3157 230 3187 seq.
254 3148 317 3177 huc
341 3153 470 3187 spectet.
1062 3153 1114 3174 me
1137 3142 1263 3182 scripsit
1285 3142 1353 3173 dies
1377 3143 1410 3175 in
1442 3142 1593 3183 auspiciis
1623 3143 1738 3183 Lepidi
1772 3145 1911 3185 descrip-
