2062 3565
715 160 822 202 [ΑΖΒ.
858 160 980 202 ΧΙΠ.

1017 159 1099 201 ΕΡ.
1137 161 1207 200 21.
1759 159 1844 198 233

79 301 138 344 ita
180 314 346 356 propero
392 299 564 349 mittere,
618 306 661 340 ut
706 299 783 340 iam
832 299 995 339 Romam
1030 297 1202 339 miserim
1239 296 1516 338 describenda.
1566 296 1625 338 Ea
1658 293 1693 335 si
1724 292 1846 341 voles,

79 373 215 416 statim
260 370 441 413 habebis.
493 372 642 427 Scripsi
689 371 794 413 enim
839 370 888 411 ad
943 369 1126 412 librarios
1173 375 1218 411 ut
1263 372 1373 411 fieret
1415 370 1511 420 tuis,
1556 369 1589 410 si
1633 373 1680 409 tu
1715 366 1851 415 velles,

80 444 333 490 describendi
381 449 570 500 potestas.
623 446 682 486 Ea
727 459 817 485 vero
865 442 1105 494 continebis,
1149 443 1280 498 quoad
1324 444 1407 499 ipse
1451 448 1491 484 te
1536 441 1707 492 videam,
1742 439 1848 496 quod

81 518 386 576 diligentissime
433 518 562 560 facere
607 519 722 569 soles,
759 534 882 573 quum
917 533 939 559 a
971 533 1033 559 me
1068 517 1143 559 tibi
1177 518 1332 560 dictum
1366 523 1447 569 est;
1484 516 1683 573 quomodo
1717 520 1850 557 autem

80 594 186 650 fugit
227 608 290 635 me
333 592 409 635 tibi
455 593 614 634 dicere?
660 596 700 633 Γ).
754 593 923 634 Mirifice
958 592 1153 634 Caerellia
1187 591 1322 633 studio
1357 591 1542 632 videlicet
1575 588 1851 645 philosophiae
1893 599 1907 623 ⁵

81 661 252 722 flagrans
298 665 493 707 describit
534 681 556 707 a
601 666 704 715 tuis;
740 665 838 706 istos
872 666 980 720 ipsos
1014 664 1062 705 de
1098 664 1269 706 Finibus
1303 664 1439 706 habet.
1491 664 1577 719 Ego
1610 666 1743 704 autem
1779 660 1854 703 tibi

83 741 273 782 confirmo
307 764 364 768 —
400 754 563 794 possum
597 738 680 780 falli
716 744 761 779 ut
795 738 913 779 homo
950 763 1005 767 ——
1041 753 1063 779 a
1097 739 1196 779 meis
1228 753 1316 780 eam
1351 753 1431 779 non
1455 736 1622 788 habere;
1647 751 1854 791 nunquam

81 815 189 857 enim
221 813 272 856 ab
305 811 432 855 oculis
466 812 564 853 meis
597 811 801 853 afuerunt.
836 811 1012 853 Tantum
1047 826 1162 867 porro
1197 810 1349 861 aberat,
1387 817 1432 851 ut
1464 809 1581 851 binos
1615 809 1850 859 scriberent,

82 890 150 931 vix
194 888 376 944 singulos
421 886 694 928 confecerunt.
738 886 916 927 Tuorum
961 891 1097 927 tamen
1143 901 1216 941 ego
1252 885 1407 926 nullum
1443 884 1637 926 delictum
1671 884 1855 934 arbitror,

82 963 270 1019 idemque
314 967 355 1003 te
400 960 489 1002 volo
529 960 772 1002 existimare.
826 963 859 1001 A
904 975 965 1000 me
999 960 1106 1001 enim
1140 959 1465 1015 praetermissum
1498 964 1571 1014 est,
1606 963 1652 1000 ut
1684 958 1857 1000 dicerem

84 1053 148 1080 me
179 1053 247 1080 eos
279 1036 386 1080 exire
419 1034 600 1077 nondum
635 1034 747 1076 velle.
784 1034 884 1085 Hui,
920 1049 1042 1090 quam
1078 1034 1150 1075 diu
1184 1033 1232 1075 de
1267 1033 1410 1088 nugis!
1448 1032 1507 1073 De
1544 1048 1583 1074 re
1617 1032 1726 1074 enim
1755 1031 1859 1074 nihil

83 1107 211 1150 habeo
242 1109 350 1165 quod
385 1110 538 1165 loquar.
574 1111 616 1150 6.
651 1109 711 1150 De
746 1108 954 1150 Dolabella
988 1108 1064 1150 tibi
1099 1108 1310 1150 assentior.
1345 1106 1584 1158 Coheredes‚
1618 1112 1665 1148 ut
1699 1104 1858 1156 scribis,

82 1183 127 1225 in
158 1182 400 1226 Tusculano.
435 1184 495 1225 De
529 1183 710 1225 Caesaris
745 1182 923 1224 adventu
956 1183 1118 1239 scripsit
1152 1182 1202 1224 ad
1238 1198 1299 1224 me
1334 1180 1499 1232 Balbus,
1534 1196 1616 1222 non
1651 1184 1742 1222 ante
1764 1178 1858 1220 Kal.

88 1255 312 1312 [Sextiles].
345 1256 407 1299 De
442 1257 579 1299 Attica
611 1256 776 1312 optime,
812 1256 920 1311 quod
954 1257 1083 1298 levius
1117 1271 1163 1298 ac
1186 1256 1314 1297 levius
1337 1261 1377 1297 et
1400 1254 1508 1310 quod
1531 1254 1608 1297 fert
1630 1249 1854 1303 εὐκόλως.

87 1330 127 1372 7.
161 1329 280 1382 Quod
315 1337 450 1374 autem
484 1331 533 1373 de
566 1331 636 1372 illa
668 1336 805 1372 nostra
839 1331 1084 1386 cogitatione
1120 1329 1277 1380 scribis,
1314 1331 1355 1371 in
1391 1344 1467 1384 qua
1502 1328 1604 1370 nihil
1638 1327 1714 1369 tibi
1746 1326 1858 1377 cedo,

90 1419 149 1455 ea,
195 1419 295 1459 quae
339 1405 447 1455 novi,
493 1403 606 1446 valde
651 1404 788 1461 probo,
834 1404 1052 1455 hominem,
1096 1404 1273 1454 domum,
1309 1404 1534 1446 facultates.
1585 1402 1705 1455 Quod
1740 1408 1859 1457 caput

138 1586 158 1614 4
179 1583 299 1615 dictum
321 1584 379 1613 est.
414 1584 442 1613 5.
468 1581 624 1622 Quomodo
647 1601 686 1606 —
710 1583 748 1613 13
775 1582 850 1614 Kal.
877 1581 1026 1614 Sea-tiles.
1052 1600 1090 1604 -

140 1740 295 1783 Quomodo
329 1743 431 1771 uatem
454 1740 546 1780 fuqit
575 1752 621 1771 me
657 1740 711 1771 tibi
751 1740 886 1772 dicere(
919 1742 957 1771 [n

96 1795 247 1826 Mediceo
278 1800 365 1826 recte
394 1794 554 1834 scriptum
582 1793 729 1824 defendit
758 1792 956 1824 Wesenber-

95 1849 169 1890 gius
191 1849 332 1880 Emend.
354 1859 384 1889 p.
409 1848 459 1884 80,
485 1847 638 1888 idemque
663 1847 832 1878 infelicem
867 1846 957 1879 Orel-
981 1848 984 1858 '

96 1903 133 1934 lii
155 1903 242 1934 coni.
263 1901 449 1934 commodum
473 1911 515 1932 ex
537 1911 598 1932 usu
622 1901 780 1932 Tulliano
805 1901 959 1942 redargu·
981 1904 984 1916 ⁶

99 1956 133 1986 it.
164 1955 241 1986 Non
264 1955 375 1986 minus
400 1954 482 1985 falsa
511 1960 587 1985 sunt
618 1964 710 1995 quam
739 1960 772 1985 et
803 1954 894 1995 quod,
924 1953 985 1995 ut}

98 2009 231 2040 Murcto
253 2014 286 2040 et
308 2007 411 2039 Bosio
432 2017 492 2048 pro
513 2005 661 2049 quomodo
682 2007 781 2038 scribi
799 2007 962 2051 placebat.
983 2006 985 2044 ῗ

143 2062 279 2103 Min-'fiee
300 2062 572 2102 coniungendum
606 2066 654 2092 est
683 2071 758 2092 cum
792 2067 865 2102 part
896 2050 985 2107 flet-l

95 2127 206 2159 yram.
983 2109 986 2152 l

144 2170 303 2202 Caerellia
326 2169 455 2211 saepius
479 2169 514 2200 in
545 2169 596 2200 his
625 2169 772 2210 epistolis
802 2179 961 2201 memora-
983 2161 986 2182 Υ

99 2231 161 2262 tur,
185 2223 343 2265 affertque
381 2222 610 2262 Quintilianus
641 2223 669 2253 I.
692 2221 731 2254 O.
758 2222 820 2253 VI.
843 2224 872 2260 3,
902 2222 962 2253 112
984 2216 987 2249 ἶ

101 2278 210 2308 locum
233 2286 277 2309 ex
299 2275 469 2308 Ciceronis
491 2276 532 2307 ad
554 2285 628 2308 eam
647 2276 794 2317 epistola.
817 2275 898 2307 Fuit
910 2276 962 2308 Ci—
986 2283 987 2287 ¹

101 2331 230 2363 cei-onis
253 2330 447 2368 necessaria,
467 2335 505 2361 ut
519 2330 587 2371 ipse
600 2329 963 2372 appellat-Fam.XILI.
984 2294 988 2362 l

102 2384 151 2421 72,
174 2383 232 2414 sed
254 2383 315 2414 etsi
339 2382 463 2414 fuerint
485 2383 556 2414 eius
580 2383 622 2414 ad
635 2382 832 2415 Caerelliam
846 2383 963 2424 episto·
986 2380 988 2405 i

103 2439 154 2470 lae
175 2437 420 2480 petulantiores,
442 2442 479 2468 ut
501 2446 544 2468 ex
567 2437 712 2468 Ausonii
729 2438 873 2479 quodam
891 2437 964 2468 loco

104 2500 171 2522 non
201 2494 325 2522 temere
354 2488 530 2521 Schutzius
560 2489 677 2527 effecit,
717 2489 824 2522 Cassii
853 2496 964 2521 tamen
986 2486 990 2514 Ι

103 2543 221 2576 Dionis
242 2547 430 2575 commento
453 2543 583 2574 XLVI.
606 2543 646 2574 18
665 2543 750 2575 nihil
766 2543 885 2580 tribuo,
909 2542 966 2584 qui

104 2606 180 2628 eam
201 2591 333 2642 ἑβδομη
340 2596 516 2629 κοντοῡτιν
533 2606 552 2627 a
567 2596 726 2629 Cicerone
745 2602 889 2628 amatam
905 2603 966 2628 tra-

107 2653 165 2685 dit.
191 2652 292 2693 Quod
313 2653 354 2684 de
384 2652 547 2684 Caerellia
575 2653 718 2694 legimus
751 2653 837 2684 infra
867 2653 966 2685 XIV.

107 2706 156 2744 19,
179 2707 209 2744 4,
232 2705 333 2747 longe
355 2705 451 2737 aliter
481 2706 522 2736 de
555 2705 613 2736 illa
634 2706 874 2738 consuetudine
903 2713 966 2738 sta-

109 2761 272 2792 tuendum
295 2769 366 2792 esse
388 2760 542 2791 ostendit.
572 2758 621 2791 Cf.
644 2759 683 2791 G.
708 2760 863 2798 Boissier‚
877 2761 967 2793 Cice-

109 2824 167 2846 ron
191 2818 224 2846 et
245 2823 296 2846 ses
318 2814 401 2845 amis
424 2824 454 2855 p.
479 2813 538 2846 117
563 2823 611 2854 sq.

149 2867 313 2910 Asuerunb
334 2878 389 2910 np.
413 2868 548 2906 librarii,
580 2877 684 2909 quum
714 2878 769 2900 eos
792 2869 893 2901 libros
916 2870 969 2902 de-

109 2921 300 2953 scriberent.

153 2973 284 3005 Tantum
305 2984 340 3014 p.
363 2974 482 3011 aberat,
517 2975 550 3004 ut
583 2973 671 3004 binos
703 2973 883 3012 scriberent,
917 2975 971 3005 vit

110 3026 251 3069 sinqulos
289 3027 506 3068 omficerunt.
549 3026 678 3058 Similis
715 3027 971 3059 constructionis

113 3081 304 3123 exemplum
325 3087 376 3113 est
398 3081 431 3112 in
455 3082 571 3118 Bruto,
599 3080 660 3114 278
695 3080 827 3112 Tantum
855 3081 971 3122 abfuit,

111 3137 144 3164 ut
177 3134 387 3176 inflammares
421 3136 543 3166 nostros
577 3133 706 3171 animos,
743 3144 879 3165 somnum
912 3135 973 3166 isto

113 3189 179 3220 locu
197 3188 249 3219 via:
261 3189 452 3220 tenebamus.
470 3189 593 3231 Atque,
605 3197 708 3230 quum
721 3189 862 3221 alterum
870 3199 974 3222 mem·

1010 1742 1104 1773 brum
1128 1743 1381 1775 affirmationem
1406 1744 1599 1779 contineret,
1631 1741 1759 1782 scripsit
1791 1741 1865 1772 Fin.

1008 1795 1050 1826 V.
1074 1795 1113 1828 57
1137 1798 1258 1826 lantum
1289 1796 1386 1834 abest,
1417 1798 1451 1826 ut
1480 1796 1657 1835 voluptates
1686 1795 1864 1826 consecten-

1008 1852 1071 1886 tur,
1094 1849 1190 1881 etiam
1210 1859 1304 1880 curas
1326 1868 1365 1873 —
1382 1850 1561 1891 perferunt.

1051 1903 1069 1943 ξ
1092 1903 1121 1933 6.
1143 1902 1192 1934 De
1215 1902 1383 1934 Dolabella
1406 1902 1462 1934 tlibi
1484 1902 1652 1939 assentior,
1674 1901 1808 1933 fortasse
1826 1902 1867 1932 ad

1009 1965 1087 1988 eum
1115 1965 1186 1988 esse
1214 1956 1415 1988 mittendum
1451 1956 1596 1997 aliquem
1635 1955 1768 1986 librum.
1811 1954 1866 1985 Ad

1008 2008 1124 2041 verba:
1150 2008 1417 2040 coheredes—in
1443 2008 1620 2039 Tusculano
1641 2007 1682 2039 cf.
1705 2017 1756 2049 ep.
1774 2007 1821 2044 14,
1840 2007 1867 2038 l.

1051 2061 1122 2093 Non
1143 2064 1219 2093 ante
1242 2061 1317 2092 Kal.
1342 2061 1464 2103 [Sext]
1494 2061 1662 2093 Ultimum
1683 2070 1753 2092 voc.
1770 2060 1868 2092 libra·

1009 2115 1058 2146 rio
1081 2115 1230 2147 debetur.
1253 2116 1317 2146 vid.
1341 2115 1455 2146 Madv.
1476 2114 1537 2157 Op.
1561 2116 1623 2146 Ac.
1646 2125 1677 2156 p.
1700 2114 1770 2146 164.

1055 2169 1145 2211 Quod
1166 2170 1265 2202 levius
1286 2180 1326 2200 ac
1349 2170 1449 2201 levius
1461 2180 1494 2201 o:
1517 2170 1607 2212 quod
1624 2170 1659 2201 in
1673 2169 1744 2201 dies
1760 2169 1867 2200 levius

1008 2229 1188 2265 temptatur
1212 2223 1306 2255 febri.
1329 2223 1380 2255 Cf.
1405 2223 1504 2266 magis
1525 2223 1692 2265 maqisque,
1715 2223 1816 2254 ocinus·
1839 2225 1868 2253 et

1010 2277 1123 2308 minus.
1149 2277 1327 2319 Pei-peram
1349 2278 1383 2309 in
1406 2278 1495 2309 Med.
1519 2283 1569 2309 est
1587 2277 1690 2308 levius
1706 2287 1745 2308 ac
1756 2277 1868 2314 lenius,

1012 2330 1047 2361 Z.
1070 2341 1089 2361 a
1111 2331 1277 2362 Lambino
1299 2331 1450 2362 laudatus
1471 2339 1589 2362 verum
1610 2336 1765 2362 servarat.

1054 2385 1072 2425 ἓ
1095 2384 1124 2417 7.
1150 2384 1297 2416 Fortasse
1319 2385 1431 2425 agitur
1452 2385 1493 2416 de
1510 2384 1744 2426 despondenda
1757 2384 1871 2415 Attica

986 2428 989 2485 ξ
1012 2438 1214 2469 adolescenti
1235 2439 1368 2470 cuidam
1382 2438 1496 2476 nobili,
1514 2447 1614 2479 quem
1628 2447 1689 2470 nec
1705 2438 1871 2468 Thalnam

1013 2491 1113 2523 fuisse
1135 2502 1194 2533 pro
1217 2499 1305 2524 certo
1326 2493 1444 2530 habeo,
1477 2493 1518 2524 de
1539 2503 1604 2534 quo
1625 2492 1799 2533 scripserat
1820 2501 1869 2531 ep.

1014 2545 1064 2582 29,
1098 2545 1126 2580 1.
1161 2555 1221 2578 nec
1250 2546 1298 2577 M.
1340 2545 1538 2587 Vipsanium
1578 2545 1774 2587 Agrippam,
1817 2544 1868 2574 cui

1014 2598 1126 2629 Attica
1140 2604 1251 2639 postea
1266 2599 1387 2640 nupsit.
1405 2598 1504 2630 Corn.
1517 2599 1600 2639 Nep.
1614 2599 1686 2629 Att.
1700 2598 1747 2628 19.
1771 2597 1870 2628 Hunc

1015 2651 1105 2682 enim
1127 2651 1262 2683 Tacitus
1287 2652 1379 2683 Anu.
1402 2652 1429 2683 Ι.
1453 2651 1471 2682 3
1493 2651 1656 2693 iynobilem
1678 2651 1746 2681 loco
1764 2650 1870 2691 appel-

1015 2703 1070 2734 lat.
1096 2704 1148 2735 Ne
1169 2710 1298 2736 certum
1318 2705 1453 2746 quidem
1476 2710 1526 2736 est
1546 2704 1599 2735 hic
1615 2704 1724 2744 agiae
1747 2703 1869 2734 Attica.

1058 2755 1230 2788 Hominem.
1255 2756 1430 2789 Schutzius
1450 2757 1564 2797 scripsi
1586 2766 1705 2793 nomen,
1724 2755 1802 2797 quia
1816 2755 1870 2786 Ci-

1015 2818 1090 2841 cero
1114 2820 1180 2841 uon
1204 2811 1364 2852 potuisset
1393 2810 1535 2841 scribere
1564 2809 1635 2840 aovi
1663 2808 1813 2839 hominem
1841 2814 1871 2838 et

1015 2861 1113 2903 ipsmn
1135 2874 1196 2894 non
1219 2863 1303 2900 nom}
1325 2869 1397 2894 tum
1418 2873 1526 2894 nomen
1549 2862 1781 2902 interpretatur
1797 2871 1871 2900 qen-

1016 2917 1086 2954 tem,
1108 2922 1142 2948 et
1163 2916 1324 2958 potuisset
1347 2916 1481 2947 laudare
1511 2915 1544 2946 in
1575 2914 1661 2945 hanc
1697 2923 1765 2944 reni
1803 2913 1870 2944 Cic.

1016 2969 1111 3002 Fam.
1133 2971 1198 3002 111.
1222 2970 1250 3008 7,
1274 2973 1291 3001 5
1324 2970 1390 3000 ista
1419 2972 1523 3000 vestra
1558 2968 1682 3000 nomina
1716 2976 1872 3008 nunquam

1017 3033 1084 3054 sum
1105 3023 1282 3054 admiratus
1304 3029 1337 3054 et
1358 3033 1389 3064 p.
1412 3022 1526 3054 Planc.
1555 3023 1593 3052 18
1623 3020 1675 3062 qui
1699 3018 1873 3050 nominibus

1019 3077 1133 3108 vestris
1154 3077 1323 3108 ducuntur.
1346 3075 1413 3108 Sed
1427 3077 1558 3108 obstant
1574 3076 1651 3106 huic
1668 3074 1874 3105 coniecturae

1020 3131 1103 3168 duo3
1127 3131 1270 3172 primum
1292 3131 1381 3172 quod
1403 3130 1528 3161 scribae
1550 3128 1686 3160 homines
1708 3133 1737 3158 et
1751 3126 1873 3158 nomina

1022 3195 1089 3219 nou
1115 3190 1299 3226 permutare
1321 3184 1429 3217 solent
1451 3184 1484 3216 iu
1505 3183 1634 3215 casibus
1664 3181 1770 3218 rectis,
1806 3186 1874 3213 tum
