<?xml version="1.0" encoding="UTF-8"?>
<!DOCTYPE html PUBLIC "-//W3C//DTD XHTML 1.0 Transitional//EN"
    "http://www.w3.org/TR/xhtml1/DTD/xhtml1-transitional.dtd">
<html xmlns="http://www.w3.org/1999/xhtml" xml:lang="en" lang="en">
 <head>
  <title>
</title>
<meta http-equiv="Content-Type" content="text/html;charset=utf-8" />
  <meta name='ocr-system' content='tesseract 3.04.00' />
  <meta name='ocr-capabilities' content='ocr_page ocr_carea ocr_par ocr_line ocrx_word'/>
</head>
<body>
  <div class='ocr_page' id='page_1' title='image "./epistolarumadtpo02ciceuoft_0144.png"; bbox 0 0 2062 3565; ppageno 0'>
   <div class='ocr_carea' id='block_1_1' title="bbox 190 170 1959 435">
    <p class='ocr_par' dir='ltr' id='par_1_1' title="bbox 190 170 1959 435">
     <span class='ocr_line' id='line_1_1' title="bbox 196 170 1550 216; baseline -0.004 0"><span class='ocrx_word' id='word_1_1' title='bbox 196 177 282 216; x_wconf 60' lang='lat'>1:2³4</span> <span class='ocrx_word' id='word_1_2' title='bbox 594 174 676 215; x_wconf 84' lang='grc' dir='ltr'>ΕΡ.</span> <span class='ocrx_word' id='word_1_3' title='bbox 711 173 787 214; x_wconf 75' lang='lat' dir='ltr'>AD</span> <span class='ocrx_word' id='word_1_4' title='bbox 820 173 865 212; x_wconf 80' lang='lat' dir='ltr'>T.</span> <span class='ocrx_word' id='word_1_5' title='bbox 901 170 1252 212; x_wconf 90' lang='lat' dir='ltr'>POMPONIUM</span> <span class='ocrx_word' id='word_1_6' title='bbox 1285 171 1550 212; x_wconf 81' lang='lat' dir='ltr'>ATTICUM.</span> 
     </span>
     <span class='ocr_line' id='line_1_2' title="bbox 191 304 1959 365; baseline -0.002 -14"><span class='ocrx_word' id='word_1_7' title='bbox 191 310 326 365; x_wconf 88' lang='lat' dir='ltr'>potius</span> <span class='ocrx_word' id='word_1_8' title='bbox 359 308 586 350; x_wconf 82' lang='lat' dir='ltr'>faciendum</span> <span class='ocrx_word' id='word_1_9' title='bbox 618 307 756 347; x_wconf 84' lang='lat' dir='ltr'>fuisse.</span> <span class='ocrx_word' id='word_1_10' title='bbox 790 305 920 346; x_wconf 89' lang='lat' dir='ltr'>Addis</span> <span class='ocrx_word' id='word_1_11' title='bbox 953 305 1075 346; x_wconf 88' lang='lat' dir='ltr'>etiam</span> <span class='ocrx_word' id='word_1_12' title='bbox 1110 328 1167 333; x_wconf 91' lang='lat'>——</span> <span class='ocrx_word' id='word_1_13' title='bbox 1202 304 1309 358; x_wconf 89' lang='lat' dir='ltr'>quod</span> <span class='ocrx_word' id='word_1_14' title='bbox 1343 305 1418 346; x_wconf 90' lang='lat' dir='ltr'>etsi</span> <span class='ocrx_word' id='word_1_15' title='bbox 1451 305 1551 346; x_wconf 88' lang='lat' dir='ltr'>mihi</span> <span class='ocrx_word' id='word_1_16' title='bbox 1583 305 1712 347; x_wconf 88' lang='lat' dir='ltr'>levius</span> <span class='ocrx_word' id='word_1_17' title='bbox 1744 311 1805 348; x_wconf 86' lang='lat' dir='ltr'>est</span> <span class='ocrx_word' id='word_1_18' title='bbox 1837 321 1959 360; x_wconf 87' lang='lat' dir='ltr'>quam</span> 
     </span>
     <span class='ocr_line' id='line_1_3' title="bbox 190 377 1959 435; baseline -0.002 -11"><span class='ocrx_word' id='word_1_19' title='bbox 190 388 308 424; x_wconf 90' lang='lat' dir='ltr'>tuum</span> <span class='ocrx_word' id='word_1_20' title='bbox 340 381 550 432; x_wconf 88' lang='lat' dir='ltr'>iudicium,</span> <span class='ocrx_word' id='word_1_21' title='bbox 594 383 729 421; x_wconf 88' lang='lat' dir='ltr'>tamen</span> <span class='ocrx_word' id='word_1_22' title='bbox 761 393 844 420; x_wconf 90' lang='lat' dir='ltr'>non</span> <span class='ocrx_word' id='word_1_23' title='bbox 886 382 947 419; x_wconf 90' lang='lat' dir='ltr'>est</span> <span class='ocrx_word' id='word_1_24' title='bbox 977 377 1063 419; x_wconf 88' lang='lat' dir='ltr'>leve</span> <span class='ocrx_word' id='word_1_25' title='bbox 1098 402 1155 407; x_wconf 83' lang='lat'><em>-</em></span> <span class='ocrx_word' id='word_1_26' title='bbox 1190 379 1331 420; x_wconf 88' lang='lat' dir='ltr'>ceteris</span> <span class='ocrx_word' id='word_1_27' title='bbox 1366 394 1538 435; x_wconf 88' lang='lat' dir='ltr'>quoque,</span> <span class='ocrx_word' id='word_1_28' title='bbox 1572 379 1616 420; x_wconf 87' lang='lat' dir='ltr'>id</span> <span class='ocrx_word' id='word_1_29' title='bbox 1649 383 1723 430; x_wconf 87' lang='lat' dir='ltr'>est,</span> <span class='ocrx_word' id='word_1_30' title='bbox 1759 379 1829 434; x_wconf 89' lang='lat' dir='ltr'>qui</span> <span class='ocrx_word' id='word_1_31' title='bbox 1861 394 1959 434; x_wconf 87' lang='lat' dir='ltr'>pon-</span> 
     </span>
    </p>
   </div>
   <div class='ocr_carea' id='block_1_2' title="bbox 133 450 1962 1896">
    <p class='ocr_par' dir='ltr' id='par_1_2' title="bbox 133 450 1962 1896">
     <span class='ocr_line' id='line_1_4' title="bbox 192 450 1957 507; baseline -0.002 -10"><span class='ocrx_word' id='word_1_32' title='bbox 192 456 267 497; x_wconf 87' lang='lat' dir='ltr'>dus</span> <span class='ocrx_word' id='word_1_33' title='bbox 300 454 488 504; x_wconf 85' lang='lat' dir='ltr'>habeant,</span> <span class='ocrx_word' id='word_1_34' title='bbox 522 453 671 495; x_wconf 88' lang='lat' dir='ltr'>factum</span> <span class='ocrx_word' id='word_1_35' title='bbox 708 456 890 493; x_wconf 88' lang='lat' dir='ltr'>nostrum</span> <span class='ocrx_word' id='word_1_36' title='bbox 924 450 1099 507; x_wconf 84' lang='lat' dir='ltr'>probari.</span> <span class='ocrx_word' id='word_1_37' title='bbox 1134 451 1182 492; x_wconf 85' lang='lat' dir='ltr'>Id</span> <span class='ocrx_word' id='word_1_38' title='bbox 1218 452 1251 493; x_wconf 88' lang='lat' dir='ltr'>si</span> <span class='ocrx_word' id='word_1_39' title='bbox 1283 452 1342 493; x_wconf 85' lang='lat' dir='ltr'>ita</span> <span class='ocrx_word' id='word_1_40' title='bbox 1375 457 1573 507; x_wconf 90' lang='lat' dir='ltr'>putarem,</span> <span class='ocrx_word' id='word_1_41' title='bbox 1606 452 1734 494; x_wconf 89' lang='lat' dir='ltr'>levius</span> <span class='ocrx_word' id='word_1_42' title='bbox 1768 452 1957 494; x_wconf 82' lang='lat' dir='ltr'><strong>dolerem.</strong></span> 
     </span>
     <span class='ocr_line' id='line_1_5' title="bbox 190 524 1958 582; baseline -0.001 -14"><span class='ocrx_word' id='word_1_43' title='bbox 190 531 229 568; x_wconf 72' lang='lat'>2.</span> <span class='ocrx_word' id='word_1_44' title='bbox 282 526 487 577; x_wconf 60' lang='lat' dir='ltr'>,JCrede&#39;’,</span> <span class='ocrx_word' id='word_1_45' title='bbox 531 526 681 582; x_wconf 80' lang='lat' dir='ltr'>inquis,</span> <span class='ocrx_word' id='word_1_46' title='bbox 735 524 918 576; x_wconf 53' lang='lat' dir='ltr'>amihif’</span> <span class='ocrx_word' id='word_1_47' title='bbox 975 524 1104 566; x_wconf 84' lang='lat' dir='ltr'>Credo</span> <span class='ocrx_word' id='word_1_48' title='bbox 1153 524 1354 579; x_wconf 82' lang='lat' dir='ltr'><strong>equidem,</strong></span> <span class='ocrx_word' id='word_1_49' title='bbox 1402 525 1471 566; x_wconf 91' lang='lat' dir='ltr'>sed</span> <span class='ocrx_word' id='word_1_50' title='bbox 1517 526 1600 567; x_wconf 90' lang='lat' dir='ltr'>scio</span> <span class='ocrx_word' id='word_1_51' title='bbox 1649 541 1771 580; x_wconf 91' lang='lat' dir='ltr'>quam</span> <span class='ocrx_word' id='word_1_52' title='bbox 1821 525 1958 581; x_wconf 85' lang='lat' dir='ltr'>cupias</span> 
     </span>
     <span class='ocr_line' id='line_1_6' title="bbox 153 597 1959 654; baseline 0 -13"><span class='ocrx_word' id='word_1_53' title='bbox 153 600 314 641; x_wconf 67' lang='grc'><strong>5111111111</strong></span> <span class='ocrx_word' id='word_1_54' title='bbox 348 599 524 641; x_wconf 90' lang='lat' dir='ltr'>dolorem</span> <span class='ocrx_word' id='word_1_55' title='bbox 562 614 710 640; x_wconf 90' lang='lat' dir='ltr'>meum.</span> <span class='ocrx_word' id='word_1_56' title='bbox 745 599 814 640; x_wconf 89' lang='lat' dir='ltr'>Me</span> <span class='ocrx_word' id='word_1_57' title='bbox 847 597 1076 639; x_wconf 81' lang='lat' dir='ltr'><strong>discessisse</strong></span> <span class='ocrx_word' id='word_1_58' title='bbox 1109 597 1160 639; x_wconf 89' lang='lat' dir='ltr'>ab</span> <span class='ocrx_word' id='word_1_59' title='bbox 1195 598 1314 640; x_wconf 88' lang='lat' dir='ltr'>armis</span> <span class='ocrx_word' id='word_1_60' title='bbox 1347 614 1556 654; x_wconf 88' lang='lat' dir='ltr'>nunquam</span> <span class='ocrx_word' id='word_1_61' title='bbox 1588 599 1791 654; x_wconf 88' lang='lat' dir='ltr'>poenituit</span> <span class='ocrx_word' id='word_1_62' title='bbox 1801 617 1812 651; x_wconf 80' lang='lat'><em>3</em></span> <span class='ocrx_word' id='word_1_63' title='bbox 1845 603 1959 641; x_wconf 84' lang='lat' dir='ltr'>tanta</span> 
     </span>
     <span class='ocr_line' id='line_1_7' title="bbox 186 670 1958 726; baseline 0 -12"><span class='ocrx_word' id='word_1_64' title='bbox 186 679 269 715; x_wconf 84' lang='lat' dir='ltr'>erat</span> <span class='ocrx_word' id='word_1_65' title='bbox 311 674 353 714; x_wconf 91' lang='lat' dir='ltr'>in</span> <span class='ocrx_word' id='word_1_66' title='bbox 395 673 476 714; x_wconf 90' lang='lat' dir='ltr'>illis</span> <span class='ocrx_word' id='word_1_67' title='bbox 518 672 748 722; x_wconf 78' lang='lat' dir='ltr'>crudelitas,</span> <span class='ocrx_word' id='word_1_68' title='bbox 792 676 907 713; x_wconf 83' lang='lat' dir='ltr'>tanta</span> <span class='ocrx_word' id='word_1_69' title='bbox 951 687 1042 713; x_wconf 89' lang='lat' dir='ltr'>eum</span> <span class='ocrx_word' id='word_1_70' title='bbox 1075 670 1256 713; x_wconf 85' lang='lat' dir='ltr'>barbaris</span> <span class='ocrx_word' id='word_1_71' title='bbox 1290 671 1480 726; x_wconf 82' lang='lat' dir='ltr'>gentibus</span> <span class='ocrx_word' id='word_1_72' title='bbox 1514 671 1761 723; x_wconf 86' lang='lat' dir='ltr'>coniunctio,</span> <span class='ocrx_word' id='word_1_73' title='bbox 1796 676 1844 714; x_wconf 87' lang='lat' dir='ltr'>ut</span> <span class='ocrx_word' id='word_1_74' title='bbox 1876 687 1958 715; x_wconf 92' lang='lat' dir='ltr'>non</span> 
     </span>
     <span class='ocr_line' id='line_1_8' title="bbox 186 745 1961 800; baseline 0 -12"><span class='ocrx_word' id='word_1_75' title='bbox 186 746 422 788; x_wconf 83' lang='lat' dir='ltr'>nominatim</span> <span class='ocrx_word' id='word_1_76' title='bbox 467 746 537 787; x_wconf 91' lang='lat' dir='ltr'>sed</span> <span class='ocrx_word' id='word_1_77' title='bbox 585 745 807 800; x_wconf 70' lang='lat' dir='ltr'>generatim</span> <span class='ocrx_word' id='word_1_78' title='bbox 853 745 1091 800; x_wconf 72' lang='lat' dir='ltr'>proscriptio</span> <span class='ocrx_word' id='word_1_79' title='bbox 1141 750 1246 786; x_wconf 88' lang='lat' dir='ltr'>esset</span> <span class='ocrx_word' id='word_1_80' title='bbox 1289 745 1517 796; x_wconf 83' lang='lat' dir='ltr'>informata,</span> <span class='ocrx_word' id='word_1_81' title='bbox 1566 750 1612 786; x_wconf 90' lang='lat' dir='ltr'>ut</span> <span class='ocrx_word' id='word_1_82' title='bbox 1655 745 1736 787; x_wconf 87' lang='lat' dir='ltr'>iam</span> <span class='ocrx_word' id='word_1_83' title='bbox 1781 746 1961 788; x_wconf 87' lang='lat' dir='ltr'>omnium</span> 
     </span>
     <span class='ocr_line' id='line_1_9' title="bbox 184 818 1961 873; baseline 0 -13"><span class='ocrx_word' id='word_1_84' title='bbox 184 819 334 860; x_wconf 89' lang='lat' dir='ltr'>iudicio</span> <span class='ocrx_word' id='word_1_85' title='bbox 379 819 645 860; x_wconf 89' lang='lat' dir='ltr'>constitutum</span> <span class='ocrx_word' id='word_1_86' title='bbox 693 824 797 859; x_wconf 86' lang='lat' dir='ltr'>esset</span> <span class='ocrx_word' id='word_1_87' title='bbox 833 818 1012 858; x_wconf 90' lang='lat' dir='ltr'>omnium</span> <span class='ocrx_word' id='word_1_88' title='bbox 1046 822 1223 859; x_wconf 83' lang='lat' dir='ltr'>vestrum</span> <span class='ocrx_word' id='word_1_89' title='bbox 1259 818 1364 860; x_wconf 80' lang='lat' dir='ltr'>bona</span> <span class='ocrx_word' id='word_1_90' title='bbox 1396 818 1584 873; x_wconf 78' lang='lat' dir='ltr'>praedam</span> <span class='ocrx_word' id='word_1_91' title='bbox 1619 833 1703 860; x_wconf 90' lang='lat' dir='ltr'>esse</span> <span class='ocrx_word' id='word_1_92' title='bbox 1736 818 1847 860; x_wconf 81' lang='lat' dir='ltr'>illius</span> <span class='ocrx_word' id='word_1_93' title='bbox 1881 820 1961 861; x_wconf 90' lang='lat' dir='ltr'>vic-</span> 
     </span>
     <span class='ocr_line' id='line_1_10' title="bbox 183 891 1962 947; baseline 0.001 -15"><span class='ocrx_word' id='word_1_94' title='bbox 183 892 332 943; x_wconf 68' lang='lat' dir='ltr'>toriae,</span> <span class='ocrx_word' id='word_1_95' title='bbox 376 896 552 933; x_wconf 89' lang='lat' dir='ltr'>vestrum</span> <span class='ocrx_word' id='word_1_96' title='bbox 598 891 714 946; x_wconf 87' lang='lat' dir='ltr'>plane</span> <span class='ocrx_word' id='word_1_97' title='bbox 762 891 875 932; x_wconf 90' lang='lat' dir='ltr'>dico:</span> <span class='ocrx_word' id='word_1_98' title='bbox 912 905 1121 946; x_wconf 83' lang='lat' dir='ltr'>nunquam</span> <span class='ocrx_word' id='word_1_99' title='bbox 1155 891 1262 932; x_wconf 82' lang='lat' dir='ltr'>enim</span> <span class='ocrx_word' id='word_1_100' title='bbox 1297 891 1345 932; x_wconf 90' lang='lat' dir='ltr'>de</span> <span class='ocrx_word' id='word_1_101' title='bbox 1378 896 1418 932; x_wconf 89' lang='lat' dir='ltr'>te</span> <span class='ocrx_word' id='word_1_102' title='bbox 1452 891 1540 947; x_wconf 89' lang='lat' dir='ltr'>ipso</span> <span class='ocrx_word' id='word_1_103' title='bbox 1573 891 1653 933; x_wconf 80' lang='lat' dir='ltr'>nisi</span> <span class='ocrx_word' id='word_1_104' title='bbox 1687 891 1962 933; x_wconf 82' lang='lat' dir='ltr'>crudelissime</span> 
     </span>
     <span class='ocr_line' id='line_1_11' title="bbox 134 963 1962 1019; baseline 0.001 -14"><span class='ocrx_word' id='word_1_105' title='bbox 134 983 168 1009; x_wconf 88' lang='lat'>10</span> <span class='ocrx_word' id='word_1_106' title='bbox 184 965 404 1019; x_wconf 82' lang='lat' dir='ltr'>cogitatum</span> <span class='ocrx_word' id='word_1_107' title='bbox 449 970 523 1006; x_wconf 87' lang='lat' dir='ltr'>est.</span> <span class='ocrx_word' id='word_1_108' title='bbox 573 965 706 1016; x_wconf 77' lang='lat' dir='ltr'>Quare</span> <span class='ocrx_word' id='word_1_109' title='bbox 753 964 971 1005; x_wconf 78' lang='lat' dir='ltr'>volunta-tis</span> <span class='ocrx_word' id='word_1_110' title='bbox 1016 979 1078 1005; x_wconf 91' lang='lat' dir='ltr'>me</span> <span class='ocrx_word' id='word_1_111' title='bbox 1122 979 1233 1005; x_wconf 82' lang='lat' dir='ltr'>meae</span> <span class='ocrx_word' id='word_1_112' title='bbox 1276 979 1485 1018; x_wconf 90' lang='lat' dir='ltr'>nunquam</span> <span class='ocrx_word' id='word_1_113' title='bbox 1532 963 1768 1019; x_wconf 89' lang='lat' dir='ltr'>poenitebit,</span> <span class='ocrx_word' id='word_1_114' title='bbox 1803 965 1962 1007; x_wconf 88' lang='lat' dir='ltr'>consilii</span> 
     </span>
     <span class='ocr_line' id='line_1_12' title="bbox 184 1036 1962 1092; baseline 0.001 -14"><span class='ocrx_word' id='word_1_115' title='bbox 184 1037 376 1092; x_wconf 88' lang='lat' dir='ltr'>poenitet.</span> <span class='ocrx_word' id='word_1_116' title='bbox 426 1037 475 1078; x_wconf 90' lang='lat' dir='ltr'>In</span> <span class='ocrx_word' id='word_1_117' title='bbox 519 1037 667 1092; x_wconf 90' lang='lat' dir='ltr'>oppido</span> <span class='ocrx_word' id='word_1_118' title='bbox 717 1037 852 1092; x_wconf 81' lang='lat' dir='ltr'>aliquo</span> <span class='ocrx_word' id='word_1_119' title='bbox 897 1036 1055 1077; x_wconf 89' lang='lat' dir='ltr'>mallem</span> <span class='ocrx_word' id='word_1_120' title='bbox 1099 1036 1307 1086; x_wconf 84' lang='lat' dir='ltr'>resedisse,</span> <span class='ocrx_word' id='word_1_121' title='bbox 1355 1036 1487 1090; x_wconf 85' lang='lat' dir='ltr'>quoad</span> <span class='ocrx_word' id='word_1_122' title='bbox 1535 1051 1766 1079; x_wconf 87' lang='lat' dir='ltr'>arcesserer.</span> <span class='ocrx_word' id='word_1_123' title='bbox 1821 1039 1962 1080; x_wconf 88' lang='lat' dir='ltr'>Minus</span> 
     </span>
     <span class='ocr_line' id='line_1_13' title="bbox 185 1109 1956 1167; baseline 0.001 -16"><span class='ocrx_word' id='word_1_124' title='bbox 185 1110 378 1152; x_wconf 86' lang='lat' dir='ltr'>sermonis</span> <span class='ocrx_word' id='word_1_125' title='bbox 411 1109 638 1161; x_wconf 85' lang='lat' dir='ltr'>subiissem,</span> <span class='ocrx_word' id='word_1_126' title='bbox 674 1110 807 1151; x_wconf 90' lang='lat' dir='ltr'>minus</span> <span class='ocrx_word' id='word_1_127' title='bbox 841 1109 1082 1164; x_wconf 80' lang='lat' dir='ltr'>accepissem</span> <span class='ocrx_word' id='word_1_128' title='bbox 1117 1109 1278 1160; x_wconf 89' lang='lat' dir='ltr'>doloris,</span> <span class='ocrx_word' id='word_1_129' title='bbox 1315 1110 1447 1165; x_wconf 87' lang='lat' dir='ltr'>ipsum</span> <span class='ocrx_word' id='word_1_130' title='bbox 1483 1110 1557 1151; x_wconf 89' lang='lat' dir='ltr'>hoc</span> <span class='ocrx_word' id='word_1_131' title='bbox 1585 1125 1647 1151; x_wconf 91' lang='lat' dir='ltr'>me</span> <span class='ocrx_word' id='word_1_132' title='bbox 1670 1126 1751 1152; x_wconf 93' lang='lat' dir='ltr'>non</span> <span class='ocrx_word' id='word_1_133' title='bbox 1776 1116 1956 1167; x_wconf 83' lang='lat' dir='ltr'>angeret.</span> 
     </span>
     <span class='ocr_line' id='line_1_14' title="bbox 184 1183 1962 1238; baseline 0.001 -14"><span class='ocrx_word' id='word_1_134' title='bbox 184 1183 391 1225; x_wconf 84' lang='lat' dir='ltr'>Brundisii</span> <span class='ocrx_word' id='word_1_135' title='bbox 435 1184 563 1225; x_wconf 85' lang='lat' dir='ltr'>iacere</span> <span class='ocrx_word' id='word_1_136' title='bbox 613 1184 655 1224; x_wconf 90' lang='lat' dir='ltr'>in</span> <span class='ocrx_word' id='word_1_137' title='bbox 704 1198 841 1228; x_wconf 87' lang='lat' dir='ltr'>omnes</span> <span class='ocrx_word' id='word_1_138' title='bbox 891 1187 1024 1238; x_wconf 87' lang='lat' dir='ltr'>partes</span> <span class='ocrx_word' id='word_1_139' title='bbox 1068 1187 1129 1224; x_wconf 91' lang='lat' dir='ltr'>est</span> <span class='ocrx_word' id='word_1_140' title='bbox 1173 1183 1400 1224; x_wconf 84' lang='lat' dir='ltr'>molestum.</span> <span class='ocrx_word' id='word_1_141' title='bbox 1456 1183 1628 1238; x_wconf 88' lang='lat' dir='ltr'>Propius</span> <span class='ocrx_word' id='word_1_142' title='bbox 1677 1183 1880 1235; x_wconf 82' lang='lat' dir='ltr'>accedere,</span> <span class='ocrx_word' id='word_1_143' title='bbox 1914 1189 1962 1226; x_wconf 91' lang='lat' dir='ltr'>ut</span> 
     </span>
     <span class='ocr_line' id='line_1_15' title="bbox 185 1255 1961 1312; baseline 0 -14"><span class='ocrx_word' id='word_1_144' title='bbox 185 1257 342 1308; x_wconf 80' lang='lat' dir='ltr'>suades,</span> <span class='ocrx_word' id='word_1_145' title='bbox 379 1273 458 1312; x_wconf 89' lang='lat' dir='ltr'>quo</span> <span class='ocrx_word' id='word_1_146' title='bbox 491 1256 610 1298; x_wconf 90' lang='lat' dir='ltr'>modo</span> <span class='ocrx_word' id='word_1_147' title='bbox 644 1257 729 1298; x_wconf 86' lang='lat' dir='ltr'>sine</span> <span class='ocrx_word' id='word_1_148' title='bbox 762 1255 987 1307; x_wconf 75' lang='lat' dir='ltr'>lictoribus,</span> <span class='ocrx_word' id='word_1_149' title='bbox 1023 1271 1121 1310; x_wconf 87' lang='lat' dir='ltr'>quos</span> <span class='ocrx_word' id='word_1_150' title='bbox 1156 1256 1329 1311; x_wconf 89' lang='lat' dir='ltr'>populus</span> <span class='ocrx_word' id='word_1_151' title='bbox 1364 1255 1491 1306; x_wconf 87' lang='lat' dir='ltr'>dedit,</span> <span class='ocrx_word' id='word_1_152' title='bbox 1528 1258 1719 1312; x_wconf 74' lang='lat' dir='ltr'>possum?</span> <span class='ocrx_word' id='word_1_153' title='bbox 1753 1257 1824 1312; x_wconf 84' lang='lat' dir='ltr'>qui</span> <span class='ocrx_word' id='word_1_154' title='bbox 1861 1257 1961 1299; x_wconf 89' lang='grc'><strong>1111111</strong></span> 
     </span>
     <span class='ocr_line' id='line_1_16' title="bbox 133 1329 1962 1386; baseline -0.001 -13"><span class='ocrx_word' id='word_1_155' title='bbox 133 1346 166 1373; x_wconf 77' lang='grc'>15</span> <span class='ocrx_word' id='word_1_156' title='bbox 184 1331 378 1373; x_wconf 86' lang='grc'><strong>111001111111</strong></span> <span class='ocrx_word' id='word_1_157' title='bbox 424 1330 547 1372; x_wconf 83' lang='lat' dir='ltr'>adimi</span> <span class='ocrx_word' id='word_1_158' title='bbox 590 1346 671 1372; x_wconf 88' lang='grc'><strong>11011</strong></span> <span class='ocrx_word' id='word_1_159' title='bbox 713 1336 895 1385; x_wconf 87' lang='lat' dir='ltr'>possunt.</span> <span class='ocrx_word' id='word_1_160' title='bbox 949 1329 1060 1382; x_wconf 76' lang='lat' dir='ltr'>Quos</span> <span class='ocrx_word' id='word_1_161' title='bbox 1104 1344 1178 1385; x_wconf 85' lang='lat' dir='ltr'>ego</span> <span class='ocrx_word' id='word_1_162' title='bbox 1223 1345 1332 1371; x_wconf 89' lang='lat' dir='ltr'>nunc</span> <span class='ocrx_word' id='word_1_163' title='bbox 1366 1330 1569 1386; x_wconf 75' lang='lat' dir='ltr'>paulisper</span> <span class='ocrx_word' id='word_1_164' title='bbox 1603 1344 1695 1371; x_wconf 91' lang='lat' dir='ltr'>cum</span> <span class='ocrx_word' id='word_1_165' title='bbox 1728 1329 1886 1372; x_wconf 83' lang='lat' dir='ltr'>bacilh‘s</span> <span class='ocrx_word' id='word_1_166' title='bbox 1919 1330 1962 1372; x_wconf 89' lang='lat' dir='ltr'>in</span> 
     </span>
     <span class='ocr_line' id='line_1_17' title="bbox 186 1402 1962 1458; baseline -0.001 -12"><span class='ocrx_word' id='word_1_167' title='bbox 186 1404 347 1446; x_wconf 89' lang='lat' dir='ltr'>turbam</span> <span class='ocrx_word' id='word_1_168' title='bbox 393 1403 546 1445; x_wconf 87' lang='lat' dir='ltr'>conieci</span> <span class='ocrx_word' id='word_1_169' title='bbox 590 1402 640 1444; x_wconf 84' lang='lat' dir='ltr'>ad</span> <span class='ocrx_word' id='word_1_170' title='bbox 684 1402 876 1457; x_wconf 87' lang='lat' dir='ltr'>oppidum</span> <span class='ocrx_word' id='word_1_171' title='bbox 921 1402 1127 1453; x_wconf 88' lang='lat' dir='ltr'>accedens,</span> <span class='ocrx_word' id='word_1_172' title='bbox 1181 1418 1230 1444; x_wconf 90' lang='lat' dir='ltr'>ne</span> <span class='ocrx_word' id='word_1_173' title='bbox 1283 1402 1374 1457; x_wconf 87' lang='lat' dir='ltr'>quis</span> <span class='ocrx_word' id='word_1_174' title='bbox 1421 1402 1594 1458; x_wconf 90' lang='lat' dir='ltr'>impetus</span> <span class='ocrx_word' id='word_1_175' title='bbox 1630 1402 1803 1444; x_wconf 90' lang='lat' dir='ltr'>militum</span> <span class='ocrx_word' id='word_1_176' title='bbox 1836 1403 1962 1445; x_wconf 86' lang='lat' dir='ltr'>fieret.</span> 
     </span>
     <span class='ocr_line' id='line_1_18' title="bbox 190 1474 1962 1532; baseline 0.001 -16"><span class='ocrx_word' id='word_1_177' title='bbox 190 1479 215 1516; x_wconf 83' lang='lat'>†</span> <span class='ocrx_word' id='word_1_178' title='bbox 240 1477 405 1532; x_wconf 85' lang='lat' dir='ltr'>Recipio</span> <span class='ocrx_word' id='word_1_179' title='bbox 438 1480 616 1531; x_wconf 88' lang='lat' dir='ltr'>tempore</span> <span class='ocrx_word' id='word_1_180' title='bbox 649 1490 711 1516; x_wconf 84' lang='grc'><strong>1110</strong></span> <span class='ocrx_word' id='word_1_181' title='bbox 747 1475 879 1515; x_wconf 84' lang='grc'><strong>(101110.</strong></span> <span class='ocrx_word' id='word_1_182' title='bbox 916 1477 956 1515; x_wconf 78' lang='lat'>3.</span> <span class='ocrx_word' id='word_1_183' title='bbox 991 1475 1045 1516; x_wconf 85' lang='lat' dir='ltr'>Te</span> <span class='ocrx_word' id='word_1_184' title='bbox 1079 1490 1189 1516; x_wconf 89' lang='lat' dir='ltr'>nunc</span> <span class='ocrx_word' id='word_1_185' title='bbox 1222 1475 1272 1516; x_wconf 83' lang='lat' dir='ltr'>ad</span> <span class='ocrx_word' id='word_1_186' title='bbox 1308 1474 1523 1530; x_wconf 88' lang='lat' dir='ltr'>oppidum:</span> <span class='ocrx_word' id='word_1_187' title='bbox 1559 1475 1750 1530; x_wconf 90' lang='lat' dir='ltr'>quoniam</span> <span class='ocrx_word' id='word_1_188' title='bbox 1783 1475 1846 1517; x_wconf 88' lang='lat' dir='ltr'>his</span> <span class='ocrx_word' id='word_1_189' title='bbox 1880 1476 1962 1531; x_wconf 85' lang='lat' dir='ltr'>pla-</span> 
     </span>
     <span class='ocr_line' id='line_1_19' title="bbox 188 1547 1962 1603; baseline -0.001 -12"><span class='ocrx_word' id='word_1_190' title='bbox 188 1555 294 1591; x_wconf 84' lang='lat' dir='ltr'>ceret</span> <span class='ocrx_word' id='word_1_191' title='bbox 339 1548 458 1590; x_wconf 89' lang='lat' dir='ltr'>modo</span> <span class='ocrx_word' id='word_1_192' title='bbox 509 1548 673 1603; x_wconf 86' lang='lat' dir='ltr'>propius</span> <span class='ocrx_word' id='word_1_193' title='bbox 720 1547 920 1598; x_wconf 81' lang='lat' dir='ltr'>accedere,</span> <span class='ocrx_word' id='word_1_194' title='bbox 966 1553 1012 1589; x_wconf 88' lang='lat' dir='ltr'>ut</span> <span class='ocrx_word' id='word_1_195' title='bbox 1062 1548 1135 1589; x_wconf 88' lang='lat' dir='ltr'>hac</span> <span class='ocrx_word' id='word_1_196' title='bbox 1181 1548 1229 1589; x_wconf 90' lang='lat' dir='ltr'>de</span> <span class='ocrx_word' id='word_1_197' title='bbox 1274 1563 1314 1588; x_wconf 89' lang='lat' dir='ltr'>re</span> <span class='ocrx_word' id='word_1_198' title='bbox 1348 1547 1662 1590; x_wconf 83' lang='lat' dir='ltr'>considerarent.</span> <span class='ocrx_word' id='word_1_199' title='bbox 1717 1547 1847 1590; x_wconf 86' lang='lat' dir='ltr'>Credo</span> <span class='ocrx_word' id='word_1_200' title='bbox 1881 1548 1962 1590; x_wconf 87' lang='lat' dir='ltr'>fore</span> 
     </span>
     <span class='ocr_line' id='line_1_20' title="bbox 189 1620 1961 1676; baseline -0.001 -11"><span class='ocrx_word' id='word_1_201' title='bbox 189 1632 384 1665; x_wconf 79' lang='lat' dir='ltr'>auctores.</span> <span class='ocrx_word' id='word_1_202' title='bbox 420 1622 485 1663; x_wconf 87' lang='lat' dir='ltr'>Sic</span> <span class='ocrx_word' id='word_1_203' title='bbox 520 1622 627 1662; x_wconf 86' lang='lat' dir='ltr'>enim</span> <span class='ocrx_word' id='word_1_204' title='bbox 661 1621 876 1676; x_wconf 87' lang='lat' dir='ltr'>recipiunt,</span> <span class='ocrx_word' id='word_1_205' title='bbox 912 1621 1072 1663; x_wconf 83' lang='lat' dir='ltr'>Caesari</span> <span class='ocrx_word' id='word_1_206' title='bbox 1106 1637 1187 1663; x_wconf 89' lang='lat' dir='ltr'>non</span> <span class='ocrx_word' id='word_1_207' title='bbox 1222 1621 1340 1663; x_wconf 87' lang='lat' dir='ltr'>modo</span> <span class='ocrx_word' id='word_1_208' title='bbox 1374 1621 1422 1661; x_wconf 91' lang='lat' dir='ltr'>de</span> <span class='ocrx_word' id='word_1_209' title='bbox 1457 1620 1729 1662; x_wconf 80' lang='lat' dir='ltr'>conservanda</span> <span class='ocrx_word' id='word_1_210' title='bbox 1752 1621 1821 1662; x_wconf 91' lang='lat' dir='ltr'>sed</span> <span class='ocrx_word' id='word_1_211' title='bbox 1842 1621 1961 1663; x_wconf 84' lang='lat' dir='ltr'>etiam</span> 
     </span>
     <span class='ocr_line' id='line_1_21' title="bbox 138 1694 1960 1751; baseline -0.001 -14"><span class='ocrx_word' id='word_1_212' title='bbox 138 1713 170 1737; x_wconf 63' lang='grc' dir='ltr'>ρο</span> <span class='ocrx_word' id='word_1_213' title='bbox 191 1698 238 1739; x_wconf 87' lang='grc'>(10</span> <span class='ocrx_word' id='word_1_214' title='bbox 274 1695 457 1750; x_wconf 77' lang='lat' dir='ltr'>augenda</span> <span class='ocrx_word' id='word_1_215' title='bbox 490 1710 578 1736; x_wconf 88' lang='lat' dir='ltr'>mea</span> <span class='ocrx_word' id='word_1_216' title='bbox 612 1695 810 1750; x_wconf 80' lang='lat' dir='ltr'>dignitate</span> <span class='ocrx_word' id='word_1_217' title='bbox 845 1709 962 1735; x_wconf 87' lang='lat' dir='ltr'>curae</span> <span class='ocrx_word' id='word_1_218' title='bbox 996 1694 1092 1746; x_wconf 83' lang='lat' dir='ltr'>fore,</span> <span class='ocrx_word' id='word_1_219' title='bbox 1129 1710 1271 1751; x_wconf 90' lang='lat' dir='ltr'>meque</span> <span class='ocrx_word' id='word_1_220' title='bbox 1306 1694 1532 1743; x_wconf 84' lang='lat' dir='ltr'>hortantur,</span> <span class='ocrx_word' id='word_1_221' title='bbox 1567 1698 1613 1734; x_wconf 89' lang='lat' dir='ltr'>ut</span> <span class='ocrx_word' id='word_1_222' title='bbox 1647 1708 1794 1748; x_wconf 86' lang='lat' dir='ltr'>magno</span> <span class='ocrx_word' id='word_1_223' title='bbox 1826 1694 1960 1736; x_wconf 87' lang='lat' dir='ltr'>animo</span> 
     </span>
     <span class='ocr_line' id='line_1_22' title="bbox 190 1767 1960 1823; baseline -0.002 -12"><span class='ocrx_word' id='word_1_224' title='bbox 190 1771 278 1820; x_wconf 78' lang='lat' dir='ltr'>sim,</span> <span class='ocrx_word' id='word_1_225' title='bbox 329 1775 375 1810; x_wconf 64' lang='lat' dir='ltr'>ut&gt;</span> <span class='ocrx_word' id='word_1_226' title='bbox 419 1767 551 1809; x_wconf 89' lang='lat' dir='ltr'>omnia</span> <span class='ocrx_word' id='word_1_227' title='bbox 597 1782 755 1808; x_wconf 87' lang='lat' dir='ltr'>summa</span> <span class='ocrx_word' id='word_1_228' title='bbox 799 1782 974 1822; x_wconf 89' lang='lat' dir='ltr'>sperem:</span> <span class='ocrx_word' id='word_1_229' title='bbox 1023 1783 1068 1808; x_wconf 82' lang='lat' dir='ltr'>ea</span> <span class='ocrx_word' id='word_1_230' title='bbox 1114 1767 1327 1823; x_wconf 85' lang='lat' dir='ltr'>spondent,</span> <span class='ocrx_word' id='word_1_231' title='bbox 1374 1767 1625 1815; x_wconf 89' lang='lat' dir='ltr'>confirmant,</span> <span class='ocrx_word' id='word_1_232' title='bbox 1662 1781 1762 1820; x_wconf 83' lang='lat' dir='ltr'>quae</span> <span class='ocrx_word' id='word_1_233' title='bbox 1797 1767 1960 1821; x_wconf 81' lang='lat' dir='ltr'>quidem</span> 
     </span>
     <span class='ocr_line' id='line_1_23' title="bbox 192 1840 1960 1896; baseline -0.001 -13"><span class='ocrx_word' id='word_1_234' title='bbox 192 1843 290 1884; x_wconf 88' lang='lat' dir='ltr'>mihi</span> <span class='ocrx_word' id='word_1_235' title='bbox 333 1840 600 1896; x_wconf 83' lang='lat' dir='ltr'>exploratiora</span> <span class='ocrx_word' id='word_1_236' title='bbox 643 1846 788 1890; x_wconf 87' lang='lat' dir='ltr'>essent,</span> <span class='ocrx_word' id='word_1_237' title='bbox 839 1840 872 1881; x_wconf 92' lang='lat' dir='ltr'>si</span> <span class='ocrx_word' id='word_1_238' title='bbox 916 1841 1209 1882; x_wconf 86' lang='lat' dir='ltr'>remansissem.</span> <span class='ocrx_word' id='word_1_239' title='bbox 1261 1841 1338 1883; x_wconf 87' lang='lat' dir='ltr'>Sed</span> <span class='ocrx_word' id='word_1_240' title='bbox 1383 1840 1522 1895; x_wconf 82' lang='lat' dir='ltr'>ingero</span> <span class='ocrx_word' id='word_1_241' title='bbox 1565 1840 1794 1895; x_wconf 86' lang='lat' dir='ltr'>praeterita.</span> <span class='ocrx_word' id='word_1_242' title='bbox 1841 1840 1960 1891; x_wconf 85' lang='lat' dir='ltr'>Vide,</span> 
     </span>
    </p>
   </div>
   <div class='ocr_carea' id='block_1_3' title="bbox 196 2002 1966 2098">
    <p class='ocr_par' dir='ltr' id='par_1_3' title="bbox 196 2002 1966 2098">
     <span class='ocr_line' id='line_1_24' title="bbox 236 2002 1965 2046; baseline 0 -11"><span class='ocrx_word' id='word_1_243' title='bbox 236 2006 254 2044; x_wconf 65' lang='grc' dir='ltr'><em>ξ</em></span> <span class='ocrx_word' id='word_1_244' title='bbox 278 2005 306 2035; x_wconf 79' lang='lat'>2.</span> <span class='ocrx_word' id='word_1_245' title='bbox 330 2002 392 2034; x_wconf 81' lang='lat' dir='ltr'>Sed</span> <span class='ocrx_word' id='word_1_246' title='bbox 412 2002 668 2034; x_wconf 72' lang='lat' dir='ltr'>scio—dolorem</span> <span class='ocrx_word' id='word_1_247' title='bbox 693 2013 798 2034; x_wconf 73' lang='lat' dir='ltr'>meum.</span> <span class='ocrx_word' id='word_1_248' title='bbox 826 2018 837 2029; x_wconf 76' lang='grc' dir='ltr'><strong>υ</strong></span> <span class='ocrx_word' id='word_1_249' title='bbox 851 2004 914 2035; x_wconf 85' lang='lat' dir='ltr'>Sed</span> <span class='ocrx_word' id='word_1_250' title='bbox 940 2014 1054 2036; x_wconf 79' lang='lat' dir='ltr'>vereor</span> <span class='ocrx_word' id='word_1_251' title='bbox 1102 2005 1184 2036; x_wconf 83' lang='lat' dir='ltr'>tavi:</span> <span class='ocrx_word' id='word_1_252' title='bbox 1218 2004 1377 2045; x_wconf 60' lang='lat' dir='ltr'>Recipim</span> <span class='ocrx_word' id='word_1_253' title='bbox 1407 2005 1464 2043; x_wconf 84' lang='lat' dir='ltr'>(sc.</span> <span class='ocrx_word' id='word_1_254' title='bbox 1505 2005 1650 2046; x_wconf 82' lang='lat' dir='ltr'>lictores)</span> <span class='ocrx_word' id='word_1_255' title='bbox 1681 2006 1816 2044; x_wconf 75' lang='lat' dir='ltr'>(empore</span> <span class='ocrx_word' id='word_1_256' title='bbox 1843 2004 1965 2035; x_wconf 72' lang='lat' dir='ltr'>idoneo.</span> 
     </span>
     <span class='ocr_line' id='line_1_25' title="bbox 196 2056 1966 2098; baseline -0.001 -10"><span class='ocrx_word' id='word_1_257' title='bbox 196 2067 236 2089; x_wconf 91' lang='lat' dir='ltr'>ne</span> <span class='ocrx_word' id='word_1_258' title='bbox 259 2057 302 2088; x_wconf 93' lang='lat' dir='ltr'>ob</span> <span class='ocrx_word' id='word_1_259' title='bbox 324 2056 469 2088; x_wconf 80' lang='lat' dir='ltr'>studium</span> <span class='ocrx_word' id='word_1_260' title='bbox 499 2056 649 2097; x_wconf 82' lang='lat' dir='ltr'>erigendi</span> <span class='ocrx_word' id='word_1_261' title='bbox 681 2057 784 2088; x_wconf 83' lang='lat' dir='ltr'>animi</span> <span class='ocrx_word' id='word_1_262' title='bbox 814 2057 878 2089; x_wconf 90' lang='lat' dir='ltr'>mei</span> <span class='ocrx_word' id='word_1_263' title='bbox 909 2057 1054 2088; x_wconf 83' lang='lat' dir='ltr'>officioso</span> <span class='ocrx_word' id='word_1_264' title='bbox 1104 2060 1196 2088; x_wconf 59' lang='lat' dir='ltr'>hurle</span> <span class='ocrx_word' id='word_1_265' title='bbox 1219 2068 1301 2088; x_wconf 74' lang='lat' dir='ltr'>nunc</span> <span class='ocrx_word' id='word_1_266' title='bbox 1323 2057 1368 2088; x_wconf 81' lang='lat' dir='ltr'>ud</span> <span class='ocrx_word' id='word_1_267' title='bbox 1391 2057 1518 2097; x_wconf 56' lang='lat' dir='ltr'>oppium</span> <span class='ocrx_word' id='word_1_268' title='bbox 1550 2058 1598 2097; x_wconf 80' lang='lat' dir='ltr'>(et</span> <span class='ocrx_word' id='word_1_269' title='bbox 1621 2057 1781 2095; x_wconf 80' lang='lat' dir='ltr'>Balbum),</span> <span class='ocrx_word' id='word_1_270' title='bbox 1821 2056 1966 2098; x_wconf 76' lang='lat' dir='ltr'>quoniam</span> 
     </span>
    </p>
   </div>
   <div class='ocr_carea' id='block_1_4' title="bbox 195 2109 1055 2308">
    <p class='ocr_par' dir='ltr' id='par_1_4' title="bbox 195 2109 1055 2308">
     <span class='ocr_line' id='line_1_26' title="bbox 195 2109 746 2143; baseline -0.005 0"><span class='ocrx_word' id='word_1_271' title='bbox 195 2110 368 2143; x_wconf 85' lang='lat' dir='ltr'>mendacio</span> <span class='ocrx_word' id='word_1_272' title='bbox 391 2110 528 2141; x_wconf 71' lang='lat' dir='ltr'>utaris.”</span> <span class='ocrx_word' id='word_1_273' title='bbox 550 2109 746 2141; x_wconf 76' lang='lat' dir='ltr'>Gronovius.</span> 
     </span>
     <span class='ocr_line' id='line_1_27' title="bbox 236 2162 729 2203; baseline -0.002 -10"><span class='ocrx_word' id='word_1_274' title='bbox 236 2163 275 2193; x_wconf 85' lang='lat' dir='ltr'>In</span> <span class='ocrx_word' id='word_1_275' title='bbox 299 2162 368 2193; x_wconf 67' lang='lat' dir='ltr'>illis</span> <span class='ocrx_word' id='word_1_276' title='bbox 390 2172 421 2193; x_wconf 82' lang='lat' dir='ltr'>o:</span> <span class='ocrx_word' id='word_1_277' title='bbox 448 2162 482 2192; x_wconf 86' lang='lat' dir='ltr'>in</span> <span class='ocrx_word' id='word_1_278' title='bbox 507 2162 729 2203; x_wconf 81' lang='lat' dir='ltr'>Pompeianis.</span> 
     </span>
     <span class='ocr_line' id='line_1_28' title="bbox 239 2215 1023 2256; baseline 0 -10"><span class='ocrx_word' id='word_1_279' title='bbox 239 2215 421 2256; x_wconf 72' lang='lat' dir='ltr'>Informata</span> <span class='ocrx_word' id='word_1_280' title='bbox 444 2225 476 2245; x_wconf 80' lang='lat' dir='ltr'>o:</span> <span class='ocrx_word' id='word_1_281' title='bbox 503 2220 613 2246; x_wconf 85' lang='lat' dir='ltr'>mente</span> <span class='ocrx_word' id='word_1_282' title='bbox 637 2220 803 2256; x_wconf 83' lang='lat' dir='ltr'>concepta.</span> <span class='ocrx_word' id='word_1_283' title='bbox 828 2216 867 2246; x_wconf 79' lang='lat' dir='ltr'>cf.</span> <span class='ocrx_word' id='word_1_284' title='bbox 891 2216 919 2246; x_wconf 95' lang='lat' dir='ltr'>I.</span> <span class='ocrx_word' id='word_1_285' title='bbox 943 2217 970 2253; x_wconf 88' lang='lat' dir='ltr'>l,</span> <span class='ocrx_word' id='word_1_286' title='bbox 995 2216 1023 2246; x_wconf 78' lang='lat'>2.</span> 
     </span>
     <span class='ocr_line' id='line_1_29' title="bbox 242 2269 1055 2308; baseline 0.001 -9"><span class='ocrx_word' id='word_1_287' title='bbox 242 2270 345 2300; x_wconf 19' lang='lat' dir='ltr'>*mnus</span> <span class='ocrx_word' id='word_1_288' title='bbox 366 2269 517 2300; x_wconf 72' lang='lat' dir='ltr'>sermonis</span> <span class='ocrx_word' id='word_1_289' title='bbox 538 2269 706 2301; x_wconf 67' lang='lat' dir='ltr'>subiissem.</span> <span class='ocrx_word' id='word_1_290' title='bbox 730 2270 782 2301; x_wconf 82' lang='lat' dir='ltr'>Ita</span> <span class='ocrx_word' id='word_1_291' title='bbox 804 2270 898 2302; x_wconf 82' lang='lat' dir='ltr'>Fam.</span> <span class='ocrx_word' id='word_1_292' title='bbox 918 2270 979 2301; x_wconf 91' lang='lat' dir='ltr'>IX.</span> <span class='ocrx_word' id='word_1_293' title='bbox 997 2271 1024 2308; x_wconf 79' lang='lat'>3,</span> <span class='ocrx_word' id='word_1_294' title='bbox 1039 2271 1055 2300; x_wconf 89' lang='lat'>1</span> 
     </span>
    </p>
   </div>
   <div class='ocr_carea' id='block_1_5' title="bbox 1103 2109 1966 2150">
    <p class='ocr_par' dir='ltr' id='par_1_5' title="bbox 1103 2109 1966 2150">
     <span class='ocr_line' id='line_1_30' title="bbox 1103 2109 1966 2150; baseline 0.001 -11"><span class='ocrx_word' id='word_1_295' title='bbox 1103 2109 1152 2140; x_wconf 75' lang='lat' dir='ltr'>his</span> <span class='ocrx_word' id='word_1_296' title='bbox 1175 2117 1204 2140; x_wconf 80' lang='lat' dir='ltr'>si</span> <span class='ocrx_word' id='word_1_297' title='bbox 1221 2110 1366 2150; x_wconf 76' lang='lat' dir='ltr'>placeret</span> <span class='ocrx_word' id='word_1_298' title='bbox 1390 2118 1434 2140; x_wconf 76' lang='lat' dir='ltr'>EO</span> <span class='ocrx_word' id='word_1_299' title='bbox 1459 2110 1545 2140; x_wconf 84' lang='lat' dir='ltr'>modo</span> <span class='ocrx_word' id='word_1_300' title='bbox 1576 2111 1645 2150; x_wconf 82' lang='lat' dir='ltr'>(np.</span> <span class='ocrx_word' id='word_1_301' title='bbox 1674 2119 1748 2140; x_wconf 87' lang='grc'><strong>011111</strong></span> <span class='ocrx_word' id='word_1_302' title='bbox 1779 2109 1966 2149; x_wconf 86' lang='lat' dir='ltr'>lictoribus)</span> 
     </span>
    </p>
   </div>
   <div class='ocr_carea' id='block_1_6' title="bbox 1095 2163 1954 2204">
    <p class='ocr_par' dir='ltr' id='par_1_6' title="bbox 1095 2163 1954 2204">
     <span class='ocr_line' id='line_1_31' title="bbox 1095 2163 1954 2204; baseline 0 -11"><span class='ocrx_word' id='word_1_303' title='bbox 1095 2163 1244 2204; x_wconf 74' lang='lat' dir='ltr'>proprius</span> <span class='ocrx_word' id='word_1_304' title='bbox 1265 2163 1422 2201; x_wconf 79' lang='lat' dir='ltr'>accedere,</span> <span class='ocrx_word' id='word_1_305' title='bbox 1447 2164 1506 2193; x_wconf 79' lang='lat' dir='ltr'>hac</span> <span class='ocrx_word' id='word_1_306' title='bbox 1528 2164 1567 2194; x_wconf 77' lang='lat' dir='ltr'>de</span> <span class='ocrx_word' id='word_1_307' title='bbox 1591 2173 1625 2194; x_wconf 85' lang='lat' dir='ltr'>re</span> <span class='ocrx_word' id='word_1_308' title='bbox 1647 2163 1877 2194; x_wconf 63' lang='lat' dir='ltr'>considerarem</span> <span class='ocrx_word' id='word_1_309' title='bbox 1893 2164 1954 2204; x_wconf 85' lang='lat' dir='ltr'>(np</span> 
     </span>
    </p>
   </div>
   <div class='ocr_carea' id='block_1_7' title="bbox 1102 2216 1967 2313">
    <p class='ocr_par' dir='ltr' id='par_1_7' title="bbox 1102 2216 1967 2313">
     <span class='ocr_line' id='line_1_32' title="bbox 1102 2216 1967 2257; baseline 0 -10"><span class='ocrx_word' id='word_1_310' title='bbox 1102 2222 1214 2247; x_wconf 87' lang='lat' dir='ltr'>utrum</span> <span class='ocrx_word' id='word_1_311' title='bbox 1244 2217 1442 2254; x_wconf 83' lang='lat' dir='ltr'>accederem,</span> <span class='ocrx_word' id='word_1_312' title='bbox 1480 2220 1611 2255; x_wconf 87' lang='grc'><strong>1100110).</strong></span> <span class='ocrx_word' id='word_1_313' title='bbox 1656 2216 1820 2257; x_wconf 78' lang='lat' dir='ltr'>Pleraque</span> <span class='ocrx_word' id='word_1_314' title='bbox 1849 2216 1884 2247; x_wconf 91' lang='lat' dir='ltr'>in</span> <span class='ocrx_word' id='word_1_315' title='bbox 1914 2216 1967 2247; x_wconf 84' lang='lat' dir='ltr'>his</span> 
     </span>
     <span class='ocr_line' id='line_1_33' title="bbox 1103 2271 1966 2313; baseline 0 -11"><span class='ocrx_word' id='word_1_316' title='bbox 1103 2282 1207 2313; x_wconf 88' lang='lat' dir='ltr'>paene</span> <span class='ocrx_word' id='word_1_317' title='bbox 1229 2272 1315 2302; x_wconf 84' lang='lat' dir='ltr'>nihil</span> <span class='ocrx_word' id='word_1_318' title='bbox 1337 2283 1356 2302; x_wconf 84' lang='lat' dir='ltr'>a</span> <span class='ocrx_word' id='word_1_319' title='bbox 1378 2273 1447 2303; x_wconf 88' lang='lat' dir='ltr'>cod.</span> <span class='ocrx_word' id='word_1_320' title='bbox 1473 2273 1562 2304; x_wconf 84' lang='lat' dir='ltr'>Med.</span> <span class='ocrx_word' id='word_1_321' title='bbox 1585 2273 1753 2303; x_wconf 83' lang='lat' dir='ltr'>recedunt.</span> <span class='ocrx_word' id='word_1_322' title='bbox 1798 2271 1880 2302; x_wconf 85' lang='lat' dir='ltr'>Post</span> <span class='ocrx_word' id='word_1_323' title='bbox 1905 2271 1966 2312; x_wconf 81' lang='lat' dir='ltr'>Op·</span> 
     </span>
    </p>
   </div>
   <div class='ocr_carea' id='block_1_8' title="bbox 197 2323 1968 2365">
    <p class='ocr_par' dir='ltr' id='par_1_8' title="bbox 197 2323 1968 2365">
     <span class='ocr_line' id='line_1_34' title="bbox 197 2323 1968 2365; baseline 0 -10"><span class='ocrx_word' id='word_1_324' title='bbox 197 2325 283 2355; x_wconf 79' lang='lat' dir='ltr'>dixit</span> <span class='ocrx_word' id='word_1_325' title='bbox 305 2324 384 2355; x_wconf 84' lang='lat' dir='ltr'>dare</span> <span class='ocrx_word' id='word_1_326' title='bbox 407 2333 574 2354; x_wconf 69' lang='lat' dir='ltr'>sermonem</span> <span class='ocrx_word' id='word_1_327' title='bbox 597 2323 788 2354; x_wconf 86' lang='lat' dir='ltr'>hominibus</span> <span class='ocrx_word' id='word_1_328' title='bbox 819 2330 851 2356; x_wconf 88' lang='lat' dir='ltr'>et</span> <span class='ocrx_word' id='word_1_329' title='bbox 880 2324 913 2355; x_wconf 80' lang='lat' dir='ltr'>in</span> <span class='ocrx_word' id='word_1_330' title='bbox 946 2334 1057 2354; x_wconf 78' lang='lat' dir='ltr'>sermo·</span> <span class='ocrx_word' id='word_1_331' title='bbox 1099 2324 1185 2364; x_wconf 81' lang='lat' dir='ltr'>pium</span> <span class='ocrx_word' id='word_1_332' title='bbox 1209 2325 1261 2356; x_wconf 84' lang='lat' dir='ltr'>vel</span> <span class='ocrx_word' id='word_1_333' title='bbox 1285 2329 1359 2356; x_wconf 80' lang='lat' dir='ltr'>ante</span> <span class='ocrx_word' id='word_1_334' title='bbox 1389 2324 1515 2365; x_wconf 71' lang='lat' dir='ltr'>Oppium</span> <span class='ocrx_word' id='word_1_335' title='bbox 1541 2334 1664 2356; x_wconf 84' lang='lat' dir='ltr'>nomen</span> <span class='ocrx_word' id='word_1_336' title='bbox 1679 2324 1777 2356; x_wconf 86' lang='lat' dir='ltr'>Balbi</span> <span class='ocrx_word' id='word_1_337' title='bbox 1797 2324 1968 2361; x_wconf 77' lang='lat' dir='ltr'>excidisse,</span> 
     </span>
    </p>
   </div>
   <div class='ocr_carea' id='block_1_9' title="bbox 180 2376 1087 3220">
    <p class='ocr_par' dir='ltr' id='par_1_9' title="bbox 198 2376 928 2409">
     <span class='ocr_line' id='line_1_35' title="bbox 198 2376 928 2409; baseline -0.001 -1"><span class='ocrx_word' id='word_1_338' title='bbox 198 2388 265 2408; x_wconf 68' lang='lat' dir='ltr'>nem</span> <span class='ocrx_word' id='word_1_339' title='bbox 287 2377 438 2408; x_wconf 76' lang='lat' dir='ltr'>incidere.</span> <span class='ocrx_word' id='word_1_340' title='bbox 461 2376 502 2407; x_wconf 89' lang='lat' dir='ltr'>cf.</span> <span class='ocrx_word' id='word_1_341' title='bbox 526 2377 645 2407; x_wconf 72' lang='lat' dir='ltr'>Matth.</span> <span class='ocrx_word' id='word_1_342' title='bbox 669 2378 708 2407; x_wconf 88' lang='lat' dir='ltr'>ad</span> <span class='ocrx_word' id='word_1_343' title='bbox 733 2378 802 2409; x_wconf 82' lang='lat' dir='ltr'>Cat.</span> <span class='ocrx_word' id='word_1_344' title='bbox 827 2378 854 2408; x_wconf 94' lang='lat' dir='ltr'>I.</span> <span class='ocrx_word' id='word_1_345' title='bbox 878 2378 928 2408; x_wconf 76' lang='lat'>23.</span> 
     </span>
    </p>

    <p class='ocr_par' dir='ltr' id='par_1_10' title="bbox 198 2430 1058 2517">
     <span class='ocr_line' id='line_1_36' title="bbox 240 2430 1058 2471; baseline 0.002 -12"><span class='ocrx_word' id='word_1_346' title='bbox 240 2430 342 2471; x_wconf 77' lang='lat' dir='ltr'>[psum</span> <span class='ocrx_word' id='word_1_347' title='bbox 367 2430 433 2466; x_wconf 72' lang='lat' dir='ltr'>hoc,</span> <span class='ocrx_word' id='word_1_348' title='bbox 458 2430 544 2470; x_wconf 87' lang='lat' dir='ltr'>quod</span> <span class='ocrx_word' id='word_1_349' title='bbox 567 2439 655 2459; x_wconf 87' lang='grc'><strong>1111110</strong></span> <span class='ocrx_word' id='word_1_350' title='bbox 678 2439 730 2461; x_wconf 88' lang='grc'><strong>1110</strong></span> <span class='ocrx_word' id='word_1_351' title='bbox 744 2430 913 2470; x_wconf 80' lang='lat' dir='ltr'>angit,1ne</span> <span class='ocrx_word' id='word_1_352' title='bbox 933 2431 1058 2461; x_wconf 83' lang='lat' dir='ltr'>malum</span> 
     </span>
     <span class='ocr_line' id='line_1_37' title="bbox 198 2485 519 2517; baseline -0.006 0"><span class='ocrx_word' id='word_1_353' title='bbox 198 2486 374 2517; x_wconf 74' lang='lat' dir='ltr'>consilium</span> <span class='ocrx_word' id='word_1_354' title='bbox 396 2485 519 2516; x_wconf 88' lang='lat' dir='ltr'>iniisse.</span> 
     </span>
    </p>

    <p class='ocr_par' dir='ltr' id='par_1_11' title="bbox 196 2538 1060 2900">
     <span class='ocr_line' id='line_1_38' title="bbox 240 2538 1058 2579; baseline 0 -10"><span class='ocrx_word' id='word_1_355' title='bbox 240 2539 280 2569; x_wconf 72' lang='lat' dir='ltr'>In</span> <span class='ocrx_word' id='word_1_356' title='bbox 304 2549 407 2570; x_wconf 76' lang='lat' dir='ltr'>omnes</span> <span class='ocrx_word' id='word_1_357' title='bbox 422 2540 544 2578; x_wconf 73' lang='lat' dir='ltr'>partes.</span> <span class='ocrx_word' id='word_1_358' title='bbox 570 2538 706 2578; x_wconf 75' lang='lat' dir='ltr'>Belgice</span> <span class='ocrx_word' id='word_1_359' title='bbox 729 2539 855 2570; x_wconf 79' lang='lat' dir='ltr'>diceres</span> <span class='ocrx_word' id='word_1_360' title='bbox 878 2539 908 2569; x_wconf 73' lang='lat' dir='ltr'>in</span> <span class='ocrx_word' id='word_1_361' title='bbox 931 2540 996 2570; x_wconf 73' lang='lat' dir='ltr'>alle</span> <span class='ocrx_word' id='word_1_362' title='bbox 1010 2550 1058 2579; x_wconf 74' lang='lat' dir='ltr'>op·</span> 
     </span>
     <span class='ocr_line' id='line_1_39' title="bbox 202 2591 1057 2633; baseline 0.001 -10"><span class='ocrx_word' id='word_1_363' title='bbox 202 2593 332 2623; x_wconf 49' lang='lat' dir='ltr'>weluen.</span> <span class='ocrx_word' id='word_1_364' title='bbox 357 2592 406 2623; x_wconf 87' lang='lat' dir='ltr'>De</span> <span class='ocrx_word' id='word_1_365' title='bbox 430 2601 490 2622; x_wconf 85' lang='lat' dir='ltr'>usu</span> <span class='ocrx_word' id='word_1_366' title='bbox 514 2601 544 2621; x_wconf 79' lang='lat' dir='ltr'>v.</span> <span class='ocrx_word' id='word_1_367' title='bbox 561 2591 669 2631; x_wconf 74' lang='lat' dir='ltr'>partis</span> <span class='ocrx_word' id='word_1_368' title='bbox 689 2592 753 2623; x_wconf 82' lang='lat' dir='ltr'>late</span> <span class='ocrx_word' id='word_1_369' title='bbox 777 2593 902 2633; x_wconf 82' lang='lat' dir='ltr'>patenti</span> <span class='ocrx_word' id='word_1_370' title='bbox 918 2593 1057 2633; x_wconf 85' lang='lat' dir='ltr'>pruden-</span> 
     </span>
     <span class='ocr_line' id='line_1_40' title="bbox 198 2644 1057 2687; baseline 0.001 -10"><span class='ocrx_word' id='word_1_371' title='bbox 198 2654 247 2678; x_wconf 86' lang='lat' dir='ltr'>ter</span> <span class='ocrx_word' id='word_1_372' title='bbox 269 2645 447 2686; x_wconf 82' lang='lat' dir='ltr'>disputavit-</span> <span class='ocrx_word' id='word_1_373' title='bbox 469 2644 506 2676; x_wconf 85' lang='lat' dir='ltr'>C.</span> <span class='ocrx_word' id='word_1_374' title='bbox 528 2644 747 2685; x_wconf 83' lang='lat' dir='ltr'>Nipperdeius</span> <span class='ocrx_word' id='word_1_375' title='bbox 771 2646 805 2676; x_wconf 89' lang='lat' dir='ltr'>in</span> <span class='ocrx_word' id='word_1_376' title='bbox 825 2646 1057 2687; x_wconf 59' lang='grc'><strong>(1000510000-</strong></span> 
     </span>
     <span class='ocr_line' id='line_1_41' title="bbox 199 2698 1060 2740; baseline -0.001 -8"><span class='ocrx_word' id='word_1_377' title='bbox 199 2712 259 2732; x_wconf 79' lang='lat' dir='ltr'>sar.</span> <span class='ocrx_word' id='word_1_378' title='bbox 283 2711 314 2740; x_wconf 85' lang='lat' dir='ltr'>p.</span> <span class='ocrx_word' id='word_1_379' title='bbox 338 2700 374 2730; x_wconf 84' lang='lat'>51</span> <span class='ocrx_word' id='word_1_380' title='bbox 400 2709 447 2739; x_wconf 88' lang='lat' dir='ltr'>sq.</span> <span class='ocrx_word' id='word_1_381' title='bbox 471 2698 538 2730; x_wconf 87' lang='lat' dir='ltr'>Sed</span> <span class='ocrx_word' id='word_1_382' title='bbox 560 2699 644 2738; x_wconf 82' lang='lat' dir='ltr'>apud</span> <span class='ocrx_word' id='word_1_383' title='bbox 669 2699 843 2731; x_wconf 84' lang='lat' dir='ltr'>Caesarem</span> <span class='ocrx_word' id='word_1_384' title='bbox 868 2701 907 2731; x_wconf 92' lang='lat' dir='ltr'>B.</span> <span class='ocrx_word' id='word_1_385' title='bbox 930 2700 969 2731; x_wconf 84' lang='lat' dir='ltr'>G.</span> <span class='ocrx_word' id='word_1_386' title='bbox 992 2701 1019 2731; x_wconf 90' lang='grc' dir='ltr'>Ι.</span> <span class='ocrx_word' id='word_1_387' title='bbox 1040 2701 1060 2731; x_wconf 81' lang='grc'>2</span> 
     </span>
     <span class='ocr_line' id='line_1_42' title="bbox 200 2752 1059 2793; baseline 0.002 -9"><span class='ocrx_word' id='word_1_388' title='bbox 200 2754 337 2785; x_wconf 86' lang='grc'><strong>0111111110</strong></span> <span class='ocrx_word' id='word_1_389' title='bbox 370 2763 430 2793; x_wconf 74' lang='lat' dir='ltr'>qua</span> <span class='ocrx_word' id='word_1_390' title='bbox 454 2762 492 2782; x_wconf 62' lang='lat' dir='ltr'>es</span> <span class='ocrx_word' id='word_1_391' title='bbox 514 2762 548 2782; x_wconf 79' lang='lat' dir='ltr'>re</span> <span class='ocrx_word' id='word_1_392' title='bbox 571 2752 794 2783; x_wconf 61' lang='lat' dir='ltr'>scribendum*</span> <span class='ocrx_word' id='word_1_393' title='bbox 814 2753 958 2791; x_wconf 86' lang='lat' dir='ltr'>videtur,</span> <span class='ocrx_word' id='word_1_394' title='bbox 991 2764 1059 2786; x_wconf 88' lang='lat' dir='ltr'>non</span> 
     </span>
     <span class='ocr_line' id='line_1_43' title="bbox 204 2804 1060 2847; baseline -0.001 -10"><span class='ocrx_word' id='word_1_395' title='bbox 204 2812 238 2837; x_wconf 83' lang='lat' dir='ltr'>ut</span> <span class='ocrx_word' id='word_1_396' title='bbox 260 2806 371 2846; x_wconf 85' lang='lat' dir='ltr'>plures</span> <span class='ocrx_word' id='word_1_397' title='bbox 401 2809 433 2836; x_wconf 87' lang='lat' dir='ltr'>et</span> <span class='ocrx_word' id='word_1_398' title='bbox 470 2804 623 2835; x_wconf 88' lang='lat' dir='ltr'>meliores</span> <span class='ocrx_word' id='word_1_399' title='bbox 661 2805 737 2836; x_wconf 84' lang='lat' dir='ltr'>libri</span> <span class='ocrx_word' id='word_1_400' title='bbox 771 2806 895 2837; x_wconf 82' lang='lat' dir='ltr'>habent</span> <span class='ocrx_word' id='word_1_401' title='bbox 927 2816 988 2847; x_wconf 77' lang='lat' dir='ltr'>qua</span> <span class='ocrx_word' id='word_1_402' title='bbox 1022 2817 1060 2837; x_wconf 66' lang='lat' dir='ltr'>ex</span> 
     </span>
     <span class='ocr_line' id='line_1_44' title="bbox 196 2862 302 2900; baseline 0.019 -12"><span class='ocrx_word' id='word_1_403' title='bbox 196 2862 302 2900; x_wconf 62' lang='lat' dir='ltr'>parte.</span> 
     </span>
    </p>

    <p class='ocr_par' dir='ltr' id='par_1_12' title="bbox 203 2912 1060 3006">
     <span class='ocr_line' id='line_1_45' title="bbox 247 2912 1060 2951; baseline 0 -6"><span class='ocrx_word' id='word_1_404' title='bbox 247 2913 319 2945; x_wconf 75' lang='lat' dir='ltr'>Cum</span> <span class='ocrx_word' id='word_1_405' title='bbox 343 2912 469 2943; x_wconf 67' lang='lat' dir='ltr'>bacillis</span> <span class='ocrx_word' id='word_1_406' title='bbox 492 2922 559 2942; x_wconf 89' lang='lat' dir='ltr'>non</span> <span class='ocrx_word' id='word_1_407' title='bbox 585 2917 734 2951; x_wconf 87' lang='lat' dir='ltr'>poterant</span> <span class='ocrx_word' id='word_1_408' title='bbox 758 2913 859 2944; x_wconf 84' lang='lat' dir='ltr'>latere</span> <span class='ocrx_word' id='word_1_409' title='bbox 892 2914 926 2943; x_wconf 87' lang='lat' dir='ltr'>iu</span> <span class='ocrx_word' id='word_1_410' title='bbox 956 2915 1060 2945; x_wconf 85' lang='lat' dir='ltr'>turba.</span> 
     </span>
     <span class='ocr_line' id='line_1_46' title="bbox 203 2964 971 3006; baseline -0.001 -9"><span class='ocrx_word' id='word_1_411' title='bbox 203 2967 264 2997; x_wconf 77' lang='lat' dir='ltr'>Ser</span> <span class='ocrx_word' id='word_1_412' title='bbox 295 2967 365 2996; x_wconf 71' lang='lat' dir='ltr'>siue</span> <span class='ocrx_word' id='word_1_413' title='bbox 387 2964 522 3002; x_wconf 75' lang='lat' dir='ltr'>bacillis,</span> <span class='ocrx_word' id='word_1_414' title='bbox 547 2969 584 2994; x_wconf 86' lang='lat' dir='ltr'>ut</span> <span class='ocrx_word' id='word_1_415' title='bbox 606 2964 689 2995; x_wconf 77' lang='lat' dir='ltr'>vidit</span> <span class='ocrx_word' id='word_1_416' title='bbox 710 2965 971 3006; x_wconf 84' lang='lat' dir='ltr'>Peerlkampius.</span> 
     </span>
    </p>

    <p class='ocr_par' dir='ltr' id='par_1_13' title="bbox 207 3016 1087 3166">
     <span class='ocr_line' id='line_1_47' title="bbox 246 3016 1061 3058; baseline 0 -10"><span class='ocrx_word' id='word_1_417' title='bbox 246 3019 374 3058; x_wconf 77' lang='lat' dir='ltr'>Recipio</span> <span class='ocrx_word' id='word_1_418' title='bbox 396 3020 532 3057; x_wconf 78' lang='lat' dir='ltr'>tempore</span> <span class='ocrx_word' id='word_1_419' title='bbox 564 3026 610 3046; x_wconf 82' lang='lat' dir='ltr'>me</span> <span class='ocrx_word' id='word_1_420' title='bbox 638 3016 726 3047; x_wconf 83' lang='lat' dir='ltr'>domo</span> <span class='ocrx_word' id='word_1_421' title='bbox 751 3037 790 3041; x_wconf 90' lang='lat'>-</span> <span class='ocrx_word' id='word_1_422' title='bbox 813 3017 1061 3049; x_wconf 69' lang='lat' dir='ltr'>considerarent.</span> 
     </span>
     <span class='ocr_line' id='line_1_48' title="bbox 209 3070 1061 3112; baseline -0.001 -8"><span class='ocrx_word' id='word_1_423' title='bbox 209 3075 313 3104; x_wconf 72' lang='lat' dir='ltr'>Locus</span> <span class='ocrx_word' id='word_1_424' title='bbox 325 3073 559 3103; x_wconf 78' lang='lat' dir='ltr'>conclamatus.</span> <span class='ocrx_word' id='word_1_425' title='bbox 577 3070 731 3101; x_wconf 82' lang='lat' dir='ltr'>Aliorum</span> <span class='ocrx_word' id='word_1_426' title='bbox 744 3072 951 3103; x_wconf 81' lang='lat' dir='ltr'>coniecturae</span> <span class='ocrx_word' id='word_1_427' title='bbox 962 3083 1061 3112; x_wconf 79' lang='lat' dir='ltr'>quum</span> 
     </span>
     <span class='ocr_line' id='line_1_49' title="bbox 207 3125 1087 3166; baseline -0.001 -9"><span class='ocrx_word' id='word_1_428' title='bbox 207 3127 285 3157; x_wconf 81' lang='lat' dir='ltr'>mihi</span> <span class='ocrx_word' id='word_1_429' title='bbox 313 3137 377 3157; x_wconf 85' lang='lat' dir='ltr'>non</span> <span class='ocrx_word' id='word_1_430' title='bbox 404 3125 638 3160; x_wconf 79' lang='lat' dir='ltr'>satisfacerent,</span> <span class='ocrx_word' id='word_1_431' title='bbox 662 3125 730 3164; x_wconf 81' lang='lat' dir='ltr'>ipse</span> <span class='ocrx_word' id='word_1_432' title='bbox 752 3125 838 3155; x_wconf 86' lang='lat' dir='ltr'>hane</span> <span class='ocrx_word' id='word_1_433' title='bbox 861 3126 1062 3157; x_wconf 86' lang='lat' dir='ltr'>emendatio·</span> <span class='ocrx_word' id='word_1_434' title='bbox 1084 3131 1087 3166; x_wconf 62' lang='lat'><em>3</em></span> 
     </span>
    </p>

    <p class='ocr_par' dir='ltr' id='par_1_14' title="bbox 180 3173 1087 3220">
     <span class='ocr_line' id='line_1_50' title="bbox 180 3173 1087 3220; baseline -0.001 -10"><span class='ocrx_word' id='word_1_435' title='bbox 180 3173 183 3174; x_wconf 36' lang='lat'><em>⁷</em></span> <span class='ocrx_word' id='word_1_436' title='bbox 208 3190 292 3216; x_wconf 75' lang='lat' dir='ltr'>neni,</span> <span class='ocrx_word' id='word_1_437' title='bbox 316 3179 433 3220; x_wconf 76' lang='lat' dir='ltr'>partini</span> <span class='ocrx_word' id='word_1_438' title='bbox 457 3176 573 3209; x_wconf 81' lang='lat' dir='ltr'>Orellii</span> <span class='ocrx_word' id='word_1_439' title='bbox 595 3177 732 3216; x_wconf 66' lang='lat' dir='ltr'>vestigia</span> <span class='ocrx_word' id='word_1_440' title='bbox 764 3182 901 3214; x_wconf 74' lang='lat' dir='ltr'>secutus,</span> <span class='ocrx_word' id='word_1_441' title='bbox 932 3178 1061 3218; x_wconf 65' lang='lat' dir='ltr'>excogi-</span> <span class='ocrx_word' id='word_1_442' title='bbox 1084 3178 1087 3197; x_wconf 60' lang='lat'><em>³</em></span> 
     </span>
    </p>
   </div>
   <div class='ocr_carea' id='block_1_10' title="bbox 1104 2376 1971 3164">
    <p class='ocr_par' dir='ltr' id='par_1_15' title="bbox 1104 2376 1971 3099">
     <span class='ocr_line' id='line_1_51' title="bbox 1104 2376 1971 2418; baseline 0 -11"><span class='ocrx_word' id='word_1_443' title='bbox 1104 2377 1324 2408; x_wconf 85' lang='lat' dir='ltr'>certissimum</span> <span class='ocrx_word' id='word_1_444' title='bbox 1365 2377 1481 2414; x_wconf 86' lang='lat' dir='ltr'>habeo,</span> <span class='ocrx_word' id='word_1_445' title='bbox 1513 2377 1670 2418; x_wconf 89' lang='lat' dir='ltr'>quoniam</span> <span class='ocrx_word' id='word_1_446' title='bbox 1702 2376 1818 2408; x_wconf 89' lang='lat' dir='ltr'>Cicero</span> <span class='ocrx_word' id='word_1_447' title='bbox 1851 2377 1885 2407; x_wconf 91' lang='lat' dir='ltr'>in</span> <span class='ocrx_word' id='word_1_448' title='bbox 1919 2376 1971 2413; x_wconf 85' lang='lat' dir='ltr'>iis,</span> 
     </span>
     <span class='ocr_line' id='line_1_52' title="bbox 1105 2429 1971 2471; baseline -0.001 -11"><span class='ocrx_word' id='word_1_449' title='bbox 1105 2439 1190 2471; x_wconf 86' lang='lat' dir='ltr'>quae</span> <span class='ocrx_word' id='word_1_450' title='bbox 1213 2435 1407 2471; x_wconf 85' lang='lat' dir='ltr'>sequuntur,</span> <span class='ocrx_word' id='word_1_451' title='bbox 1432 2430 1552 2470; x_wconf 84' lang='lat' dir='ltr'>phu-ali</span> <span class='ocrx_word' id='word_1_452' title='bbox 1576 2439 1717 2461; x_wconf 89' lang='lat' dir='ltr'>numero</span> <span class='ocrx_word' id='word_1_453' title='bbox 1740 2429 1845 2460; x_wconf 82' lang='lat' dir='ltr'>utitur</span> <span class='ocrx_word' id='word_1_454' title='bbox 1874 2435 1910 2460; x_wconf 84' lang='lat' dir='ltr'>et</span> <span class='ocrx_word' id='word_1_455' title='bbox 1936 2429 1971 2459; x_wconf 88' lang='lat' dir='ltr'>hi</span> 
     </span>
     <span class='ocr_line' id='line_1_53' title="bbox 1104 2473 1971 2523; baseline 0 -10"><span class='ocrx_word' id='word_1_456' title='bbox 1104 2483 1171 2513; x_wconf 88' lang='lat' dir='ltr'>duo</span> <span class='ocrx_word' id='word_1_457' title='bbox 1193 2473 1351 2523; x_wconf 80' lang='lat' dir='ltr'>perpetuo</span> <span class='ocrx_word' id='word_1_458' title='bbox 1374 2482 1441 2514; x_wconf 87' lang='lat' dir='ltr'>fere</span> <span class='ocrx_word' id='word_1_459' title='bbox 1464 2483 1498 2513; x_wconf 90' lang='lat' dir='ltr'>in</span> <span class='ocrx_word' id='word_1_460' title='bbox 1520 2482 1573 2514; x_wconf 89' lang='lat' dir='ltr'>his</span> <span class='ocrx_word' id='word_1_461' title='bbox 1596 2483 1693 2514; x_wconf 90' lang='lat' dir='ltr'>rebus</span> <span class='ocrx_word' id='word_1_462' title='bbox 1713 2492 1779 2513; x_wconf 92' lang='lat' dir='ltr'>una</span> <span class='ocrx_word' id='word_1_463' title='bbox 1796 2482 1971 2513; x_wconf 85' lang='lat' dir='ltr'>nominan-</span> 
     </span>
     <span class='ocr_line' id='line_1_54' title="bbox 1105 2534 1967 2575; baseline -0.001 -9"><span class='ocrx_word' id='word_1_464' title='bbox 1105 2541 1166 2566; x_wconf 86' lang='lat' dir='ltr'>tur.</span> <span class='ocrx_word' id='word_1_465' title='bbox 1192 2536 1246 2575; x_wconf 87' lang='lat' dir='ltr'>(B.</span> <span class='ocrx_word' id='word_1_466' title='bbox 1270 2541 1300 2566; x_wconf 86' lang='lat' dir='ltr'>et</span> <span class='ocrx_word' id='word_1_467' title='bbox 1323 2534 1363 2568; x_wconf 91' lang='lat' dir='ltr'>O.</span> <span class='ocrx_word' id='word_1_468' title='bbox 1387 2535 1450 2566; x_wconf 82' lang='lat' dir='ltr'>IX.</span> <span class='ocrx_word' id='word_1_469' title='bbox 1476 2535 1504 2572; x_wconf 87' lang='lat'>7,</span> <span class='ocrx_word' id='word_1_470' title='bbox 1529 2535 1556 2565; x_wconf 86' lang='lat'>3.</span> <span class='ocrx_word' id='word_1_471' title='bbox 1582 2535 1648 2566; x_wconf 87' lang='lat' dir='ltr'>XI.</span> <span class='ocrx_word' id='word_1_472' title='bbox 1675 2535 1702 2572; x_wconf 61' lang='lat'>7,</span> <span class='ocrx_word' id='word_1_473' title='bbox 1726 2536 1754 2565; x_wconf 85' lang='lat'>4.</span> <span class='ocrx_word' id='word_1_474' title='bbox 1769 2536 1797 2572; x_wconf 92' lang='lat'>8,</span> <span class='ocrx_word' id='word_1_475' title='bbox 1823 2534 1851 2565; x_wconf 84' lang='grc'>1.</span> <span class='ocrx_word' id='word_1_476' title='bbox 1875 2534 1924 2572; x_wconf 83' lang='lat'>14,</span> <span class='ocrx_word' id='word_1_477' title='bbox 1939 2534 1967 2565; x_wconf 78' lang='lat'>2.</span> 
     </span>
     <span class='ocr_line' id='line_1_55' title="bbox 1108 2588 1968 2627; baseline 0 -7"><span class='ocrx_word' id='word_1_478' title='bbox 1108 2590 1154 2627; x_wconf 86' lang='grc'>18,</span> <span class='ocrx_word' id='word_1_479' title='bbox 1182 2589 1208 2620; x_wconf 91' lang='grc'>1.</span> <span class='ocrx_word' id='word_1_480' title='bbox 1232 2589 1314 2620; x_wconf 86' lang='lat' dir='ltr'>XII.</span> <span class='ocrx_word' id='word_1_481' title='bbox 1340 2590 1387 2627; x_wconf 88' lang='lat'>13,</span> <span class='ocrx_word' id='word_1_482' title='bbox 1412 2590 1440 2620; x_wconf 76' lang='lat'>2.</span> <span class='ocrx_word' id='word_1_483' title='bbox 1465 2589 1566 2620; x_wconf 85' lang='lat' dir='ltr'>XIII.</span> <span class='ocrx_word' id='word_1_484' title='bbox 1583 2590 1631 2626; x_wconf 81' lang='lat'>19,</span> <span class='ocrx_word' id='word_1_485' title='bbox 1649 2590 1683 2626; x_wconf 76' lang='lat'>2;</span> <span class='ocrx_word' id='word_1_486' title='bbox 1709 2589 1840 2620; x_wconf 82' lang='lat' dir='ltr'>inverso</span> <span class='ocrx_word' id='word_1_487' title='bbox 1852 2588 1968 2620; x_wconf 87' lang='lat' dir='ltr'>ordine</span> 
     </span>
     <span class='ocr_line' id='line_1_56' title="bbox 1105 2641 1970 2682; baseline -0.001 -9"><span class='ocrx_word' id='word_1_488' title='bbox 1105 2642 1143 2674; x_wconf 89' lang='lat' dir='ltr'>O.</span> <span class='ocrx_word' id='word_1_489' title='bbox 1167 2648 1199 2673; x_wconf 88' lang='lat' dir='ltr'>et</span> <span class='ocrx_word' id='word_1_490' title='bbox 1221 2643 1260 2673; x_wconf 90' lang='lat' dir='ltr'>B.</span> <span class='ocrx_word' id='word_1_491' title='bbox 1285 2641 1386 2672; x_wconf 87' lang='lat' dir='ltr'>XIII.</span> <span class='ocrx_word' id='word_1_492' title='bbox 1411 2642 1440 2678; x_wconf 79' lang='lat'>2,</span> <span class='ocrx_word' id='word_1_493' title='bbox 1474 2643 1501 2672; x_wconf 89' lang='lat'>1.</span> <span class='ocrx_word' id='word_1_494' title='bbox 1525 2641 1603 2672; x_wconf 90' lang='lat' dir='ltr'>ibid.</span> <span class='ocrx_word' id='word_1_495' title='bbox 1635 2642 1701 2682; x_wconf 85' lang='lat'>50).</span> <span class='ocrx_word' id='word_1_496' title='bbox 1727 2641 1845 2682; x_wconf 85' lang='lat' dir='ltr'>Longe</span> <span class='ocrx_word' id='word_1_497' title='bbox 1875 2641 1970 2673; x_wconf 81' lang='lat' dir='ltr'>aliter</span> 
     </span>
     <span class='ocr_line' id='line_1_57' title="bbox 1105 2695 1969 2737; baseline -0.001 -11"><span class='ocrx_word' id='word_1_498' title='bbox 1105 2696 1317 2727; x_wconf 88' lang='lat' dir='ltr'>Hofmannus</span> <span class='ocrx_word' id='word_1_499' title='bbox 1340 2696 1441 2726; x_wconf 89' lang='lat' dir='ltr'>verba</span> <span class='ocrx_word' id='word_1_500' title='bbox 1464 2695 1653 2727; x_wconf 83' lang='lat' dir='ltr'>constituit:</span> <span class='ocrx_word' id='word_1_501' title='bbox 1678 2695 1810 2737; x_wconf 82' lang='lat' dir='ltr'>Reliquo</span> <span class='ocrx_word' id='word_1_502' title='bbox 1833 2697 1969 2736; x_wconf 75' lang='lat' dir='ltr'>tempore</span> 
     </span>
     <span class='ocr_line' id='line_1_58' title="bbox 1105 2748 1958 2789; baseline -0.001 -10"><span class='ocrx_word' id='word_1_503' title='bbox 1105 2760 1150 2780; x_wconf 85' lang='lat' dir='ltr'>me</span> <span class='ocrx_word' id='word_1_504' title='bbox 1172 2749 1255 2779; x_wconf 77' lang='lat' dir='ltr'>domi</span> <span class='ocrx_word' id='word_1_505' title='bbox 1276 2749 1363 2780; x_wconf 75' lang='lat' dir='ltr'>tenui</span> <span class='ocrx_word' id='word_1_506' title='bbox 1386 2748 1430 2779; x_wconf 77' lang='lat' dir='ltr'>ad</span> <span class='ocrx_word' id='word_1_507' title='bbox 1450 2749 1602 2789; x_wconf 72' lang='lat' dir='ltr'>oppidum,</span> <span class='ocrx_word' id='word_1_508' title='bbox 1627 2759 1662 2779; x_wconf 83' lang='lat' dir='ltr'>eo</span> <span class='ocrx_word' id='word_1_509' title='bbox 1684 2748 1829 2789; x_wconf 75' lang='lat' dir='ltr'>quoniam</span> <span class='ocrx_word' id='word_1_510' title='bbox 1850 2748 1958 2788; x_wconf 73' lang='lat' dir='ltr'>displi-</span> 
     </span>
     <span class='ocr_line' id='line_1_59' title="bbox 1105 2801 1970 2843; baseline -0.002 -9"><span class='ocrx_word' id='word_1_511' title='bbox 1105 2805 1188 2834; x_wconf 76' lang='lat' dir='ltr'>ceret</span> <span class='ocrx_word' id='word_1_512' title='bbox 1210 2803 1298 2834; x_wconf 81' lang='lat' dir='ltr'>modo</span> <span class='ocrx_word' id='word_1_513' title='bbox 1314 2802 1444 2843; x_wconf 75' lang='lat' dir='ltr'>propius</span> <span class='ocrx_word' id='word_1_514' title='bbox 1466 2802 1627 2840; x_wconf 84' lang='lat' dir='ltr'>accedere,</span> <span class='ocrx_word' id='word_1_515' title='bbox 1651 2805 1684 2832; x_wconf 74' lang='lat' dir='ltr'>ut</span> <span class='ocrx_word' id='word_1_516' title='bbox 1708 2803 1768 2832; x_wconf 79' lang='grc' dir='ltr'><em>Ιιασ</em></span> <span class='ocrx_word' id='word_1_517' title='bbox 1790 2801 1829 2832; x_wconf 87' lang='lat' dir='ltr'>de</span> <span class='ocrx_word' id='word_1_518' title='bbox 1851 2812 1886 2832; x_wconf 84' lang='lat' dir='ltr'>re</span> <span class='ocrx_word' id='word_1_519' title='bbox 1901 2811 1970 2833; x_wconf 79' lang='lat' dir='ltr'>con-</span> 
     </span>
     <span class='ocr_line' id='line_1_60' title="bbox 1105 2854 1970 2896; baseline -0.002 -10"><span class='ocrx_word' id='word_1_520' title='bbox 1105 2856 1295 2886; x_wconf 75' lang='lat' dir='ltr'>siderarent.</span> <span class='ocrx_word' id='word_1_521' title='bbox 1321 2855 1385 2886; x_wconf 87' lang='lat' dir='ltr'>Vel</span> <span class='ocrx_word' id='word_1_522' title='bbox 1409 2855 1509 2886; x_wconf 87' lang='lat' dir='ltr'>etiam</span> <span class='ocrx_word' id='word_1_523' title='bbox 1531 2855 1593 2885; x_wconf 82' lang='lat' dir='ltr'>sic:</span> <span class='ocrx_word' id='word_1_524' title='bbox 1618 2854 1748 2896; x_wconf 74' lang='lat' dir='ltr'>Reliquo</span> <span class='ocrx_word' id='word_1_525' title='bbox 1771 2856 1907 2894; x_wconf 78' lang='lat' dir='ltr'>tempore</span> <span class='ocrx_word' id='word_1_526' title='bbox 1924 2864 1970 2884; x_wconf 82' lang='lat' dir='ltr'>me</span> 
     </span>
     <span class='ocr_line' id='line_1_61' title="bbox 1105 2908 1968 2950; baseline -0.002 -10"><span class='ocrx_word' id='word_1_527' title='bbox 1105 2909 1186 2940; x_wconf 82' lang='lat' dir='ltr'>domi</span> <span class='ocrx_word' id='word_1_528' title='bbox 1201 2909 1288 2940; x_wconf 69' lang='lat' dir='ltr'>tenui</span> <span class='ocrx_word' id='word_1_529' title='bbox 1302 2909 1347 2939; x_wconf 79' lang='lat' dir='ltr'>ad</span> <span class='ocrx_word' id='word_1_530' title='bbox 1360 2908 1512 2949; x_wconf 78' lang='lat' dir='ltr'>oppidum,</span> <span class='ocrx_word' id='word_1_531' title='bbox 1530 2911 1573 2946; x_wconf 77' lang='lat' dir='ltr'>ut,</span> <span class='ocrx_word' id='word_1_532' title='bbox 1585 2919 1674 2950; x_wconf 76' lang='lat' dir='ltr'>quum</span> <span class='ocrx_word' id='word_1_533' title='bbox 1688 2918 1754 2938; x_wconf 76' lang='lat' dir='ltr'>cum</span> <span class='ocrx_word' id='word_1_534' title='bbox 1766 2908 1816 2938; x_wconf 73' lang='lat' dir='ltr'>his</span> <span class='ocrx_word' id='word_1_535' title='bbox 1820 2908 1968 2948; x_wconf 79' lang='lat' dir='ltr'>placeret</span> 
     </span>
     <span class='ocr_line' id='line_1_62' title="bbox 1106 2960 1970 3002; baseline -0.002 -10"><span class='ocrx_word' id='word_1_536' title='bbox 1106 2962 1194 2993; x_wconf 84' lang='lat' dir='ltr'>modo</span> <span class='ocrx_word' id='word_1_537' title='bbox 1208 2962 1341 3002; x_wconf 74' lang='lat' dir='ltr'>propius</span> <span class='ocrx_word' id='word_1_538' title='bbox 1363 2961 1523 2999; x_wconf 74' lang='lat' dir='ltr'>accedere,</span> <span class='ocrx_word' id='word_1_539' title='bbox 1554 2963 1589 2992; x_wconf 77' lang='lat' dir='ltr'>ut</span> <span class='ocrx_word' id='word_1_540' title='bbox 1612 2961 1673 2992; x_wconf 75' lang='lat' dir='ltr'>hac</span> <span class='ocrx_word' id='word_1_541' title='bbox 1695 2960 1733 2991; x_wconf 87' lang='lat' dir='ltr'>de</span> <span class='ocrx_word' id='word_1_542' title='bbox 1761 2971 1795 2991; x_wconf 86' lang='lat' dir='ltr'>rc</span> <span class='ocrx_word' id='word_1_543' title='bbox 1830 2960 1970 2991; x_wconf 75' lang='lat' dir='ltr'>conside-</span> 
     </span>
     <span class='ocr_line' id='line_1_63' title="bbox 1105 3014 1969 3047; baseline -0.003 -1"><span class='ocrx_word' id='word_1_544' title='bbox 1105 3018 1225 3047; x_wconf 70' lang='lat' dir='ltr'>rarent.</span> <span class='ocrx_word' id='word_1_545' title='bbox 1260 3016 1343 3046; x_wconf 85' lang='lat' dir='ltr'>Uter</span> <span class='ocrx_word' id='word_1_546' title='bbox 1386 3015 1513 3046; x_wconf 85' lang='lat' dir='ltr'>felicior</span> <span class='ocrx_word' id='word_1_547' title='bbox 1547 3015 1646 3046; x_wconf 85' lang='lat' dir='ltr'>fuerit</span> <span class='ocrx_word' id='word_1_548' title='bbox 1684 3015 1718 3045; x_wconf 92' lang='lat' dir='ltr'>in</span> <span class='ocrx_word' id='word_1_549' title='bbox 1752 3014 1969 3044; x_wconf 77' lang='lat' dir='ltr'>coniectando</span> 
     </span>
     <span class='ocr_line' id='line_1_64' title="bbox 1108 3068 1346 3099; baseline -0.004 0"><span class='ocrx_word' id='word_1_550' title='bbox 1108 3069 1254 3099; x_wconf 76' lang='lat' dir='ltr'>iudicent</span> <span class='ocrx_word' id='word_1_551' title='bbox 1280 3068 1346 3098; x_wconf 86' lang='lat' dir='ltr'>alii.</span> 
     </span>
    </p>

    <p class='ocr_par' dir='ltr' id='par_1_16' title="bbox 1148 3121 1969 3164">
     <span class='ocr_line' id='line_1_65' title="bbox 1148 3121 1969 3164; baseline -0.002 -10"><span class='ocrx_word' id='word_1_552' title='bbox 1148 3126 1166 3164; x_wconf 58' lang='grc' dir='ltr'>ᾗ</span> <span class='ocrx_word' id='word_1_553' title='bbox 1191 3123 1220 3154; x_wconf 87' lang='grc'>3.</span> <span class='ocrx_word' id='word_1_554' title='bbox 1242 3123 1304 3154; x_wconf 78' lang='lat' dir='ltr'>Sed</span> <span class='ocrx_word' id='word_1_555' title='bbox 1325 3123 1432 3164; x_wconf 60' lang='lat' dir='ltr'>infler«)</span> <span class='ocrx_word' id='word_1_556' title='bbox 1460 3123 1646 3163; x_wconf 71' lang='lat' dir='ltr'>praeterita.</span> <span class='ocrx_word' id='word_1_557' title='bbox 1684 3122 1797 3162; x_wconf 71' lang='lat' dir='ltr'>Inqero</span> <span class='ocrx_word' id='word_1_558' title='bbox 1819 3128 1856 3153; x_wconf 86' lang='lat' dir='ltr'>ut</span> <span class='ocrx_word' id='word_1_559' title='bbox 1879 3121 1969 3154; x_wconf 88' lang='lat' dir='ltr'>Orel-</span> 
     </span>
    </p>
   </div>
   <div class='ocr_carea' id='block_1_11' title="bbox 1109 3174 2030 3216">
    <p class='ocr_par' dir='ltr' id='par_1_17' title="bbox 1109 3174 2030 3216">
     <span class='ocr_line' id='line_1_66' title="bbox 1109 3174 2030 3216; baseline -0.003 -8"><span class='ocrx_word' id='word_1_560' title='bbox 1109 3178 1162 3214; x_wconf 89' lang='lat' dir='ltr'>lio,</span> <span class='ocrx_word' id='word_1_561' title='bbox 1187 3177 1231 3207; x_wconf 61' lang='lat' dir='ltr'>&gt;ic</span> <span class='ocrx_word' id='word_1_562' title='bbox 1255 3176 1336 3207; x_wconf 82' lang='lat' dir='ltr'>mihi</span> <span class='ocrx_word' id='word_1_563' title='bbox 1354 3183 1543 3216; x_wconf 71' lang='lat' dir='ltr'>suspectiuu</span> <span class='ocrx_word' id='word_1_564' title='bbox 1564 3182 1620 3206; x_wconf 72' lang='lat' dir='ltr'>est.</span> <span class='ocrx_word' id='word_1_565' title='bbox 1645 3174 1794 3206; x_wconf 81' lang='lat' dir='ltr'>Kochius</span> <span class='ocrx_word' id='word_1_566' title='bbox 1811 3175 1969 3207; x_wconf 78' lang='lat' dir='ltr'>coniecit:</span> <span class='ocrx_word' id='word_1_567' title='bbox 2026 3189 2030 3193; x_wconf 51' lang='lat'><em>⁴</em></span> 
     </span>
    </p>
   </div>
  </div>
 </body>
</html>
