2062 3565
165 157 251 196 162

752 347 889 388 XXV.

569 153 654 194 ΕΡ.
689 152 765 193 ΑΒ
798 152 845 192 Τ.
878 149 1230 192 POMPONIUM
1264 147 1529 189 ATTICUM.

957 347 1022 398 (A.
1066 345 1111 386 U.
1149 346 1192 385 C.
1230 343 1347 397 707.)

232 466 271 505 l.
316 462 448 504 Facile.
493 463 687 504 assentior
718 461 801 504 tuis
833 460 975 511 literis,
1010 458 1159 514 quibus
1193 458 1359 513 exponis
1391 457 1576 513 pluribus
1608 455 1740 498 verbis
1772 455 1931 497 nullum

166 536 391 586 consilium,
426 551 506 591 quo
539 551 561 576 a
594 543 634 577 te
667 535 818 592 possim
847 533 993 574 iuvari.
1028 531 1260 574 Consolatio
1294 536 1399 571 certe
1432 530 1545 571 nulla
1578 534 1652 580 est,
1676 544 1778 584 quae
1800 529 1931 570 levare

165 609 293 665 possit
324 608 500 649 dolorem
534 623 682 650 meum.
735 606 855 649 Nihji
888 611 949 647 est
980 605 1088 646 enim
1121 607 1372 645 contractum
1406 617 1502 644 03311
1537 627 1593 632 -
1616 607 1720 643 ’113111
1752 601 1795 642 id
1829 606 1933 642 esset

129 695 143 719 5
165 681 373 723 ferendum
416 705 488 731 —-‚
533 680 603 722 sed
645 680 780 722 omnia
828 678 996 719 fecimus
1047 677 1098 717 iis
1141 674 1342 717 erroribus
1385 680 1427 716 et
1458 674 1630 715 miseriis
1662 679 1703 715 et
1735 674 1859 716 animi
1893 679 1934 714 et

165 755 353 810 corporis,
388 752 535 808 quibus
567 753 740 808 proximi
774 752 931 793 utinam
964 748 1115 790 mederi
1147 747 1403 789 maluissent!
1451 746 1586 792 Quam
1619 745 1671 787 ob
1703 761 1801 797 rem,
1835 761 1932 802 quo·

164 828 273 869 1113111
316 841 446 882 neque
490 826 649 868 consilii
691 826 755 867 tui
797 839 927 880 neque
971 821 1257 864 consolationis
1301 821 1540 875 cuiusquam
1584 834 1674 875 spes
1717 819 1801 860 11113
1831 818 1934 859 1111111

163 899 404 950 ostendit-ur,
447 914 530 940 non
562 913 749 954 quaeram
782 897 881 938 haec
915 911 936 937 a
969 901 1009 936 te
1042 893 1224 950 posthac.
1274 892 1450 933 Tantum
1483 892 1618 942 velim,
1651 906 1702 933 ne
1734 891 1934 932 intermit-

164 978 242 1023 tas,
278 972 429 1014 scribas
470 972 522 1013 ad
565 986 643 1022 me,
685 968 886 1026 quidquid
935 967 1070 1010 veniet
1100 965 1179 1007 tibi
1206 965 1251 1006 in
1283 969 1474 1014 mentem,
1509 978 1637 1019 quum
1669 961 1837 1005 habebis
1869 962 1937 1004 0111

109 1059 143 1085 10
162 1046 246 1095 des,
280 1051 320 1086 et
353 1044 450 1086 dum
482 1045 559 1086 erit
590 1043 640 1085 ad
672 1058 790 1098 quem
824 1041 908 1091 des,
943 1039 1052 1096 quod
1090 1039 1257 1093 longum
1290 1052 1373 1079 non
1406 1038 1496 1079 erit.

1557 1040 1580 1078 2
1589 1070 1597 1078 .
1631 1036 1756 1078 Elum
1789 1036 1935 1077 disces-

163 1120 260 1160 sisse
307 1117 561 1158 Alexandrea
602 1130 738 1157 rumor
782 1120 844 1156 est
887 1128 970 1154 non
1013 1113 1164 1161 firmus,
1214 1116 1326 1152 ortus
1367 1125 1415 1151 ex
1458 1110 1629 1165 Sulpicii
1660 1109 1802 1160 literis,
1836 1123 1936 1164 quas

163 1192 300 1233 cuncti
342 1195 478 1246 postea
526 1188 662 1230 nuntii
702 1187 1011 1228 confirmarunt:
1055 1182 1162 1238 quod
1206 1197 1344 1223 verum
1385 1197 1436 1223 an
1484 1181 1630 1223 falsum
1663 1181 1717 1222 sit
1749 1181 1940 1236 quoniam

165 1279 253 1305 mea
298 1262 403 1310 nihil
445 1263 628 1313 interest,
674 1267 813 1302 utrum
856 1258 994 1300 malim
1032 1257 1182 1299 nescio.
1231 1257 1273 1297 3.
1307 1255 1430 1301 Quod
1464 1255 1514 1296 ad
1547 1260 1588 1296 te
1621 1253 1859 1310 iampridem
1892 1252 1941 1294 de

165 1341 409 1377 testamento
443 1334 600 1390 scripsi,
634 1333 743 1389 apud
776 1333 803 1376 †
820 1331 1010 1387 epistolas
1042 1329 1163 1371 velim
1196 1333 1243 1369 ut
1274 1328 1423 1384 possim
1456 1327 1656 1369 adversas.
1701 1327 1789 1382 Ego
1821 1325 1944 1367 huius

113 1426 144 1453 15
165 1409 408 1451 miserrimae
457 1409 484 1450 †
505 1407 696 1449 facultate
743 1406 950 1448 confectus
994 1404 1214 1446 conflictor.

167 1488 265 1538 puto
279 1500 290 1532 ;

1265 1401 1382 1444 Nihil
1415 1415 1595 1456 unquam
1630 1400 1761 1442 simile
1784 1404 1942 1449 *natum

340 1482 407 1522 cui
454 1482 488 1522 si
536 1496 615 1535 qua
659 1495 701 1521 re
745 1478 951 1520 consulere
1002 1475 1157 1532 aliquid
1206 1489 1384 1531 possum,
1434 1474 1553 1529 cupio
1596 1489 1619 1515 a
1649 1479 1690 1514 te
1724 1471 1945 1514 admoneri.

170 1554 299 1596 Video
343 1554 512 1596 eandem
558 1568 643 1595 esse
678 1552 971 1601 difficultatem,
1006 1564 1128 1605 quam
1160 1549 1203 1589 in
1238 1547 1406 1589 consilio
1440 1546 1575 1588 dando
1588 1565 1599 1598 3
1635 1547 1661 1590 †
1683 1550 1776 1587 ante
1807 1551 1946 1587 tamen

171 1627 248 1669 hoc
281 1642 343 1668 me
377 1627 504 1682 magis
539 1626 729 1668 sollicitat
772 1639 893 1680 quam
935 1623 1083 1664 omnia.
1117 1622 1168 1663 In
1201 1621 1393 1677 pensione
1427 1620 1606 1662 secunda
1639 1619 1747 1661 caeci
1780 1618 1946 1660 fuimus.

177 1699 302 1742 Aliud
337 1700 510 1750 mallem,
554 1698 622 1740 sed
657 1698 874 1754 praeteriit.
908 1697 963 1737 Te
997 1711 1079 1743 oro,
1114 1700 1161 1735 ut
1192 1693 1235 1734 in
1269 1691 1436 1748 perditis
1469 1692 1603 1742 rebus,
1639 1692 1673 1733 si
1707 1691 1805 1746 quid
1838 1691 1946 1745 cogi,

218 1911 236 1950 ξ
260 1911 288 1941 1.
310 1910 439 1941 Nullam
461 1909 636 1940 consilium.
672 1909 793 1940 Merito
822 1907 968 1940 Orellius
1002 1908 1046 1939 in·
1089 1915 1222 1943 monere,
1248 1907 1280 1935 ut
1303 1904 1400 1935 alicui
1424 1904 1607 1942 committat,
1638 1903 1726 1935 cuius
1757 1904 1850 1934 extra
1865 1902 1951 1943 peri-

179 1965 234 1995 alt.
258 1965 335 1994 edit,
357 1963 542 2004 repudiavit
564 1962 664 1994 verba
687 1964 718 1992 {e
733 1961 856 1998 habere,
872 1971 957 2002 quae
970 1961 1042 1992 sine
1090 1959 1191 1989 calam
1215 1958 1307 1988 haias
1328 1957 1404 1988 belli
1415 1957 1555 1997 fortuna
1572 1957 1627 1987 sit.

179 2019 279 2049 ullius
305 2018 380 2048 libri
404 2017 484 2048 Mae.
507 2017 703 2047 auctoritate
725 2016 830 2055 vulgo
851 2015 903 2046 his
933 2015 1042 2046 verbis

182 2075 448 2114 interponuntur.
487 2072 536 2102 Ea
559 2072 587 2102 si
610 2070 780 2102 Ciceronis
811 2076 928 2107 essent,
957 2077 1045 2101 certe

183 2134 252 2155 non
275 2130 466 2164 sequeretur
487 2134 506 2152 a
531 2125 571 2152 te.
595 2121 753 2162 Suspicor
769 2128 879 2152 tamen
892 2129 965 2161 post
983 2131 1046 2151 rer-

186 2178 232 2208 bis
255 2177 460 2208 intercidisse
482 2186 560 2206 esse.

231 2231 356 2262 Utinam
389 2229 504 2260 mederi
541 2229 735 2259 maluissent.
770 2228 886 2266 Quum
918 2234 1047 2268 putaret

187 2287 310 2322 deesse,
333 2285 423 2325 quod
443 2288 664 2324 opponeretur
694 2282 796 2312 verbo
825 2280 950 2318 mederi,
984 2281 1050 2311 edj-

189 2348 240 2370 101
261 2337 418 2368 Iuntinae
440 2335 566 2366 addidit
588 2344 676 2374 quam
701 2334 814 2370 obesae,
839 2334 928 2374 quod
951 2333 1050 2364 extri-

190 2392 278 2423 cavit
300 2401 318 2422 e
341 2399 432 2430 seqq.
466 2399 555 2430 quam
590 2387 625 2418 ob
653 2398 727 2418 rem.
764 2387 879 2418 Cicero
909 2387 1052 2418 dedisset

195 2444 284 2475 aliud
307 2443 456 2474 verbum.
493 2440 560 2472 Sed
590 2440 684 2471 nullo
715 2440 940 2470 additamento
972 2449 1053 2480 opus

194 2504 253 2529 est.
278 2496 396 2535 Quivis
418 2495 508 2526 enim
520 2494 619 2525 sentit
635 2494 837 2524 audiendum
853 2502 938 2524 esse:
963 2503 1054 2533 quam

195 2553 272 2584 illas
292 2562 351 2583 sua
374 2551 467 2590 culpa
490 2559 615 2590 anyere.

238 2606 286 2637 Ne
310 2604 514 2635 intermittas.
537 2603 625 2634 Fsus
647 2602 741 2633 verbi
761 2601 931 2632 absolutus
946 2601 1056 2632 denuo

200 2721 238 2741 ne
261 2708 433 2750 pristinum
463 2707 520 2738 Ιιοσ
549 2706 681 2748 officium
706 2706 909 2737 intermittas.
944 2705 1013 2737 Sed
1040 2715 1059 2736 e

203 2814 338 2845 scrihere
359 2813 434 2843 luce
457 2812 576 2842 clai-ius
598 2816 656 2843 est.

206 2978 390 3013 sequuntur
410 2969 505 3001 foede
535 2974 687 3010 corrupta
718 2974 806 3000 sunt.
840 2969 915 3008 Ego
920 2967 1091 3028 partim*

206 3026 289 3056 duce
303 3022 406 3055 Bosio
417 3021 463 3052 ita
474 3020 541 3052 fere
549 3021 730 3061 corrigam:
747 3038 790 3043 —
803 3019 890 3060 apud
903 3015 1063 3053 eume-:621
1089 3030 1091 3056 1

206 3091 284 3113 τινα
314 3080 405 3112 velim
436 3077 607 3118 depositum
635 3075 811 3107 adservari.
853 3075 894 3106 In
925 3075 1064 3106 eandem

195 3138 274 3180 *fere
296 3136 493 3168 sententiam
524 3133 635 3163 scribit
659 3142 707 3174 ep.
733 3133 782 3163 24.
806 3133 825 3162 2
851 3132 975 3171 poteris
997 3142 1062 3162 eam

1133 2014 1150 2044 †
1173 2011 1352 2041 Facultate.
1375 2011 1416 2040 In
1440 2010 1516 2041 edit.
1539 2009 1635 2041 Rom.
1650 2009 1772 2050 legitur
1777 2008 1954 2048 fatuitate,

1095 2066 1183 2106 quod
1204 2065 1366 2106 pessimae
1388 2064 1598 2095 coniecturae
1620 2063 1769 2094 debetur.
1791 2061 1883 2093 Haec
1902 2061 1955 2092 mi-

1095 2118 1228 2148 serrima
1252 2124 1320 2148 erat
1343 2117 1467 2153 Tullia,
1491 2115 1584 2147 cuius
1605 2116 1755 2147 miserias
1767 2115 1888 2147 deflere
1907 2125 1956 2146 so·

1096 2173 1152 2204 let.
1192 2172 1364 2203 Sententia
1397 2171 1537 2212 requirit
1565 2170 1772 2211 infelicitate,
1802 2177 1840 2202 ut
1874 2171 1958 2201 vidit

1097 2226 1256 2259 Orellius.
1290 2226 1379 2257 Vsus
1402 2226 1534 2257 dicendi
1557 2226 1737 2256 Tullianus
1765 2225 1958 2256 adversatur

1099 2282 1235 2312 invento
1270 2280 1399 2311 Klotzii
1437 2279 1598 2310 vacuitate
1629 2279 1812 2316 scribentis,
1848 2287 1958 2319 neque

1098 2335 1249 2366 Kochius
1279 2335 1314 2365 iu
1337 2334 1499 2365 Emendd.
1522 2334 1570 2365 lib
1602 2344 1633 2374 p.
1657 2333 1697 2364 19
1725 2343 1822 2364 suum
1849 2333 1959 2372 fecun-

1100 2387 1202 2417 ditate
1224 2387 1320 2418 uobis
1335 2387 1496 2427 probavit.
1520 2386 1643 2423 Verba,
1659 2395 1744 2427 quae
1757 2385 1847 2416 hunc
1861 2394 1960 2416 vexa-

1101 2443 1181 2473 bant
1203 2441 1286 2472 nihil
1308 2452 1441 2483 unquam
1462 2440 1567 2471 simile
1589 2442 1697 2471 natum
1711 2441 1792 2480 puto
1815 2445 1849 2471 et
1876 2448 1960 2480 quae

1079 2498 1082 2512 ²
1102 2498 1142 2528 de
1165 2506 1252 2528 novo
1273 2501 1370 2537 partu
1393 2496 1527 2527 Tulliae
1549 2495 1711 2536 accepisse
1745 2494 1884 2531 videtur,
1913 2493 1961 2524 sic

1103 2550 1302 2590 explicanda
1332 2554 1425 2580 sunt:
1470 2548 1639 2580 neminem
1671 2547 1864 2579 monalium
1893 2551 1961 2578 tam

1082 2595 1084 2620 ἶ
1104 2601 1194 2633 malo
1216 2601 1284 2632 fato
1305 2606 1421 2632 natum
1440 2605 1531 2641 puto.

198 2657 333 2690 vexavit
353 2656 526 2696 antiquum
550 2655 717 2691 editorem,
741 2654 800 2695 qui
821 2655 862 2685 de
876 2663 936 2684 suo
950 2653 1056 2684 dedit:
1082 2651 1086 2693 ζ

1107 2717 1142 2738 m
1363 2730 1371 2737 .

201 2763 291 2793 velim
313 2760 432 2791 scribas
454 2761 496 2790 ad
519 2759 711 2790 intermittas
739 2758 960 2799 supplendum
989 2767 1060 2788 esse
1084 2742 1088 2769 ¹
1166 2707 1275 2738 aanor„
1297 2706 1361 2738 MS

1152 2654 1329 2696 Carina-tor.
1357 2654 1446 2685 Fort.
1480 2654 1627 2695 afflictor.
1657 2653 1699 2685 D.
1727 2651 1961 2693 Wytoenbach.

1154 2759 1251 2801 Quam
1275 2760 1306 2791 in
1321 2758 1452 2790 consilio
1466 2759 1581 2790 dando.
1603 2759 1805 2790 Attamen...
1826 2757 1898 2788 Hoc
1917 2767 1965 2788 ne

1086 2805 1089 2850 1
1109 2813 1208 2854 maqt‘s
1228 2817 1289 2844 eet.
1325 2812 1377 2843 Ita
1398 2812 1501 2843 verba
1522 2811 1620 2843 scribi
1641 2810 1775 2842 volebat
1789 2810 1818 2841 1.
1830 2809 1869 2841 F.
1884 2808 1964 2841 Gro-

246 2868 265 2906 §
289 2866 319 2897 3.
342 2864 434 2906 Quod
452 2882 493 2886 —
515 2863 637 2903 scripsi.
661 2873 711 2904 ep.
735 2863 783 2900 16,
807 2866 838 2894 5.
865 2863 992 2894 Rursus
1021 2863 1062 2893 de
1087 2856 1089 2893 <¹
1111 2867 1239 2898 novius.
1270 2865 1431 2897 Similiter
1453 2865 1557 2896 XIII.
1582 2865 1612 2901 2,
1639 2865 1655 2895 1
1682 2865 1889 2894 verumtamen
1910 2873 1966 2903 po-

204 2921 267 2951 hoc
291 2919 427 2959 negotio
450 2918 563 2948 scribit
587 2927 638 2958 ep.
662 2916 753 2954 23,1
778 2921 811 2948 et
833 2917 883 2953 ξὲ,4
906 2917 935 2947 2.
969 2916 1063 2955 Quae
1087 2911 1089 2916 ¹

1111 2921 1211 2952 nitur
1252 2919 1458 2960 Suppressit:
1503 2920 1652 2949 Attamen
1681 2917 1759 2959 quid
1789 2919 1877 2948 vetat
1913 2927 1964 2947 ex-

1089 2974 1234 3027 periri?

1153 3025 1194 3057 In
1209 3027 1363 3068 pensione
1383 3026 1522 3057 secunda
1542 3024 1631 3056 caeci
1643 3024 1771 3066 sm'mm
1791 3033 1825 3055 0.
1855 3023 1967 3064 poeni-

1113 3084 1160 3112 tet
1180 3089 1234 3110 me
1255 3089 1355 3117 nunc,
1375 3080 1463 3120 quod
1481 3079 1675 3120 pensionem
1689 3077 1774 3109 dotis
1788 3077 1966 3108 secundam

1113 3134 1307 3165 Dolabellae
1330 3134 1428 3164 solvi:
1453 3133 1573 3164 factum
1598 3132 1729 3168 nollem,
1753 3131 1810 3163 sed
1822 3141 1895 3163 sero
1906 3138 1966 3162 est.

2053 1499 2062 1523 ἰ

2053 1533 2062 1549 'l

2059 1593 2062 1609 1

2054 1643 2062 1653 κι

2059 1696 2062 1708 1

2055 1716 2062 1728 ⁴1

2041 1744 2062 1763 “··.

2037 1822 2052 1831 2

2037 1862 2051 1892 ἲ·

2043 1899 2052 1910 ⁴

2040 1951 2054 1977 ,μζ

2045 2050 2058 2086 Ξ

2048 2536 2062 2556 ..κ
2039 2419 2062 2527 «θάέμσκ
2040 2199 2062 2402 μιαηπῇμᾱκμῗ·
2044 2122 2062 2189 *sur
2047 2098 2057 2112 u

2040 3222 2062 3565 mm
2046 3186 2062 3208 ,κ
2049 3159 2059 3166 ι
2045 3098 2062 3145 ,να
2038 2778 2062 3091 mma-mm
2041 2566 2062 2772 snm—nv.
