2062 3565
139 124 222 161 206
544 124 619 163 ΕΡ.
659 123 730 162 AD
764 124 808 163 T.
845 122 1192 164 POMPONIUM
1227 124 1489 165 ATTICUM.

133 263 173 298 te
207 273 287 299 non
334 257 477 299 habere
522 259 586 300 cui
630 258 713 308 des,
748 258 782 299 si
816 257 913 312 quid
945 257 1046 300 forte
1080 258 1146 308 sit,
1179 258 1287 313 quod
1324 264 1437 315 putes
1472 275 1533 301 me
1566 261 1666 303 scire
1699 266 1894 317 oportere.

134 331 275 387 Itaque
310 332 443 387 accepi
478 344 538 374 VI.
573 331 636 375 Id.
670 332 805 374 literas
839 337 930 373 tuas
963 332 1118 374 inanes.
1167 331 1279 378 Quid
1313 334 1419 375 enim
1455 333 1629 377 habebas
1662 335 1768 391 quod
1803 337 1897 377 scri-

133 404 276 446 beres?
320 405 427 446 Mihi
469 411 605 447 tamen
650 405 765 456 illud,
801 405 1000 460 quidquid
1033 410 1131 457 erat,
1166 421 1248 448 non
1280 407 1491 449 molestum
1525 407 1616 460 fuit,
1650 409 1753 450 nihil
1787 409 1897 451 aliud

132 478 231 518 scire
267 493 326 518 me
359 478 437 520 nisi
470 479 564 520 novi
596 484 636 520 te
669 478 772 520 nihil
804 477 965 520 habere.
1001 479 1205 535 Scripsisti
1238 485 1374 522 tamen
1395 481 1530 522 nescio
1554 481 1651 536 quid
1673 481 1723 523 de
1741 481 1896 524 Clodia.

96 560 110 584 ⁵
132 550 213 592 Ubi
247 566 340 605 ergo
374 566 419 592 ea
451 558 525 602 est,
560 558 630 594 aut
665 552 825 607 quando
860 554 1054 594 ventura?
1089 553 1228 596 Placet
1261 554 1361 595 mihi
1395 570 1456 596 res
1490 555 1560 606 sic,
1597 560 1644 596 ut
1677 556 1898 598 secundum

133 624 333 666 Othonem
383 626 486 668 nihil
531 627 671 682 magis.
719 630 759 668 2.
803 625 881 668 Sed
922 641 1051 682 neque
1096 627 1199 669 hane
1235 627 1488 669 vendituram
1522 632 1643 683 puto3
1678 628 1898 670 delectatur

132 697 236 738 enim
282 703 322 739 et
370 699 529 755 copiosa
576 704 659 741 est:
707 706 747 740 et
790 698 892 740 illud
938 699 1107 741 alterum
1142 715 1261 755 quam
1295 701 1347 742 sit
1380 700 1557 752 difficile,
1591 706 1630 742 te
1663 717 1745 742 non
1778 701 1898 756 fugit.

132 770 224 821 Sed,
259 770 436 822 obsecro,
471 773 671 815 enitamur
702 779 749 813 ut
783 772 937 827 aliquid
973 772 1021 814 ad
1056 773 1113 824 id,
1149 774 1255 828 quod
1280 775 1412 829 cupio,
1437 775 1723 829 excogitemus.
1749 777 1790 816 3.
1811 776 1897 830 Ego

132 858 193 884 me
230 843 322 885 hinc
356 845 549 900 postridie
585 845 678 900 (Id.)
714 845 917 887 exiturum
940 851 1052 900 putO,
1077 846 1146 887 sed
1170 852 1241 888 aut
1263 847 1307 888 in
1329 847 1603 889 Tusculanum
1626 853 1696 890 aut
1718 847 1897 898 domum,

77 927 112 954 10
130 917 224 958 inde
259 917 423 959 fortasse
458 920 672 975 Arpinum.
708 919 845 971 Quum
880 924 1034 960 certum
1068 921 1207 971 sciero,
1242 920 1413 962 scribam
1437 921 1487 962 ad
1510 926 1564 963 te.
1601 922 1776 963 Venerat
1800 921 1899 963 mihi

131 991 173 1032 in
218 996 392 1033 mentem
436 1007 595 1034 monere
638 998 677 1033 te
720 999 763 1034 ut
795 992 837 1033 id
871 992 1020 1046 ipsum,
1055 993 1161 1047 quod
1196 994 1308 1045 facis,
1343 994 1507 1036 faceres.
1559 994 1756 1037 Putabam
1791 995 1897 1036 enim

132 1065 380 1107 commodius
413 1070 452 1106 tc
484 1066 590 1108 idem
628 1066 734 1108 istud
771 1066 877 1108 domi
911 1082 1025 1121 agere
1061 1082 1173 1123 posse
1208 1067 1530 1122 interpellatione
1565 1067 1736 1109 sublata.

175 1232 192 1261 3
217 1230 262 1260 Mi
286 1250 325 1254 —
350 1232 368 1261 9
386 1231 543 1271 postridie
567 1232 723 1263 exiturum
748 1251 785 1255 —-

132 1388 194 1419 que
217 1379 306 1410 enim
333 1379 510 1411 verisimile
534 1388 583 1411 est
605 1389 682 1411 611111
699 1385 828 1420 putasse
842 1379 993 1410 Atticum
1016 1389 1018 1436 1
1080 1380 1099 1419 ξ
1123 1380 1152 1410 3.
1178 1379 1336 1410 Postridie
1361 1378 1440 1420 (Id.)
1465 1379 1586 1420 Recepi
1609 1378 1825 1410 necessarium
1845 1379 1898 1409 ad-

132 1442 199 1463 uno
223 1433 283 1463 illo
306 1433 358 1464 die
382 1433 560 1471 afuturum,
597 1434 684 1474 quod
711 1433 899 1464 continetur
923 1442 990 1463 ver·
1016 1442 1017 1446 ¹
1038 1433 1269 1469 ditanientuni,
1293 1433 1361 1464 sive
1387 1433 1417 1463 id
1445 1433 1478 1463 in
1501 1432 1613 1463 codiee
1637 1432 1809 1463 inventum
1839 1438 1897 1469 est,

133 1485 192 1521 bis,
217 1486 243 1516 si
268 1485 381 1517 literae
406 1486 433 1515 A
456 1492 613 1527 punctum
636 1486 822 1526 apponitur.
1015 1449 1018 1523 l
1038 1486 1107 1517 sive
1131 1487 1172 1516 ab
1205 1487 1328 1518 editore
1358 1487 1594 1527 excogitatum.
1629 1486 1671 1517 cf.
1706 1496 1756 1527 ep.
1787 1487 1838 1524 41,
1870 1487 1896 1517 1.

174 1537 264 1568 Nihil
285 1538 377 1569 aliud
396 1539 478 1569 scire
500 1549 546 1570 me
568 1550 600 1570 a:
638 1539 720 1570 nihil
751 1539 839 1569 aliud
864 1549 916 1571 me
939 1549 990 1569 vo·
1037 1540 1087 1576 43,
1114 1539 1140 1569 1.
1164 1540 1215 1577 44,
1242 1540 1270 1570 3.
1296 1539 1382 1570 Nam
1405 1549 1509 1580 quum
1532 1539 1566 1570 in
1590 1539 1638 1576 iis,
1662 1548 1745 1580 quae
1767 1546 1896 1580 praece—

132 1592 286 1631 gnovisse
309 1602 350 1624 ex
374 1593 477 1624 literis
501 1593 574 1624 tuis.
1015 1592 1130 1660 ‹duut²
1162 1593 1243 1624 Idus
1277 1603 1343 1623 non
1379 1593 1601 1630 nominentur,
1630 1602 1742 1624 earum
1770 1593 1897 1625 mentio

1035 1646 1088 1676 hic
1123 1646 1229 1677 omitti
1263 1656 1328 1676 non
1361 1651 1495 1687 poterat.
1540 1646 1591 1677 Cf.
1624 1645 1747 1677 Moseri
1779 1645 1895 1687 Symb.

1037 1700 1117 1731 crit.
1142 1700 1202 1731 VI.
1225 1711 1255 1741 p.
1281 1700 1311 1732 7.

1081 1754 1120 1784 Id
1140 1754 1237 1794 ipsum
1260 1755 1343 1796 quod
1355 1755 1458 1796 saci&
1497 1755 1550 1785 Ex
1572 1755 1623 1793 iis,
1646 1763 1729 1795 quae
1753 1754 1893 1795 legimus

1034 1808 1068 1840 in
1092 1818 1142 1849 ep.
1167 1811 1217 1847 44,
1241 1811 1405 1850 3apparet
1417 1809 1567 1840 Atticum
1580 1813 1771 1849 occupatum
1791 1807 1891 1840 fuisse

1036 1863 1069 1892 in
1093 1863 1307 1895 conficiendis
1330 1864 1523 1894 rationibus.

177 1646 214 1676 Ut
239 1647 406 1678 secundum
434 1646 582 1678 Ollumem
606 1647 798 1688 nihilmayz's
822 1657 855 1677 0:
882 1654 917 1678 ut
934 1658 994 1688 prl-

132 1710 223 1731 muni
239 1700 399 1741 Scapulae
412 1701 525 1732 hortos
542 1711 730 1742 comparare
744 1702 855 1738 velim,
873 1702 992 1732 deinde

132 1754 277 1786 Clodiae.
300 1754 340 1785 cf.
364 1764 413 1795 ep.
436 1755 486 1792 41,
511 1758 539 1786 3.
562 1758 611 1793 44,
637 1756 655 1786 2
679 1761 710 1787 et
733 1756 871 1796 saepius.

175 1809 192 1846 ξ
217 1810 244 1839 2.
270 1808 360 1839 Illud
390 1809 534 1846 alterum,
576 1811 616 1840 de
659 1808 791 1841 Othone
826 1817 858 1840 etv
891 1809 993 1839 hortis

132 1862 337 1903 Scapulanis.

705 1992 865 2035 XLIII.
931 1996 996 2048 (A.
1038 1995 1082 2036 U.
1122 1997 1163 2035 C.
1202 1995 1318 2048 709.)

198 2123 234 2162 l.
270 2122 356 2176 Ego
390 2122 580 2176 postridie
614 2122 726 2172 Idus,
762 2127 807 2163 ut
840 2122 980 2177 scripsi
1014 2122 1064 2162 ad
1098 2128 1136 2162 te
1169 2126 1275 2170 ante,
1310 2120 1483 2162 Lanuvii
1506 2136 1665 2162 manere
1683 2121 1890 2172 constitui,

130 2193 223 2235 inde
269 2199 339 2234 aut
383 2194 531 2235 Romae
573 2200 643 2236 aut
685 2195 727 2235 in
773 2194 1015 2235 Tusculano.
1050 2193 1159 2235 Scies
1193 2198 1284 2234 ante
1319 2198 1548 2248 utrumque.
1595 2194 1620 2237 †
1638 2194 1757 2247 Quod
1791 2196 1891 2237 scies

129 2272 234 2309 recte
268 2267 377 2309 illam
411 2283 494 2308 rem
528 2267 609 2308 fore
642 2268 879 2318 levamento,
925 2267 1025 2309 bene
1058 2267 1170 2317 facis,
1204 2271 1291 2308 tum
1324 2266 1367 2307 id
1399 2272 1472 2318 est,
1507 2267 1607 2309 mihi
1641 2269 1770 2321 crede,
1806 2285 1890 2326 per·

94 2362 108 2386 5
128 2340 237 2391 inde,
287 2345 333 2382 ut
383 2341 609 2382 existimare
652 2346 699 2382 tu
740 2357 821 2383 non
862 2347 988 2397 potes.
1040 2342 1118 2383 Res
1162 2340 1317 2382 indicat
1363 2346 1606 2397 quantopere
1639 2343 1682 2384 id
1715 2344 1889 2400 cupiam,

129 2429 253 2468 quum
296 2413 372 2456 tibi
418 2414 585 2456 audeam
628 2415 822 2466 confiteri,
875 2431 993 2471 quem
1037 2415 1077 2456 id
1126 2431 1206 2457 non
1251 2416 1308 2457 ita
1347 2415 1462 2457 valde
1508 2416 1673 2471 probare
1705 2416 1888 2460 arbitrer.

129 2487 206 2529 Sed
240 2487 427 2529 ferendus
460 2488 535 2530 tibi
569 2489 610 2530 in
632 2489 720 2530 'hoc
755 2504 866 2530 meus
912 2505 1031 2531 error.
1080 2490 1312 2532 Ferendus?
1344 2490 1466 2531 immo
1501 2506 1590 2531 vero
1624 2491 1745 2532 etiam
1777 2491 1889 2532 adiu-

172 2653 190 2683 3
219 2653 311 2690 Quod
336 2653 423 2690 siles,
447 2656 531 2685 recte
553 2654 594 2685 mi
616 2652 704 2685 illam
728 2673 766 2677 —
789 2656 807 2685 5
831 2657 947 2695 quanto
971 2665 1062 2695 opere
1085 2674 1123 2679 -

170 2815 188 2854 ξ
212 2814 239 2845 1.
261 2817 278 2853 †
303 2814 393 2856 Quod
412 2815 491 2846 scies
514 2818 598 2846 recte
619 2816 709 2848 illam
733 2827 796 2847 rem
812 2816 885 2855 sbre
900 2817 985 2847 leva·
1029 2817 1118 2858 quod
1141 2816 1224 2848 mihi
1245 2817 1374 2858 saepius
1396 2817 1477 2849 haec
1499 2811 1647 2849 volventi
1677 2818 1711 2849 in
1742 2822 1887 2850 mentem

130 2870 241 2906 mento,
264 2874 324 2901 cet.
347 2869 508 2901 Libenter
530 2870 716 2911 awiperem,
740 2871 828 2911 quod
849 2871 984 2902 Lambi-
1031 2871 1141 2902 venit:
1173 2871 1263 2911 Quod
1283 2871 1396 2903 scribis
1418 2874 1536 2903 maesto
1563 2872 1641 2903 milti
1671 2872 1791 2903 nullam
1823 2883 1885 2903 rem

133 2932 196 2953 nus
218 2923 253 2954 in
277 2924 347 2954 cod.
370 2923 407 2955 Z.
429 2924 549 2955 vidisse
572 2925 728 2956 affirmat:
756 2923 846 2964 Quod
866 2924 984 2962 scribae,
1021 2924 1099 2965 fore
1120 2925 1303 2963 levamento,
1326 2925 1401 2957 bene
1415 2926 1519 2967 faciS,
1540 2937 1631 2968 quum
1660 2925 1698 2957 z'd
1723 2925 1776 2964 sit,
1809 2926 1886 2958 milli

130 2980 215 3008 recte
238 2979 311 3019 (pro
332 2988 398 3020 quo
421 2979 560 3010 coniecit
582 2980 678 3020 certe)
712 2978 787 3010 mihi
808 2978 897 3009 illam
921 2989 984 3010 rem
1031 2979 1132 3017 crede,
1149 2979 1293 3020 perinde,
1315 2983 1350 3011 ut
1373 2980 1554 3012 existimare
1575 2982 1610 3011 tu
1629 2990 1691 3011 non
1698 2980 1810 3021 possis.
1834 2981 1886 3011 Ita

121 3029 202 3069 fine
224 3030 407 3068 levamento,
432 3031 459 3062 si
482 3032 515 3062 in
542 3031 580 3062 iis
603 3031 709 3062 Tullii
730 3041 867 3062 manum
887 3036 920 3063 et
931 3032 985 3062 bo·
1032 3031 1148 3064 Cicero
1170 3032 1281 3064 laudat
1305 3033 1456 3071 amicum,
1491 3034 1578 3074 quod
1609 3033 1756 3064 dolorem
1789 3043 1884 3065 suum

130 3093 208 3115 nam
232 3086 427 3117 sententiam
450 3085 607 3118 viderem.
643 3086 744 3118 Plura
774 3086 828 3117 hic
856 3086 986 3118 turbata
1031 3096 1097 3117 non
1131 3096 1224 3127 posse
1254 3087 1356 3119 levari
1387 3087 1558 3124 iudicaret,
1593 3093 1626 3119 et
1653 3087 1751 3119 simul
1786 3092 1885 3129 negat

129 3143 207 3176 sunt
231 3145 261 3168 et
295 3138 428 3169 sortasse
459 3144 616 3169 truncata.
652 3139 783 3169 Timide
812 3138 982 3178 proferam,
1031 3150 1103 3172 611111
1129 3142 1167 3171 tle
1192 3142 1314 3172 doloris
1338 3142 1569 3179 magnitudine
1593 3146 1732 3173 statuere
1758 3152 1863 3183 posse.
