2062 3565
684 143 791 184 LIB.
829 143 948 186 VIII.
984 143 1067 186 ΕΡ.
1108 146 1176 185 12.
1764 145 1814 184 31

42 278 283 335 praescribo.
328 282 526 321 Accurate
570 279 688 321 velim
736 279 959 335 perscribas
1002 285 1114 322 tuam
1161 280 1210 321 ad
1245 295 1308 322 me
1341 279 1598 322 sententiam.
1634 281 1677 320 6.
1719 279 1816 320 Volo

42 353 163 396 etiam
196 353 396 409 exquiras,
430 369 550 409 quam
594 354 904 409 diligentissime
950 354 1097 410 poteris
1134 378 1189 384 —-
1226 352 1394 395 habebis
1427 358 1577 403 autem,
1612 367 1681 407 per
1715 367 1816 407 quos

43 428 172 484 possis
214 452 287 478 ——-‚
328 427 426 483 quid
464 427 664 469 Lentulus
704 432 852 478 noster,
898 427 995 483 quid
1041 428 1245 469 Domitius
1279 432 1386 482 agat,
1420 425 1519 482 quid
1551 431 1715 468 acturus
1749 426 1815 475 sit,

43 500 382 554 quemadmodum
424 515 532 542 nunc
576 514 616 540 se
664 507 818 554 gerant,
853 515 949 541 num
985 516 1102 556 quem
1139 504 1343 550 accusent,
1378 514 1475 541 num
1509 500 1576 541 cui
1609 514 1817 540 succense-

43 579 114 616 ant
162 599 219 604 --
263 574 361 630 (1111(1
407 572 512 623 (1100,
557 587 655 613 1111111
699 573 794 614 cui?
844 588 942 614 1111111
990 573 1212 629 Pompeio?
1256 572 1434 615 Omnino
1466 572 1627 628 culpam
1660 586 1818 613 omnem

44 643 260 704 Poiripeius
292 648 335 689 in
369 645 595 688 Domitium
629 644 796 696 confert,
831 646 938 700 quod
972 646 1101 701 ipsius
1121 646 1248 688 literis
1272 645 1459 701 cognosci
1477 649 1623 701 potest,
1649 660 1816 700 quarum

45 720 272 777 exemplum
317 720 367 762 ad
410 726 450 762 te
499 720 605 762 misi.
657 720 770 761 Haec
802 720 927 774 igitur
961 720 1116 762 videbis
1150 727 1203 772 et,
1239 720 1346 776 quod
1381 720 1431 762 ad
1462 724 1502 761 te
1535 725 1628 762 ante
1661 719 1818 774 scripsi,

47 793 241 836 Demetrii
282 793 486 848 Magnetis
530 792 694 842 librum,
741 807 858 846 quem
903 793 953 834 ad
987 799 1026 834 te
1059 794 1184 844 misit,
1220 793 1269 834 de
1303 792 1530 844 concordia,
1567 793 1684 834 velim
1720 792 1818 833 mihi

46 867 196 908 mittas.

45 1031 230 1063 salubribus.
265 1033 339 1072 Ego
367 1040 455 1065 certe
485 1034 626 1065 multum
650 1034 711 1065 hoc
742 1040 909 1076 antepono
956 1033 1070 1065 bribus.
1116 1034 1234 1064 Kochii
1282 1042 1359 1064 vero
1403 1038 1629 1064 commentum
1670 1032 1821 1063 omittere

45 1086 224 1126 suspicioni
259 1087 401 1118 Klotzii:
427 1086 488 1119 Sed
509 1088 602 1119 etiam
627 1088 801 1129 aliquando
823 1088 909 1119 sala-
933 1080 935 1121 ᾗ
957 1088 1054 1118 111010.

908 1192 955 1228 Α.

126 1273 206 1312 CN.
236 1273 453 1312 MAGNUS
482 1273 689 1312 PROCOS.
725 1274 765 1311 C.
798 1272 1087 1318 MARCELLO,
1120 1272 1158 1309 L.
1191 1269 1428 1308 LENTULO
1461 1268 1591 1306 COSS.
1623 1270 1660 1307 S.
1696 1270 1736 1306 11.

112 1370 150 1409 1.
185 1368 286 1423 Ego,
321 1368 427 1423 quod
462 1367 741 1409 existimabam
774 1367 973 1423 dispersos
1006 1381 1079 1407 1105
1111 1379 1241 1419 neque
1264 1364 1323 1405 rei
1344 1364 1529 1419 publicae
1547 1365 1667 1408 utiles
1691 1382 1818 1422 neque

45 1440 162 1483 nobis
195 1440 393 1496 praesidio
426 1456 510 1482 esse
555 1456 683 1496 posse,
725 1440 875 1482 idcirco
909 1439 959 1481 ad
995 1439 1042 1480 L.
1077 1437 1303 1479 Domitium
1334 1437 1470 1479 literas
1504 1439 1610 1490 misi,
1645 1440 1819 1494 primum

46 1514 108 1556 uti
139 1514 223 1569 ipse
257 1529 347 1556 cum
382 1515 491 1556 omni
523 1515 638 1570 copia
671 1514 721 1555 ad
753 1529 827 1556 nos
860 1513 1039 1564 veniret,
1075 1512 1109 1554 si
1142 1512 1190 1553 de
1229 1527 1270 1553 se
1305 1510 1522 1564 dubitaret,
1558 1518 1605 1554 ut
1637 1513 1820 1554 cohortes

48 1601 158 1638 XIX„
200 1602 301 1643 quae
334 1603 381 1629 ex
417 1588 564 1629 Piceno
598 1587 648 1628 ad
680 1603 743 1629 me
775 1588 851 1629 iter
884 1585 1101 1636 habebant,
1137 1585 1187 1627 ad
1220 1600 1293 1627 nos
1326 1585 1518 1628 mitteret.
1566 1585 1686 1638 Quod
1720 1586 1820 1627 veri-

47 1666 114 1704 tus
156 1677 260 1713 sum,
303 1662 455 1703 factum
498 1666 572 1713 est,
616 1666 664 1703 ut
707 1661 911 1703 Domitius
943 1659 1232 1716 implicaretur,
1274 1674 1406 1714 neque
1438 1660 1523 1716 ipse
1553 1660 1650 1701 satis
1683 1660 1820 1701 firmus

48 1739 152 1776 esset
183 1734 234 1776 ad
267 1739 396 1777 castra
429 1734 626 1787 facienda,
662 1735 769 1790 quod
803 1750 911 1777 meas
945 1748 1040 1776 Xix.
1075 1739 1115 1775 et
1149 1749 1240 1775 suas
1280 1746 1363 1776 XII.
1398 1733 1582 1775 cohortes
1613 1732 1744 1775 tribus
1777 1733 1819 1774 111

47 1807 205 1864 oppidis
239 1807 475 1850 distributas
513 1808 679 1851 haberet
714 1834 770 1839 -
810 1824 904 1851 nam
936 1808 1084 1864 partim
1117 1807 1259 1859 Albae,
1294 1807 1442 1863 partim
1475 1807 1665 1850 Sulmone
1700 1807 1820 1848 00110-

47 1881 153 1923 cavit
194 1899 273 1932 —5
318 1896 448 1937 neque
492 1897 547 1933 se,
589 1882 623 1922 si
656 1882 788 1933 vellet,
823 1880 1010 1936 expedire
1044 1886 1192 1936 posset.
1229 1883 1271 1921 2.
1307 1881 1428 1921 Nunc
1463 1880 1605 1922 scitote
1639 1896 1701 1922 me
1736 1896 1821 1922 esse

46 1955 89 1997 in
123 1970 278 1998 summa
312 1954 598 1997 sollicitudine.
649 1955 757 1996 Nam
790 1960 830 1996 et
861 1959 924 1996 tot
956 1958 996 1996 et
1028 1953 1129 1995 tales
1163 1954 1268 1995 viros
1301 1953 1481 2009 periculo
1516 1953 1741 1995 obsidionis
1775 1954 1821 1995 li-

89 2135 108 2175 §
131 2134 158 2166 1.
183 2134 256 2167 Cum
277 2134 359 2166 omni
382 2133 484 2174 copia.
518 2132 568 2164 De
597 2131 760 2163 militibus
789 2130 909 2172 copiam
959 2128 1085 2170 duplex
1108 2123 1361 2173 ὃμοιοτέλευτον
1379 2128 1634 2170 proficisceretur
1658 2128 1825 2159 —adimz·

47 2186 133 2228 sing.
166 2197 258 2223 1111111.
281 2188 408 2219 dictum
430 2186 577 2218 indicare
595 2185 778 2226 plerumque
796 2184 910 2215 incon·
956 2187 1097 2226 qeretzcr,
1120 2190 1153 2216 et
1175 2187 1411 2225 coyerentur—
1426 2186 1734 2225 transportarenlur.
1756 2184 1774 2222 ξ
1792 2185 1825 2214 4.

47 2240 150 2273 (litam
180 2240 440 2277 multitudinem,
472 2244 509 2270 ut
544 2237 750 2279 grammatici
779 2237 910 2272 docent,

47 2303 92 2327 ex
120 2295 173 2326 his
202 2293 353 2335 Pompeii
384 2291 531 2334 epistolis
567 2290 756 2322 confirmari
790 2294 908 2330 potest.

47 2349 136 2380 Nam
158 2348 286 2390 quoties
309 2347 349 2378 de
380 2345 530 2378 Caesaris
559 2343 723 2376 militibus
752 2342 909 2384 loquitur,

48 2404 106 2445 qui
127 2403 275 2444 amplum
298 2401 483 2433 exercitum
504 2399 648 2430 habebat
671 2397 736 2438 (Q,
759 2398 794 2437 3)
810 2402 842 2428 et
857 2405 909 2428 ve-

47 2462 177 2490 teranas
200 2456 349 2497 legiones
381 2454 437 2494 (D.
463 2457 561 2492 extr.)
591 2451 696 2493 copias
725 2451 821 2488 dicit3
845 2450 909 2481 Do·

46 2511 132 2543 mitii
152 2519 288 2542 manum
311 2516 344 2540 et
365 2508 487 2539 milites
512 2517 531 2538 a
551 2506 745 2538 consulibus
779 2504 909 2546 Capuae

48 2565 249 2606 conscriptos
271 2562 446 2605 quinquies
468 2561 588 2602 copiam
611 2565 716 2591 vocat.
748 2558 910 2590 Similiter

49 2618 213 2651 Catilinae
234 2618 372 2649 comites
394 2615 483 2656 copia
505 2620 641 2646 vocatur
662 2624 693 2655 p.
715 2613 804 2645 Mur.
825 2612 910 2652 §78.

49 2672 107 2709 At,
130 2672 157 2703 si
178 2671 241 2703 hac
263 2671 297 2702 in
322 2679 356 2702 re
379 2668 531 2710 Pompeii
551 2667 725 2708 diligentia
746 2665 911 2697 laudanda

50 2729 108 2762 est,
130 2724 166 2756 in
188 2724 262 2756 aliis
277 2728 413 2764 apparet
426 2721 599 2754 scribentis
617 2719 833 2761 negligentia,
849 2718 912 2750 sal-

51 2784 119 2811 tem
147 2778 176 2810 si
204 2787 281 2809 cum
310 2775 480 2808 Ciceronis
510 2774 659 2806 oratione
697 2776 915 2813 comparatur.

51 2830 259 2868 Adscribam,
283 2838 366 2870 quae
389 2829 424 2859 in
446 2827 509 2858 hoc
531 2835 654 2868 genere
679 2825 804 2856 notavi.
828 2824 874 2856 A.
897 2823 908 2854 1

50 2886 85 2914 ut
108 2883 250 2914 cohortes
272 2880 361 2920 XIX,
384 2890 463 2922 quae
478 2899 518 2903 —
534 2880 578 2911 ad
599 2889 645 2910 me
666 2879 729 2910 iter
750 2877 913 2914 habebant,

960 2250 998 2270 ac
1018 2239 1066 2270 ita
1089 2239 1179 2271 video
1202 2239 1323 2271 censeri
1345 2239 1502 2271 Marcello
1536 2239 1652 2272 Cicero
1681 2239 1825 2280 scripsis-

960 2298 1025 2325 set:
1051 2295 1145 2335 atque
1166 2292 1215 2324 ita
1238 2292 1327 2323 video
1342 2292 1476 2333 placere
1493 2292 1538 2324 M.
1561 2292 1646 2324 Mox
1663 2292 1698 2323 in
1716 2291 1826 2323 verbis

961 2345 1066 2376 eodem
1089 2344 1297 2376 Brundisium
1326 2345 1524 2377 alterutrum
1552 2345 1724 2382 redundat,
1758 2344 1825 2381 sed,

959 2409 1061 2440 quum
1083 2397 1187 2429 eodem
1220 2398 1404 2439 scripserat,
1436 2398 1547 2428 locum
1580 2396 1718 2428 fortasse
1752 2396 1826 2427 dili-

960 2452 1092 2493 gentius
1114 2452 1262 2483 indicare
1283 2451 1400 2482 voluit.
1423 2451 1463 2483 B.
1480 2456 1566 2483 extr.
1582 2453 1617 2482 ut
1630 2451 1773 2482 cohorte-5
1785 2468 1827 2472 —

959 2507 1005 2539 ad
1023 2518 1070 2538 me
1106 2507 1231 2538 missum
1254 2506 1380 2547 facias,
1413 2506 1544 2543 rectius,
1578 2511 1668 2547 puto,
1706 2505 1751 2536 ad
1780 2514 1827 2536 me

959 2560 1078 2591 mittas.
1108 2559 1274 2601 Supinum
1298 2559 1333 2590 111
1361 2559 1424 2590 hac
1453 2558 1698 2590 constructione
1727 2557 1825 2598 plane

960 2613 1148 2644 inauditum
1172 2617 1221 2644 est
1243 2617 1275 2644 et
1296 2611 1421 2653 aliquid
1441 2611 1567 2642 missum
1580 2610 1706 2652 facere,
1720 2610 1748 2641 si
1763 2610 1826 2641 usi-

960 2671 1026 2699 tate
1055 2666 1232 2709 loquimur,
1264 2665 1389 2707 respuit
1410 2665 1470 2697 illa
1498 2664 1544 2696 ad
1563 2675 1619 2696 me.
1645 2682 1684 2687 -
1708 2664 1749 2695 111
1775 2673 1824 2704 ep.

960 2720 996 2752 C.
1029 2721 1062 2751 in
1100 2720 1208 2751 Tuscis
1242 2720 1354 2761 paullo
1392 2718 1591 2750 insolentius
1625 2723 1672 2750 est
1702 2727 1760 2758 pro
1791 2717 1823 2746 in

959 2774 1090 2806 Etruria
1115 2780 1148 2806 et
1169 2774 1271 2806 verba
1299 2776 1334 2805 ut
1346 2772 1581 2814 frumentatum
1611 2781 1666 2804 eas
1695 2776 1824 2803 senten-

959 2827 1023 2858 tiae
1045 2827 1155 2858 laxius
1184 2826 1296 2858 addita
1325 2832 1413 2857 sunt.
1447 2826 1592 2857 Videtur
1622 2830 1732 2856 autem
1762 2824 1825 2855 1100

957 2880 1081 2912 dicere:
1105 2897 1146 2904 --
1166 2877 1324 2910 sustinere
1340 2877 1463 2919 poteris
1497 2879 1592 2919 alque
1625 2876 1754 2917 efficere,
1790 2878 1824 2905 ut

51 2937 96 2968 ad
117 2946 172 2968 nos
195 2935 330 2967 mitteret
339 2949 348 2971 ;
385 2934 441 2965 ubi
467 2934 574 2966 oratio
595 2933 731 2973 obliqua
759 2931 914 2962 0011111110-
951 2933 1186 2972 frumentatum
1208 2932 1256 2963 ire
1277 2931 1335 2962 tibi
1356 2931 1463 2962 liceat.
1501 2931 1542 2962 In
1574 2930 1711 2971 epistola
1741 2936 1824 2960 extr.

51 2989 156 3020 tivum
179 2988 331 3019 haberent
353 2995 456 3028 paene
479 2985 702 3017 necessarium
723 2984 812 3015 facit.
849 2983 914 3014 Ibi-

52 3043 127 3074 dem
150 3042 258 3074 verbis
273 3040 394 3083 partim
417 3039 528 3078 Albae,
544 3038 666 3080 partim
688 3037 834 3069 Sulmone
856 3036 916 3068 col-

52 3094 168 3126 locavit
201 3094 346 3134 diligens
376 3093 512 3134 scriptor
540 3091 737 3122 addidisset:
773 3088 914 3130 reliquas

58 3148 186 3188 (buglinii
207 3156 308 3178 secum
333 3146 435 3176 habel.
460 3147 498 3176 ln
523 3146 541 3184 ξ
572 3146 589 3175 3
612 3143 781 3176 Weiskius
792 3142 917 3174 notavit

959 2985 1130 3018 Weiskius
1152 2985 1270 3016 merito
1293 2983 1506 3025 reprehendit
1528 2982 1708 3014 sententias
1731 2982 1825 3013 iuxta

960 3038 1099 3079 positas:
1122 3037 1236 3079 Itaque
1255 3055 1297 3059 —
1316 3036 1494 3067 habeamus.
1517 3033 1620 3066 Etiam
1642 3052 1684 3058 —
1706 3032 1825 3072 venias,

961 3102 1065 3133 quum
1086 3091 1176 3133 prior
1197 3090 1333 3122 alterius
1354 3099 1488 3122 causam
1503 3088 1680 3120 contineat.
1703 3087 1825 3119 Paullo

963 3150 1037 3176 ante
1060 3143 1095 3175 id
1115 3144 1196 3185 qvod
1217 3146 1358 3175 neutrum
1383 3153 1441 3183 pro
1462 3152 1586 3183 quorum
1611 3143 1750 3172 neutrum
1770 3150 1822 3181 pa-

1839 1900 1875 1926 10
