2062 3565
664 173 772 216 LIB.
807 174 882 215 XI.
918 174 1001 216 BP.
1041 176 1108 215 14.
1153 177 1218 217 15.
1743 177 1826 216 l-lu

58 309 137 352 Sed
182 312 320 350 tamen
360 309 460 350 scire
505 310 624 352 velim
664 309 763 366 quid
812 323 989 361 censeaS,
1034 309 1156 366 idque
1201 316 1286 352 erat
1329 326 1417 352 cum
1464 311 1553 353 aliis
1601 326 1672 352 cur
1707 316 1758 362 te,
1794 312 1823 352 si

57 383 142 426 fieri
173 387 320 440 posset,
355 397 541 439 cuperem
581 384 730 426 videre.
776 386 817 425 2.
851 383 1081 426 Minucium
1114 394 1186 429 xii.
1221 385 1304 427 sola
1338 400 1496 427 curasse
1529 385 1671 441 scripsi
1704 385 1753 426 ad
1788 391 1826 426 te

58 461 176 500 antea
184 474 196 508 ;
237 456 344 511 quod
384 462 578 512 superest,
626 457 746 500 velim
793 456 927 498 videas
960 462 1008 499 ut
1040 464 1216 500 curetur.
1267 459 1448 511 Quintus
1480 474 1562 500 non
1594 458 1714 500 modo
1748 474 1826 500 non

59 545 150 574 cum
194 545 340 586 magna
383 545 498 586 prece
547 531 596 573 ad
646 546 710 572 me
755 530 823 572 sed
868 530 1122 574 acerbissime
1169 533 1342 588 scripsit,
1388 533 1493 574 filius
1536 548 1628 574 vero
1660 532 1828 574 mirifico

59 603 165 646 odio.
215 602 332 645 Nihil
374 604 472 659 fingi
517 608 649 659 potest
681 603 791 655 mali,
826 619 905 659 quo
938 618 1020 645 non
1053 619 1210 660 urgear.
1257 606 1405 647 Omnia
1437 612 1572 647 tamen
1607 610 1702 647 sunt
1736 606 1829 647 faci·
1871 615 1885 639 ⁵

0 719 4 725 ,
57 678 158 720 liora
201 691 320 732 quam
360 677 514 733 peccati
555 676 682 728 dolor,
717 677 787 733 qui
820 682 861 718 et
893 678 1094 720 maximus
1127 684 1188 720 est
1220 685 1261 720 et
1293 684 1492 730 aeternus,
1528 679 1644 721 cuius
1676 679 1829 735 peccati

59 751 93 794 si
125 750 253 793 socios
285 764 413 791 essem
445 748 658 791 habiturus
692 764 780 805 eg0,
816 765 916 805 quos
952 751 1105 807 putavi,
1139 757 1273 793 tamen
1308 758 1413 793 esset
1439 752 1659 794 consolatio
1682 752 1829 793 tenuis.

59 823 138 866 Sed
181 821 304 864 habet
351 822 518 865 aliorum
565 824 746 865 omnium
795 824 898 865 ratio
943 824 1112 876 exitum,
1147 840 1234 866 mea
1267 825 1439 867 nullum.
1491 825 1574 867 Alii
1607 826 1729 882 capti,
1764 825 1831 866 alii

58 895 268 940 interclusi
299 911 382 938 non
414 896 584 938 veniunt
615 896 659 938 in
693 894 862 938 dubium
909 896 958 938 de
1003 897 1224 948 voluntate,
1259 913 1305 939 eo
1339 899 1472 940 minus
1506 898 1672 949 scilicet,
1707 913 1830 954 quum

59 985 100 1012 se
139 969 388 1026 expedierint
428 975 468 1011 et
507 985 589 1012 una
632 986 717 1012 esse
759 971 979 1026 coeperint.
1030 971 1068 1013 Ii
1110 976 1245 1013 autem
1288 972 1381 1028 ipsi,
1418 972 1488 1026 qui
1521 987 1593 1014 sua
1627 972 1832 1014 voluntate
1856 989 1889 1016 10

59 1041 110 1085 ad
157 1042 316 1084 Fufium
358 1047 567 1093 venerunt,
609 1042 712 1084 nihil
763 1048 932 1099 possunt
974 1043 1055 1085 nisi
1086 1043 1222 1085 timidi
1255 1045 1489 1086 existimari.
1540 1045 1665 1087 Multi
1699 1051 1831 1087 autem

7 1175 9 1177 ι
59 1120 169 1166 sunt,
202 1115 286 1171 qui,
320 1115 552 1172 quicunque
585 1122 695 1168 sunt,
731 1116 852 1158 modo
898 1116 949 1159 ad
983 1116 1074 1159 illos
1108 1133 1149 1159 se
1183 1118 1357 1174 recipere
1391 1118 1540 1169 volent,
1575 1119 1832 1175 recipientur.

60 1188 153 1242 Quo
184 1189 320 1231 minus
353 1189 476 1231 debes
509 1190 646 1232 mirari
680 1205 764 1233 non
797 1205 912 1246 posse
946 1206 1010 1232 me
1043 1196 1157 1233 tanto
1192 1191 1319 1233 dolori
1342 1192 1538 1233 resistere.
1572 1192 1705 1234 Solius
1727 1193 1834 1234 enim

60 1277 193 1305 meum
233 1266 444 1319 peccatum
493 1263 639 1318 corrigi
687 1279 769 1306 non
815 1268 948 1320 potest
981 1269 1022 1305 et
1055 1263 1220 1306 fortasse.
1254 1264 1397 1306 Laelii.
1453 1264 1531 1306 Sed
1554 1254 1663 1320 §uid
1696 1280 1760 1306 me
1792 1265 1832 1306 id

62 1336 194 1379 levat?
226 1337 336 1379 Nam
368 1336 416 1378 C.
451 1336 614 1392 quidem
648 1337 834 1380 Cassium
868 1337 985 1380 aiunt
1017 1337 1231 1379 consilium
1264 1337 1558 1379 Alexandream
1590 1337 1714 1379 eundi
1748 1354 1835 1380 mu·
1856 1355 1890 1382 15

56 1411 217 1453 tavisse.
269 1413 312 1453 3.
362 1411 474 1453 Haec
519 1411 569 1453 ad
610 1417 650 1453 te
695 1411 842 1463 scribo,
877 1427 960 1454 non
992 1417 1040 1453 ut
1073 1427 1196 1467 queas
1229 1416 1276 1453 tu
1309 1411 1466 1453 demere
1500 1411 1830 1464 sollicitudinem,

61 1483 130 1526 sed
178 1488 226 1525 ut
257 1499 497 1540 cognoscam
528 1485 674 1541 ecquid
708 1490 754 1527 tu
788 1485 839 1527 ad
873 1501 919 1527 ea
953 1486 1108 1537 afferas,
1145 1501 1247 1541 quae
1280 1501 1342 1527 me
1376 1485 1620 1536 conficiunt3
1650 1485 1700 1525 ad
1735 1501 1834 1540 quae

0 1581 4 1587 ·
59 1571 181 1612 gener
223 1557 380 1599 accedit
421 1562 462 1599 et
509 1562 654 1610 cetera,
710 1574 813 1615 quae
862 1559 961 1601 fletu
1005 1559 1200 1615 reprimor
1244 1575 1293 1600 ne
1328 1558 1513 1601 scribam.
1569 1558 1681 1611 Quin
1714 1559 1835 1601 etiam

0 1640 5 1686 j
62 1631 211 1687 Aesopi
242 1628 348 1673 filius
381 1647 444 1673 me
477 1632 692 1674 excruciat.
729 1633 898 1674 Prorsus
926 1631 1030 1674 nihil
1064 1631 1192 1683 abest,
1229 1633 1328 1687 quin
1362 1633 1435 1674 sim
1459 1632 1721 1674 miserrimus.
1757 1632 1834 1674 Sed

65 1704 116 1746 ad
149 1704 323 1761 primum
355 1710 544 1757 revertor,
568 1705 667 1761 quid
690 1710 806 1762 putes
830 1705 1075 1757 faciendum,
1100 1705 1308 1747 occultene
1333 1705 1467 1761 aliquo
1489 1706 1654 1761 propius
1676 1705 1837 1746 venien-
1861 1724 1895 1750 20

0 1766 12 1815 s‘
65 1777 177 1829 dum,
211 1792 263 1819 an
294 1793 401 1820 mare
436 1778 741 1820 transeundum.
787 1780 894 1821 Nam
928 1779 994 1821 hic
1027 1780 1182 1821 maneri
1216 1778 1372 1821 diutius
1406 1794 1488 1820 non
1521 1784 1666 1834 potest.
1703 1781 1743 1819 4.
1778 1779 1838 1819 De

0 2433 12 2475 ζ.
70 2434 220 2475 periculo.
242 2434 356 2466 Pison.
377 2434 397 2465 6
419 2444 488 2465 mea
511 2434 603 2465 unius
620 2444 725 2474 opera.
745 2434 820 2465 Vat.
834 2435 853 2465 8
868 2444 933 2464 cum

3 2483 14 2497 '⁴
72 2497 139 2518 mea
172 2486 265 2518 unius
292 2486 407 2518 salute.
440 2486 534 2518 Fam.
570 2487 616 2518 11.
649 2487 677 2524 6,
708 2487 725 2517 5
755 2486 850 2518 unius
879 2489 934 2517 tuo

0 2586 17 2611 ι

0 2611 18 2697 ,ἓ

0 2708 16 2757 ,ἦ

0 2763 15 2808 ἶ

0 2811 21 2920 ἓ

2 3064 25 3079 ιο

0 3086 13 3110 9

0 3108 24 3175 ἕν’

67 1849 289 1892 Fufidianis
331 1866 452 1907 quare
496 1851 598 1892 nihil
643 1852 776 1907 potuit
819 1852 992 1893 confici?
1051 1852 1191 1894 Genus
1225 1852 1333 1893 enim
1366 1851 1609 1893 conditionis
1643 1850 1838 1892 eiusmodi

66 1924 159 1974 fuit,
192 1924 236 1965 in
270 1939 350 1979 quo
384 1938 465 1965 non
498 1924 599 1965 solet
632 1939 715 1966 esse
750 1925 1034 1977 controversia,
1070 1940 1195 1981 quum
1229 1940 1275 1966 ea
1309 1940 1414 1981 pars,
1448 1940 1551 1980 quae
1574 1924 1733 1966 videtur
1756 1940 1840 1966 esse

116 2113 207 2145 nodo
228 2132 269 2137 —-
297 2113 413 2146 volent.
449 2112 640 2145 Scribamus
662 2122 739 2144 cum
767 2093 933 2144 Lambino
956 2131 957 2134 =
981 2124 1060 2145 num
1084 2124 1144 2145 sua
1165 2114 1262 2155 culpa
1285 2115 1390 2146 levior
1413 2115 1455 2145 sit
1477 2114 1597 2151 futura,
1625 2115 1714 2154 quod
1734 2115 1842 2145 Laelii

71 2167 160 2200 modo
182 2186 223 2192 -—-
251 2167 360 2205 velint,
389 2171 445 2198 aut
473 2177 550 2198 cum
577 2165 705 2199 Orellio
729 2166 759 2197 si
780 2166 932 2212 modq—
955 2148 959 2222 ᾗ
980 2168 1095 2199 eadem
1118 2172 1176 2198 est.

70 2222 184 2253 volent.
955 2223 958 2257 ἶ
1023 2220 1054 2250 C.
1079 2220 1218 2251 Cassium
1240 2227 1301 2252 cet.
1327 2221 1367 2251 ln
1391 2230 1440 2261 ep.
1464 2220 1514 2257 13,
1539 2220 1742 2261 lscripserat
1754 2220 1842 2251 hunc

112 2274 216 2306 Solius
228 2273 624 2316 meampeccatumsoepe
637 2273 754 2306 Cicero
765 2274 931 2313 genitivos
956 2266 1230 2315 {Alexandream
1259 2274 1443 2315 profectum
1473 2284 1553 2312 esse,
1585 2279 1622 2306 ut
1653 2284 1687 2306 se
1711 2273 1843 2306 Caesari

71 2328 310 2359 adiectivorum
343 2327 566 2358 numeralium
588 2326 840 2367 pronominibus
862 2337 933 2367 pos·
957 2355 960 2383 ι
980 2327 1187 2368 adiungeret.
1209 2327 1309 2358 Nunc
1330 2327 1552 2358 nunciabatur
1573 2327 1750 2358 consilium
1773 2337 1841 2358 mu-

71 2379 203 2411 sessivis
231 2380 394 2416 adiunxit,
428 2384 463 2410 ut
497 2379 570 2411 Cat.
601 2379 663 2410 IV.
694 2380 734 2410 23
756 2388 812 2410 suo
834 2379 933 2410 solius
981 2386 1066 2411 tasse
1099 2389 1208 2420 neque
1231 2389 1266 2411 se
1297 2380 1414 2411 victori
1437 2381 1569 2412 eredere
1593 2380 1689 2411 velle.
1725 2380 1842 2420 Itaque

981 2433 1088 2466 Cassii
1110 2434 1175 2464 alia
1196 2444 1295 2465 causa
1319 2439 1397 2472 erat,
1421 2444 1522 2475 quam
1545 2433 1725 2466 Ciceronis.

1023 2486 1041 2526 ξ
1066 2487 1094 2518 3.
1123 2486 1207 2523 Quin
1231 2488 1325 2518 etiam
1356 2488 1471 2528 Aesopi
1481 2487 1579 2528 filiu-s·
1601 2498 1647 2518 me
1669 2488 1844 2519 ewruciat.

72 2541 186 2579 studio,
214 2541 272 2573 ubi
306 2542 342 2579 is,
371 2541 428 2582 qui
460 2541 532 2572 cod.
557 2541 646 2572 Med.
667 2541 822 2578 correxit,
846 2540 934 2572 male
957 2558 961 2595 π
981 2541 1140 2572 Insanum
1169 2540 1324 2578 hominis,
1353 2542 1411 2582 qui
1438 2551 1456 2572 a
1482 2546 1573 2582 patre
1598 2542 1755 2582 tragoedo
1780 2551 1844 2572 am-

74 2594 203 2636 scripsit
224 2593 282 2625 tui.
304 2594 383 2625 ibid.
415 2594 476 2625 VI.
500 2594 540 2624 16
569 2595 679 2624 nostra
701 2593 837 2634 ipsorum
861 2593 936 2624 ami-
981 2593 1168 2634 plissimum
1195 2594 1431 2634 patrimonium
1466 2599 1642 2634 acceperat,
1677 2594 1844 2625 luxuriam

982 2654 1118 2679 narrant
1151 2648 1309 2680 Horatius
1343 2647 1410 2680 Sat.
1442 2648 1489 2679 ΙΙ.
1514 2648 1532 2679 3
1554 2659 1586 2679 v.
1619 2648 1680 2679 239
1703 2658 1792 2690 seqq.
1816 2656 1847 2679 et

983 2701 1114 2733 Plinius
1143 2702 1188 2733 H.
1217 2702 1258 2732 N.
1290 2701 1352 2732 IX.
1384 2702 1455 2733 122.
1493 2702 1640 2734 Amabat
1674 2702 1847 2733 Metellum

984 2754 1021 2786 P.
1046 2754 1194 2787 Cornelii
1217 2756 1354 2787 Lentuli
1380 2755 1567 2796 Spintheris
1590 2765 1740 2787 uxorem.
1762 2765 1847 2786 amo-

74 2648 160 2679 cilia.
208 2647 250 2678 In
279 2651 359 2678 orat.
388 2657 419 2688 p.
448 2647 587 2678 Plancio
616 2647 656 2677 26
679 2647 714 2678 in
738 2647 862 2679 verbis:
887 2647 937 2678 cui

74 2710 183 2733 nomen
211 2711 308 2731 meum
338 2700 477 2731 absentis
505 2699 618 2731 honori
645 2700 777 2739 suisset,
800 2700 829 2730 ei
853 2710 936 2731 mea-s·

69 2754 251 2795 praesentis
274 2764 387 2794 preces
416 2763 478 2784 non
502 2755 601 2794 putas
622 2752 811 2793 profuiise?
849 2753 939 2785 haud

77 2806 144 2838 scio
165 2815 207 2837 an
230 2806 427 2846 pronomina
458 2816 556 2836 meum
578 2810 610 2836 et
632 2815 717 2835 meas
739 2805 938 2846 interpolata
983 2809 1075 2840 ribus
1108 2810 1175 2841 suis
1210 2809 1379 2848 famosam,
1413 2820 1512 2851 quam
1546 2811 1662 2842 eodem
1699 2816 1844 2850 tempore

77 2861 153 2892 sint.
176 2861 217 2892 In
239 2859 428 2901 fragmento
450 2869 494 2890 ex
517 2860 665 2891 oratione
687 2860 837 2900 Lycurgi
851 2861 939 2900 apud
984 2863 1118 2895 Tulliae
1146 2863 1350 2904 praeferebat
1381 2863 1566 2895 Dolabella.
1590 2863 1667 2894 Vid.
1690 2863 1712 2893 h
1750 2863 1772 2893 1.
1795 2864 1845 2899 23,

77 2914 241 2946 Rutilium
269 2913 403 2955 Lupum
431 2914 459 2944 I.
493 2913 511 2946 7
542 2923 573 2954 p.
602 2913 641 2944 25
675 2913 810 2945 Ruhnk.
834 2914 940 2955 itaque
960 2938 963 2966 Ι
986 2918 1015 2948 3.
1038 2916 1138 2949 XIII.
1162 2917 1191 2955 7,
1215 2918 1243 2948 1.
1276 2917 1392 2950 Cicero
1416 2918 1518 2957 igitur
1539 2918 1739 2957 indignatur,
1762 2918 1846 2957 quod

79 2967 173 2999 unius
200 2977 296 3008 opera
325 2977 392 2998 mea
422 2977 482 2998 non
514 2967 703 2998 concitatum
731 2967 844 2997 bellum
879 2977 940 2998 non
960 2970 964 3004 ⁴1
985 2969 1073 3001 filiae
1096 2979 1174 3001 suae
1197 2971 1334 3001 maritus
1364 2980 1440 3002 cum
1471 2970 1692 3011 perditissimo
1715 2970 1849 3000 homine

79 3020 290 3052 necessarium
311 3019 402 3051 scitis
425 3026 501 3051 ante
522 3019 632 3050 bellum
655 3020 860 3052 intercidisse
876 3029 942 3051 cre·
961 3007 965 3063 '1
987 3021 1135 3054 eiusdem
1169 3023 1319 3054 mulieris
1349 3032 1461 3054 amore
1492 3023 1674 3054 tenebatur.
1697 3021 1737 3052 cf.
1762 3020 1849 3052 Wie-

80 3076 123 3108 do
143 3074 202 3107 sed
221 3074 375 3106 sedatum.
961 3065 966 3115 ἰ
987 3074 1079 3106 laudi
1102 3076 1213 3106 adnot.
1237 3075 1304 3106 Vol
1342 3075 1384 3107 V.
1407 3086 1437 3117 p.
1461 3076 1519 3107 281
1543 3085 1590 3117 sq.

122 3129 186 3162 Sed
203 3128 280 3172 quid
299 3139 346 3160 me
367 3128 404 3160 id
418 3128 533 3159 levat?
549 3129 666 3169 Inepta
679 3129 838 3170 quaestio,
857 3128 944 3160 Scri-
963 3134 966 3162 l
1033 3129 1052 3168 ξ
1084 3130 1114 3160 4.
1149 3128 1265 3160 Cicero
1299 3139 1374 3160 cum
1404 3129 1477 3161 aliis
1508 3139 1525 3160 a
1556 3129 1685 3160 Fufidio
1709 3128 1850 3170 quodam

86 3184 227 3216 bendum
257 3188 336 3224 puto
370 3183 396 3211 is
432 3193 489 3225 [ιε-ο
520 3181 561 3219 id,
592 3188 625 3215 ut
657 3182 772 3215 Cicero
800 3191 946 3230 quaerat„
992 3181 1085 3213 heres
1110 3182 1213 3214 tactu>
1237 3182 1375 3214 babebat
1403 3182 1548 3216 familiae
1570 3182 1778 3216 erciscundae
1790 3192 1849 3214 ,ac-
