2024 3517
688 857 1234 937 PRAEFATIO

476 1098 957 1160 VOLUMINIS
1014 1087 1460 1158 ALTERIUS.

149 1710 301 1752 Octavo
336 1725 470 1751 mense
505 1716 594 1766 post
628 1711 738 1766 prius
773 1709 908 1766 prodit
941 1708 1128 1750 volumen
1162 1708 1346 1758 alterum,
1393 1707 1499 1762 quod
1542 1721 1683 1748 novem
1727 1710 1857 1761 postc-

86 1818 209 1859 riorcs
242 1817 501 1873 epistolarum
534 1817 658 1859 libros
692 1818 874 1859 continet
918 1832 939 1858 a
982 1832 1044 1858 1116
1091 1815 1324 1857 emendatos
1368 1819 1409 1856 et
1453 1818 1645 1870 perpetua
1692 1812 1856 1853 adnota-

87 1925 196 1965 tione
238 1924 473 1964 illustratos.
549 1923 738 1973 Librarii,
783 1925 853 1979 qui
898 1939 965 1965 eos
1010 1924 1321 1979 descripserunt,
1379 1923 1528 1964 laboris
1571 1921 1705 1963 taedio
1751 1921 1859 1976 capti

87 2030 214 2070 multa
256 2029 600 2084 negligentissime
645 2031 892 2086 scripserunt
936 2035 976 2071 et
1021 2035 1110 2086 post
1159 2029 1308 2071 librum
1355 2044 1402 2071 XI
1446 2029 1573 2071 multa
1606 2031 1785 2072 omisisse
1819 2036 1861 2072 et

88 2135 294 2178 Ciceronis
327 2137 548 2179 orationem
579 2139 623 2179 in
657 2138 940 2194 compendium
972 2137 1172 2192 redegisse
1216 2137 1418 2178 videntur.
1492 2137 1580 2192 Ego
1618 2142 1723 2178 certe
1762 2152 1862 2178 non-

88 2258 297 2297 uunquam
330 2244 397 2284 vix
430 2243 636 2286 Ciceronis
669 2260 833 2286 manum
866 2245 908 2285 in
944 2245 994 2285 iis
1036 2245 1195 2299 agnovi.
1258 2245 1403 2299 Itaque
1444 2243 1694 2298 frequentius
1740 2259 1861 2299 quam

89 2350 133 2391 111
175 2350 448 2407 superioribus
490 2351 604 2393 libris
647 2352 691 2393 in
735 2366 762 2394 v
805 2352 959 2393 ultimis
1004 2351 1303 2408 suspicionibus
1343 2359 1384 2393 et
1434 2353 1685 2393 coniecturae
1729 2350 1863 2392 indul-

89 2458 266 2512 gendum
300 2464 399 2501 erat.

152 2565 276 2611 Quod
308 2550 407 2607 111166
441 2567 566 2609 editio
599 2567 738 2623 paucis
771 2573 811 2609 et
843 2567 1061 2609 levioribus
1094 2566 1295 2608 erroribus
1328 2565 1627 2622 typothetarum
1669 2565 1862 2606 deformw

92 2678 172 2723 tur,
206 2674 351 2728 partim
385 2680 593 2730 acceptum
625 2676 752 2717 refero
786 2690 938 2727 eorum,
974 2676 1044 2730 qui
1078 2674 1178 2716 mihi
1223 2675 1495 2728 contigerunt,
1543 2672 1777 2727 diligentiae
1824 2676 1865 2711 et

92 2779 345 2835 prudentiae,
381 2783 526 2836 partim
570 2782 740 2824 debetur
785 2783 948 2834 auxilio,
995 2783 1101 2838 quod
1142 2788 1233 2838 post
1276 2782 1461 2824 Rinkesii
1505 2782 1583 2822 mei
1628 2779 1785 2820 obitum
1818 2779 1861 2818 in

94 2886 267 2941 plagulis
300 2888 547 2942 corrigendis
580 2890 681 2931 mihi
715 2890 917 2945 praestitit
949 2891 1008 2931 vir
1043 2889 1301 2931 doctissimus
1337 2890 1392 2930 H.
1426 2889 1471 2929 T.
1508 2889 1697 2937 Karsten,
1744 2888 1865 2940 (lym-

94 2993 198 3034 nasii
241 2995 626 3038 Amstelodamcnsis
674 2999 925 3053 Praeceptor,
961 2998 1026 3039 cui
1072 3012 1142 3052 pro
1185 2996 1253 3038 illa
1297 2994 1574 3038 benevolentia
1609 2993 1757 3047 gratias
1791 3006 1865 3045 agn

102 3099 308 3141 maximas.
