2062 3565
224 169 307 207 lis
624 168 705 208 ΕΡ.
742 167 817 206 AD
850 166 896 206 T.
934 163 1283 205 POMPONIUM
1319 163 1584 204 A'I'HCUM.

221 308 310 342 tuas
351 301 486 341 literas
532 300 701 340 mittam.
769 298 835 340 Ad
878 304 918 339 te
952 297 1124 339 scribam
1157 296 1356 351 numquid
1389 297 1530 351 egerit.
1565 296 1650 338 HS.
1685 303 1775 339 Hx.
1809 297 1986 352 potuisse

221 375 394 423 mirarer,
429 374 507 414 nisi
541 373 667 414 multa
700 372 749 413 de
783 371 1006 413 Fufidianis
1028 371 1216 427 praediis.
1252 371 1304 412 Et
1328 371 1354 413 †
1372 369 1542 411 advideo
1563 374 1698 412 tamen
1720 374 1760 411 te
1784 375 1984 426 exspecto,

219 462 338 501 quem
383 446 528 496 videre,
575 446 608 486 si
652 445 735 486 ullo
768 445 887 486 modo
920 450 1054 500 potest
1088 470 1144 474 —
1181 447 1270 498 (est)
1305 444 1413 485 enim
1446 458 1507 484 res
1542 468 1615 494 -—,
1649 443 1854 499 pervelim.
1897 444 1984 486 Iam

217 526 437 561 extremum
471 518 738 559 concluditur.
793 519 818 555 †
838 517 900 558 Ibi
935 518 1051 559 facile
1085 526 1145 559 est-
1177 517 1274 573 quid
1309 532 1429 572 quare
1463 516 1516 557 sit
1547 517 1709 570 gravius
1742 516 1983 558 existimare.

178 604 192 628 5
223 593 331 634 Vale.

254 754 273 783 2
295 755 407 782 lamen.
437 752 475 782 Te
497 755 644 794 exspecto
668 771 707 777 —
732 757 751 785 3
772 756 873 795 poscit
897 757 976 786 enim
1002 765 1052 785 res
1075 774 1115 779 -—
1139 759 1159 786 4
1183 755 1231 786 Ibi
1244 755 1351 796 jacile
1373 772 1413 776 —

210 921 358 947 numum,
393 922 478 952 quae
505 922 523 943 e
545 913 736 944 venditione
758 914 968 955 praediorum
991 923 1066 945 con·
1092 940 1093 946 ,
1117 913 1216 953 longe
1245 923 1264 943 a
1292 913 1385 944 codd.
1416 911 1564 952 vestigiis
1594 911 1695 942 abest.
1744 909 1899 940 Pervelim
1927 910 1980 941 de-

209 962 290 994 secta
317 965 450 995 Atticus
478 965 602 997 Romae
632 966 773 998 Minucii
796 967 1067 1008 procuratoribus
1091 963 1093 982 ³
1117 966 1212 997 betur
1234 966 1376 997 Ernesto
1397 975 1457 1006 pro
1479 965 1598 996 vitioso
1613 963 1794 1004 pervellem.

208 1022 293 1047 esset
315 1017 509 1048 redditurus.
534 1017 599 1049 Sed
613 1018 782 1050 Minucius
795 1019 923 1050 curavit
938 1024 1066 1050 tantum
1158 1017 1226 1048 Iam
1249 1021 1419 1049 extremum.
1443 1017 1649 1048 concluditur.
1672 1016 1712 1048 cf.
1735 1026 1786 1057 ep.
1808 1016 1980 1054 25,3,2·am

208 1070 271 1106 ΚἯ,
296 1076 331 1101 ut
355 1071 497 1111 legimns
521 1081 571 1112 ep.
595 1072 644 1109 15,
669 1072 698 1102 2.
722 1072 764 1103 Et
778 1072 895 1104 Cicero
918 1073 987 1114 ipse
1009 1073 1067 1103 mi-
1114 1077 1194 1108 enim
1217 1077 1292 1108 mihi
1309 1077 1434 1108 videtur
1446 1077 1556 1107 adesse
1571 1078 1749 1108 extremum.
1773 1075 1979 1108 Concludere

207 1125 338 1155 rabatm·
367 1125 510 1165 potuisse
548 1131 679 1156 tantum
715 1126 834 1157 confici
871 1136 888 1157 e
925 1127 1066 1167 praediis
1090 1167 1091 1170 Ἴ
1114 1130 1242 1171 saepius
1272 1131 1372 1161 habet
1403 1130 1579 1161 claudendi
1607 1129 1866 1170 perficiendique
1900 1128 1978 1166 vim,

206 1179 281 1209 suis.
1114 1188 1151 1213 ut
1172 1182 1266 1214 Fam.
1292 1183 1334 1214 V.
1359 1183 1408 1221 12,
1434 1183 1451 1213 5
1475 1182 1558 1213 varii
1580 1192 1672 1213 casus
1695 1182 1723 1212 si
1745 1181 1832 1213 exitu
1845 1181 1979 1212 notabili

246 1236 261 1259 ψ
284 1232 324 1262 Et
344 1232 477 1264 aclvz'deo
500 1235 604 1264 tamen,
627 1236 659 1264 be
671 1237 826 1274 exspecto.
849 1234 995 1267 Orellius
1010 1246 1065 1276 pu-
1114 1236 1357 1267 concluduntur.

205 1288 293 1319 tabat
315 1288 349 1318 in
373 1287 506 1319 advideo
529 1288 631 1320 latere
655 1299 741 1320 aveo.
764 1289 883 1321 Malim
905 1290 951 1321 sic
967 1291 1064 1321 corri-
1088 1318 1089 1324 ,
1157 1289 1206 1321 Ibi
1220 1289 1328 1330 facile
1350 1292 1398 1321 est
1420 1308 1461 1314 —
1483 1291 1666 1321 existimare
1687 1301 1722 1321 o:
1745 1300 1847 1332 quum
1870 1290 1976 1322 resad

203 1349 295 1379 gere:
319 1340 376 1370 secl
406 1340 499 1371 avide
530 1342 634 1371 tamen
664 1343 696 1372 te
719 1344 871 1382 exspecto,
895 1349 932 1374 nt
955 1349 1064 1374 tecum
1087 1347 1089 1378 A
1115 1344 1241 1375 exitum
1274 1350 1433 1385 spectent,
1468 1345 1533 1375 iam
1566 1344 1645 1376 licet
1677 1344 1850 1382 coniicere,
1891 1353 1976 1385 quae

203 1399 234 1424 et
267 1393 307 1424 de
337 1403 370 1424 re
394 1403 466 1424 mea
489 1393 643 1425 familiari
668 1400 700 1425 ct
720 1395 760 1426 de
784 1405 818 1426 re
844 1396 976 1436 publica
999 1396 1063 1426 col·
1086 1434 1089 1442 ,
1115 1407 1188 1439 pars
1211 1398 1396 1439 quibusque
1427 1399 1468 1430 de
1490 1399 1598 1430 causis
1620 1399 1770 1440 superior
1791 1399 1834 1430 sit
1855 1398 1976 1430 futura.

204 1446 329 1487 loquar.
1086 1449 1088 1468 ·’
1115 1450 1357 1492 Comparantur
1378 1462 1495 1483 causae
1519 1451 1669 1484 Caesaris
1692 1457 1724 1484 et.
1736 1452 1887 1494 Pompeii
1899 1461 1976 1484 eum

242 1501 275 1531 Se?
297 1501 364 1532 ullo
386 1501 473 1532 modo
493 1504 596 1541 potest
620 1502 774 1544 np.fieri.
797 1503 838 1534 cf.
851 1513 935 1544 quae
947 1504 1062 1535 monui
1113 1504 1277 1535 mercibus
1308 1505 1469 1545 impositis
1505 1505 1663 1542 lancibus,
1697 1514 1839 1546 quarum
1873 1505 1976 1536 altera

201 1555 241 1584 ad
271 1553 333 1585 IV.
364 1555 412 1590 13,
443 1554 470 1584 1.
499 1554 598 1586 Adde
627 1555 671 1586 X.
701 1557 730 1591 4,
756 1557 783 1587 l.
807 1556 869 1587 XI.
894 1556 921 1593 7,
945 1558 964 1587 3
987 1557 1062 1588 alia.
1085 1566 1087 1571 ⁴
1112 1557 1257 1597 pondere
1287 1557 1492 1598 deprimitur,
1527 1558 1631 1589 altera
1663 1557 1801 1589 tollitur.
1835 1557 1976 1598 Propter

205 1608 306 1638 Poscit
335 1608 423 1648 quod
450 1618 518 1639 non
548 1614 596 1639 est
625 1618 641 1640 e
664 1609 757 1640 libris
781 1610 870 1646 Mss.‚
894 1610 951 1641 sed
973 1611 1061 1641 addi·
1111 1618 1284 1651 perpetuas
1307 1617 1416 1643 tamen
1441 1611 1609 1643 Ciceronis
1627 1611 1849 1643 dubitationes
1866 1620 1974 1653 neque

201 1667 271 1690 tum
294 1659 473 1697 aGraevio,
487 1660 594 1698 omisi,
608 1662 786 1703 scripsique
799 1664 845 1692 est
861 1672 935 1693 cum
949 1663 1060 1694 Bosio.
1083 1648 1086 1702 J
1110 1664 1181 1702 hoc,
1206 1666 1293 1705 quod
1323 1665 1407 1696 liber
1430 1666 1518 1696 Med.
1549 1666 1614 1702 dat,
1638 1672 1670 1696 et
1693 1666 1726 1696 in
1749 1675 1814 1706 quo
1836 1666 1911 1696 adv.
1931 1663 1976 1696 ibi

203 1714 312 1745 Verba
335 1716 382 1744 est
405 1714 485 1744 enim
509 1725 558 1746 res
581 1716 772 1756 designant:
791 1721 838 1747 est
857 1725 975 1757 operae
989 1726 1058 1757 pre·
1083 1710 1085 1747 i
1110 1727 1162 1749 me
1196 1717 1343 1756 offendit,
1373 1728 1480 1759 neque
1509 1728 1584 1749 cum
1605 1719 1772 1750 Lambino
1793 1718 1851 1749 tibi
1863 1717 1974 1759 filcile

201 1767 296 1797 tium.
333 1767 410 1797 Non
433 1767 584 1808 displicet
614 1774 723 1799 tamen
755 1769 853 1800 lectio
883 1769 1057 1800 Lambini:
1108 1774 1156 1801 est
1178 1781 1293 1803 verum
1315 1778 1402 1813 puto,
1426 1773 1483 1804 sed
1506 1773 1672 1804 adsentior
1695 1773 1721 1803 1.
1744 1772 1782 1804 F.
1799 1772 1970 1804 Gronovio

199 1820 226 1848 xi
256 1819 322 1849 ullo
350 1819 438 1850 modo
462 1822 552 1859 potes
581 1820 695 1855 venire.
725 1832 809 1861 quae
844 1827 877 1853 et
899 1822 969 1862 ipsa
990 1832 1057 1854 non
1108 1825 1281 1857 scribentit
1307 1825 1444 1866 Dzfficile
1466 1827 1513 1855 est
1535 1831 1599 1858 cet.

804 1957 901 1998 XV.
969 1958 1034 2011 (A.
1077 1958 1122 1999 U.
1159 1956 1201 1995 0.
1241 1954 1357 2007 707.)

263 2083 301 2122 1.
346 2080 564 2133 Quoniam·
592 2080 718 2123 iustas
763 2098 903 2124 causas
952 2084 1081 2132 affers,
1127 2081 1235 2137 quod
1279 2090 1319 2123 te
1361 2080 1434 2123 hoc
1480 2087 1657 2137 tempore
1707 2081 1839 2124 videre
1883 2098 1964 2125 non

197 2155 357 2209 possim,
403 2170 549 2210 quaeso
595 2155 690 2210 quid
736 2157 788 2196 sit
831 2157 929 2197 mihi
964 2155 1208 2197 faciendum.
1260 2155 1334 2197 me
1368 2156 1476 2196 enim
1508 2155 1566 2196 ita
1599 2154 1758 2196 videtur
1790 2155 1964 2197 Alexan-

194 2227 329 2269 dream
371 2233 520 2277 tenere,
563 2234 610 2269 ut
653 2243 743 2269 eum
788 2228 959 2270 scribere
1004 2229 1124 2270 etiam
1164 2228 1315 2284 pudeat
1359 2228 1407 2269 de
1439 2228 1520 2269 illis
1553 2227 1686 2270 rebus.
1738 2228 1795 2270 Hi
1829 2232 1961 2270 autem

193 2317 241 2342 ex
285 2301 423 2343 Africa
465 2301 545 2342 iam
593 2302 757 2342 affuturi
801 2301 989 2343 videntur
999 2320 1010 2353 ;
1047 2301 1229 2351 Achaici,
1263 2301 1361 2342 item
1395 2316 1443 2342 ex
1476 2301 1575 2342 Asia
1607 2301 1777 2342 redituri
1810 2301 1860 2342 ad
1893 2316 1960 2343 eos

192 2378 262 2415 aut
304 2373 430 2416 libero
474 2374 608 2429 aliquo
652 2375 739 2416 loco
783 2375 1080 2416 commoraturi.
1134 2374 1245 2427 Quid
1286 2374 1387 2416 mihi
1420 2375 1544 2429 igitur
1576 2380 1695 2430 putas
1729 2374 1960 2430 agendum?

196 2445 320 2487 Video
354 2445 514 2488 difficfle
548 2462 632 2487 esse
659 2447 893 2500 consilium.
928 2449 1027 2489 Sum
1060 2448 1166 2488 enim
1201 2446 1309 2488 solus
1343 2451 1414 2488 aut
1447 2462 1539 2488 cum
1573 2447 1712 2498 altero,
1737 2447 1804 2488 cui
1826 2461 1957 2502 neque

189 2517 238 2558 ad
284 2518 374 2559 illos
421 2518 575 2561 reditus
615 2520 667 2560 sit-
709 2534 838 2574 neque
884 2519 934 2560 ab
978 2520 1040 2560 his
1084 2520 1182 2575 ipsis
1228 2518 1447 2574 quidquam
1481 2518 1530 2560 ad
1565 2534 1674 2575 spem
1708 2518 1956 2561 ostendatur.

231 2695 247 2734 ξ
276 2695 303 2725 l.
337 2693 446 2725 [ustas
478 2702 591 2725 causas
614 2694 724 2735 affer-9,
747 2694 836 2735 quod.
858 2694 936 2726 Non
959 2695 1044 2727 solet
1137 2695 1183 2725 Hi
1213 2696 1317 2726 autem
1340 2706 1380 2726 ex
1402 2695 1526 2737 Africa,
1549 2694 1693 2734 Achaici,
1716 2705 1756 2726 ex
1778 2694 1858 2726 Asia
1879 2698 1956 2726 sunt

187 2748 302 2778 Cicero
324 2747 371 2779 sic
393 2747 495 2788 loqui.
527 2745 618 2787 Quod
637 2748 850 2788 depravatum
873 2748 1003 2779 videtur
1026 2758 1043 2780 e
1065 2745 1068 2791 Ι
1091 2759 1207 2781 omnes
1229 2749 1434 2791 Pompeiani.

186 2813 262 2843 quor
285 2813 318 2834 o:
343 2813 408 2840 cur,
431 2808 468 2834 ut
491 2802 624 2834 volebat
645 2802 799 2834 Ursinus.
1064 2831 1067 2841 ,
1132 2803 1196 2833 Aul
1231 2812 1298 2833 cnm
1328 2803 1442 2833 altero.
1465 2802 1640 2843 Significat
1661 2802 1825 2835 Laelium.
1847 2801 1888 2833 cf.
1912 2811 1952 2843 ep

226 2854 290 2886 Ille
324 2855 404 2886 enim
433 2854 481 2886 ila
509 2854 634 2885 videtur
663 2860 723 2886 cet.
753 2865 784 2886 o:
811 2856 932 2887 Caesar
953 2861 1042 2888 tenet
1064 2845 1067 2878 ¹
1089 2864 1196 2896 praec.
1220 2855 1238 2895 ἓ
1263 2855 1291 2886 1.

184 2909 443 2946 Alexandream,
468 2909 524 2941 sed
547 2917 620 2940 eam
642 2909 759 2940 urbem
773 2909 855 2940 adeo
866 2919 934 2940 non
949 2910 1041 2942 sube-
1064 2920 1066 2962 ἰ
1128 2907 1226 2948 ξ2.1ί
1235 2907 1367 2949 ipsi,qui
1375 2918 1433 2939 sua
1443 2909 1606 2939 voluntate
1617 2907 1951 2949 adFufiumvenerunt.

183 2961 240 3002 git,
263 2968 299 2993 ut
321 2963 440 3003 pudeat
462 2972 538 2994 eum
559 2961 712 2994 scribere.
734 2962 785 2994 Cf.
798 2963 909 2994 adnot.
928 2969 1041 2994 nostra
1063 2967 1066 3013 Ι
1091 2961 1266 2999 nAchaici‚
1290 2962 1344 3002 qui
1369 2962 1457 2993 ultro
1479 2971 1669 2994 concessere
1682 2963 1724 2993 ad
1738 2961 1873 2993 Fufium
1887 2961 1949 2994 Ca-

183 3015 222 3046 ad
255 3015 335 3046 VII.
369 3015 408 3046 13
441 3015 485 3047 A.
510 3015 537 3046 1.
570 3014 683 3046 Verba
705 3015 733 3046 si
755 3015 802 3046 sic
824 3015 1039 3056 explicamus,
1088 3013 1211 3050 lenum,
1235 3023 1333 3055 quem
1358 3014 1507 3046 Achaiae
1529 3014 1730 3056 praefecerat
1751 3013 1872 3046 Caesar
1893 3014 1948 3054 (B.

182 3067 265 3098 nihil
289 3077 369 3109 opus
391 3073 440 3099 est
461 3068 649 3099 coniectura
663 3066 1039 3109 Sehutzii,quitempta-
1089 3067 1128 3100 C.
1157 3068 1225 3099 ΙΙΙ.
1256 3069 1322 3106 55),
1351 3078 1420 3100 non
1449 3074 1585 3110 possunt
1617 3068 1761 3100 accusari
1783 3068 1948 3109 perfidiae,

183 3120 250 3150 bat:
275 3119 369 3150 Illum
394 3120 474 3151 enim
495 3121 544 3151 ita
567 3120 692 3152 videtur
714 3121 918 3153 Alea-andrea
932 3123 1040 3153 tenere
1087 3122 1145 3153 sed
1166 3127 1297 3153 tantum
1317 3122 1461 3160 timoris‚·
1487 3123 1597 3163 itaque
1626 3127 1714 3163 patet
1735 3122 1803 3153 illis
1825 3122 1947 3154 reditus

181 3177 240 3203 rei.
1062 3146 1066 3190 Ι
1088 3175 1128 3206 ad
1150 3176 1291 3215 partes.''
1313 3174 1457 3206 Gronov.
