2062 3565
153 143 238 181 :378
557 143 639 183 ΕΡ.
677 142 751 182 ΑΒ
784 141 829 181 T.
866 140 1216 181 POMPONIUM
1252 139 1514 180 A'H'ICUM.

153 284 253 328 erat,
309 293 360 319 v'r
394 293 448 320 nn
485 280 708 319 CAESARIS
745 291 869 318 Acris
903 290 1262 326 COGNOSCERENT,
1301 289 1597 325 STATVERENT,
1632 288 1920 324 IVDICARENT,

151 367 235 392 eam
269 367 352 393 rem
385 357 431 393 tu
464 352 686 401 adiuvares,
723 351 986 405 Atticumque
1020 355 1217 400 nostrum,
1253 350 1369 391 cuius
1402 354 1442 389 te
1477 348 1702 390 studiosum
1736 347 1920 402 cognovi,

151 431 191 465 et
234 440 310 475 me,
359 425 429 479 qui
469 439 550 466 non
600 424 735 467 minus
768 423 920 474 laboro,
956 423 1138 464 molestia
1170 422 1375 464 liberares.
1427 422 1628 463 Omnibus
1661 415 1766 462 enim
1802 419 1921 461 rebus

153 513 298 551 magna
331 512 440 548 cura,
474 497 603 538 multa
636 512 756 552 opera
788 502 828 538 et
860 495 995 538 labore
1030 495 1238 546 confectis,
1273 496 1315 537 in
1339 501 1379 536 te
1399 495 1576 550 positum
1600 499 1673 544 est,
1697 499 1744 536 ut
1763 498 1921 535 nostrae

115 585 127 609 -3
152 571 438 612 sollicitudinis
487 573 608 612 finem
650 585 771 625 quam
805 571 980 626 primum
1015 570 1143 611 facere
1177 570 1390 624 possimus.
1442 568 1699 622 Quamquam
1731 567 1921 622 intelligi—

99 950 129 972 111

152 660 239 685 mus
285 660 330 685 ea
373 649 412 685 te
457 660 541 685 esse
588 643 816 699 prudentia,
858 648 905 684 ut
952 642 1100 691 videas,
1137 643 1168 683 si
1204 657 1249 683 ea
1283 642 1443 683 decreta
1476 641 1701 692 consulum,
1736 655 1838 695 quae
1872 639 1920 680 de

152 718 331 759 Caesaris
381 717 480 758 actis
520 718 757 772 interposita
803 723 910 766 sunt,
958 731 1036 757 0011
1089 721 1310 765 serventur,
1358 730 1542 770 magnam
1579 713 1920 770 perturbationem

152 807 281 832 rerum
316 792 412 832 fore.
452 797 490 830 ἒ).
526 791 741 844 Equidem,
778 805 903 844 quum
937 790 1065 831 multa
1100 815 1154 818 --
1192 789 1296 844 quod
1334 804 1493 830 necesse
1527 792 1612 829 erat
1643 789 1685 829 10
1719 792 1834 828 tanta
1857 802 1915 827 oc-

152 864 364 918 cupatione
407 890 462 893 —
513 879 593 904 non
640 862 873 918 probentur,
909 877 1010 916 quae
1045 862 1190 903 Caesar
1225 862 1425 911 statuerit,
1462 869 1594 902 tamen
1629 861 1700 902 otii
1735 860 1921 916 pacisque

152 952 270 978 causa
315 938 504 978 acerrime
539 936 607 978 illa
641 935 747 977 soleo
782 935 1017 985 defendere;
1053 935 1160 989 quod
1195 935 1271 976 tibi
1305 935 1410 976 idem
1444 949 1590 989 magno
1624 949 1740 989 opere
1775 933 1921 975 facien-

152 1012 246 1052 dum
297 1026 453 1060 censeo,
500 1025 741 1065 quamquam
795 1009 892 1050 haec
939 1009 1107 1064 epistola
1157 1024 1238 1050 non
1284 1009 1458 1050 suasoris
1499 1014 1559 1049 est
1609 1008 1676 1050 sed
1711 1007 1920 1063 rogatoris.

152 1085 296 1138 Igitur,
332 1083 386 1124 mi
421 1083 582 1133 Plance,
618 1097 712 1137 rogo
745 1087 784 1122 te
819 1087 860 1122 et
892 1082 1010 1122 etiam
1049 1097 1131 1128 oro,
1167 1082 1224 1123 sic
1260 1081 1551 1129 mediusfidius,
1586 1087 1633 1122 ut
1666 1081 1813 1122 maiore
1839 1085 1921 1120 stu-

152 1158 218 1199 dio
269 1157 475 1212 magisque
526 1171 571 1196 ex
623 1155 756 1196 animo
807 1169 921 1209 agere
956 1170 1036 1195 non
1072 1155 1234 1209 possim,
1270 1160 1317 1195 ut
1348 1159 1478 1195 totum
1514 1154 1589 1195 hoc
1623 1153 1830 1208 negotium
1863 1153 1921 1194 ita

152 1246 259 1285 agas,
303 1231 358 1271 ita
398 1236 558 1278 tractes,
603 1230 659 1270 ita
687 1228 888 1278 conficias,
921 1235 980 1277 ut,
1017 1228 1124 1282 quod
1160 1229 1245 1269 sine
1281 1228 1360 1269 ulla
1394 1227 1649 1268 dubitatione
1684 1227 1790 1283 apud
1825 1241 1919 1267 con-

116 1304 258 1345 5511105
290 1303 540 1344 obtinuimus
575 1308 734 1356 propter
768 1315 961 1342 summam
997 1300 1219 1342 bonitatem
1261 1307 1301 1342 et
1334 1302 1575 1356 aequitatem
1607 1316 1763 1350 causae,
1798 1300 1840 1341 id
1873 1306 1920 1341 tu

152 1393 224 1417 nos
257 1376 480 1417 obtinuisse
516 1390 595 1415 non
631 1374 748 1415 modo
782 1373 898 1414 facile
933 1374 1099 1428 patiare,
1134 1374 1203 1415 sed
1238 1375 1358 1415 etiam
1392 1373 1583 1428 gaudeas.
1628 1374 1722 1420 Qua
1755 1373 1919 1428 quidem

154 1450 358 1491 voluntate
399 1455 439 1490 te
483 1464 567 1490 0550
612 1463 705 1502 erga
753 1447 934 1488 Atticum
970 1463 1086 1503 saepe
1121 1463 1307 1502 praesens
1341 1456 1381 1487 et
1415 1447 1474 1487 illi
1508 1446 1720 1488 ostendisti
1755 1452 1795 1488 et
1828 1462 1918 1488 vero

152 1523 271 1564 etiam
307 1522 420 1564 mihi.
455 1521 573 1573 Quod
609 1522 641 1561 si
676 1521 829 1570 feceris,
866 1536 941 1570 1110,
978 1536 1096 1575 quem
1131 1521 1336 1562 voluntate
1371 1526 1411 1561 ct
1434 1525 1598 1575 paterna
1622 1520 1918 1561 necessitudine

153 1596 411 1637 coniunctum
448 1610 601 1650 semper
636 1593 829 1643 habuisti,
876 1594 1049 1635 maximo
1084 1594 1277 1635 beneficio
1312 1593 1542 1634 devinctum
1582 1591 1762 1642 habebis,
1796 1593 1918 1647 idque

98 1680 112 1704 Ξ
152 1674 198 1710 ut
232 1669 367 1718 facias,
402 1674 440 1709 te
476 1667 729 1708 vehementer
763 1667 881 1708 etiam
917 1672 1036 1721 atque
1071 1669 1190 1709 etiam
1226 1682 1335 1721 rogo.

149 1847 278 1876 senatus
313 1845 532 1876 auctoritatem
567 1851 737 1875 memorat.
1036 1877 1037 1880 ,
1059 1855 1157 1886 quain
1181 1855 1306 1885 rogare,
1332 1851 1417 1876 1·οοῐο
1439 1845 1502 1875 hoe
1525 1844 1576 1874 illi
1600 1849 1758 1883 tanquam
1781 1842 1917 1881 gravius

194 1901 211 1940 ξ
233 1900 262 1929 9.
289 1899 378 1939 Quod
400 1908 525 1929 necesse
549 1900 617 1928 erat
640 1897 673 1927 in
697 1900 789 1927 lanta
812 1897 1014 1936 occupatione
1035 1924 1037 1939 ,
1059 1898 1226 1939 particulis
1249 1900 1279 1927 et
1302 1897 1394 1928 eliam
1413 1896 1597 1928 subiicitur.
1623 1895 1672 1927 Cf.
1687 1895 1917 1935 Heusingerus

150 1962 185 1982 o:
210 1952 297 1992 quod
319 1961 386 1982 non
418 1956 546 1991 poterat
576 1950 673 1981 aliter
702 1950 773 1981 fieri
808 1950 841 1980 in
876 1949 1013 1980 homine
1035 1950 1037 1982 ἶ
1057 1952 1098 1982 ad
1122 1952 1220 1982 Corn.
1245 1951 1383 1991 Nepotis
1407 1950 1592 1990 fragmenta
1608 1948 1726 1980 Mallio
1739 1948 1916 1979 Theodoro

151 2013 199 2038 tot-
222 2006 364 2047 negotiis
388 2006 515 2036 obruto.
552 2004 607 2036 Sic
623 2005 657 2035 in
678 2005 1011 2046 01·at.p.Ros‹3.Am.‚
1035 2020 1036 2023 =
1057 2005 1167 2036 addita
1190 2016 1220 2046 pr
1247 2005 1317 2035 144.
1342 2004 1454 2035 Hand.
1477 2003 1573 2039 Turs.
1597 2002 1641 2033 ΙΙ.
1665 2013 1695 2042 p.
1721 2002 1781 2032 522
1805 2007 1836 2033 et
1855 2002 1913 2032 551

150 2062 189 2091 22
212 2060 309 2091 multi
331 2061 486 2091 dicuntur
509 2058 623 2090 Sullae
645 2059 879 2099 occupationem
903 2060 1011 2090 obser·
1034 2053 1037 2060 ¹
1057 2065 1090 2089 et
1113 2058 1272 2089 Dietrich.
1302 2058 1336 2088 in
1361 2057 1450 2088 Diar.
1473 2055 1590 2096 Antiq.
1613 2065 1642 2086 a.
1668 2055 1761 2085 1845.
1801 2054 1917 2096 Suppl.

150 2124 255 2145 vasse.
1034 2117 1036 2154 1
1057 2112 1112 2144 fol.
1137 2114 1164 2150 ὃ,
1188 2123 1219 2153 p.
1241 2113 1282 2143 40
1304 2122 1352 2152 sq.

191 2167 275 2208 Royo
298 2169 328 2197 te
350 2170 380 2198 e!
403 2168 497 2197 eliam
521 2178 584 2198 oro.
617 2167 730 2205 Quum
753 2177 847 2198 orare
872 2168 946 2208 plus
969 2168 1011 2198 sit
1034 2167 1036 2197 i

1010 2264 1054 2303 C.

709 2349 895 2386 CICERO
927 2349 1170 2386 CAPITONI
1200 2349 1296 2385 SUO
1328 2349 1365 2386 S.

214 2450 285 2489 10.
329 2448 550 2501 Nunquam
599 2446 736 2501 putavi
781 2446 863 2487 fore
901 2450 943 2486 ut
976 2445 1141 2500 supplex
1179 2444 1228 2485 ad
1262 2450 1301 2485 te
1336 2444 1526 2494 venirem,
1561 2443 1630 2484 sed
1666 2442 1826 2483 hercule
1859 2443 1915 2482 sa-

150 2521 223 2562 cile
259 2520 387 2574 patior
419 2518 560 2560 datum
594 2525 767 2573 tempus,
801 2519 845 2560 in
878 2534 957 2573 quo
981 2533 1154 2558 amorem
1178 2517 1377 2572 experirer
1399 2522 1530 2557 tuum.
1568 2516 1750 2556 Atticum
1774 2515 1915 2570 quanti

150 2594 292 2634 faciam
338 2593 429 2633 5015.
479 2591 634 2632 Amabo
678 2597 730 2641 te,
779 2591 829 2633 da
872 2592 973 2632 mihi
1017 2597 1056 2632 et
1101 2591 1196 2632 hoc:
1243 2590 1477 2630 obliviscere
1529 2604 1615 2629 mea
1649 2604 1769 2630 causa
1800 2588 1914 2628 illum

149 2666 364 2721 aliquando
411 2681 482 2706 suo
532 2664 733 2715 familiari,
782 2664 1008 2705 adversario
1041 2671 1126 2713 tuo,
1161 2663 1333 2704 voluisse
1368 2661 1613 2711 consultum,
1649 2676 1774 2716 quum
1806 2660 1915 2701 illius

193 2845 209 2882 ξ
235 2844 282 2874 10.
306 2842 468 2883 Nunquam
485 2840 602 2881 putavi
624 2847 685 2871 cet.
708 2840 733 2870 Ι.
758 2839 796 2869 F.
819 2838 1030 2894 6100ον105,ι
1053 2838 1232 2869 structione
1262 2842 1387 2868 mutata
1416 2837 1532 2868 Cicero
1564 2837 1598 2866 in
1629 2836 1733 2866 altero
1766 2834 1915 2865 membro

151 2903 223 2938 apte
245 2895 448 2936 comparavit
471 2894 602 2925 initium
626 2893 799 2930 orationis,
829 2902 928 2932 quam
952 2892 1007 2923 Sa·
1028 2900 1030 2938 ξ
1053 2891 1184 2931 repetiit
1207 2890 1307 2922 verba
1328 2891 1425 2920 totum
1448 2890 1504 2919 lzoc
1526 2888 1579 2918 da.

150 2949 269 2979 Iustius
291 2948 326 2978 in
350 2948 423 2987 Iug.
448 2947 508 2977 110
533 2945 665 2977 Boccho
687 2945 811 2975 tribuit.
1028 2965 1031 2969 -
1095 2943 1288 2974 Adversario
1310 2946 1373 2973 tuo.
1397 2942 1507 2981 Quem
1530 2942 1628 2978 dicat,
1643 2941 1848 2981 ignoramus.
1872 2940 1915 2970 Et.

194 3001 243 3031 Da
267 3000 343 3030 mihi
365 3002 396 3030 et
419 3000 484 3030 hoc.
508 3000 609 3030 Recte
631 2998 792 3028 Matthiae
815 2997 902 3027 adh.
917 2997 936 3026 l.
955 3006 1010 3027 110-
1029 2995 1032 3051 1
1054 2999 1094 3029 de
1119 2999 1190 3038 ipso
1219 2997 1379 3038 Capitone
1401 2997 1527 3027 ineerta
1548 3005 1600 3026 res
1622 3001 1680 3031 est,
1713 3003 1913 3034 quamquam

153 3056 235 3086 tavit.
257 3055 407 3085 ordinem
428 3054 615 3094 legitimum
634 3052 780 3082 futurum
800 3051 917 3082 fuisse:
945 3053 1012 3082 uda
1030 3071 1033 3120 ὗ
1055 3053 1139 3083 nihil
1162 3053 1308 3092 impedit,
1331 3051 1510 3091 quominus
1544 3050 1633 3080 hune
1664 3048 1763 3078 fuisse
1796 3052 1914 3078 statua-

154 3108 235 3138 mihi
270 3113 301 3138 et
330 3107 402 3143 1100,
436 3112 471 3137 ut
502 3105 706 3136 obliviscaris
728 3122 778 3141 —‚
812 3111 845 3134 et
874 3104 946 3141 hoc,
978 3109 1033 3161 uti
1055 3116 1129 3136 nius
1149 3105 1243 3139 illum
1268 3106 1305 3136 C.
1330 3104 1466 3136 Ateium
1491 3103 1698 3143 Capitonem,
1729 3101 1784 3142 qui
1810 3100 1913 3131 nomi<

155 3172 238 3193 uum
269 3161 363 3200 piane
388 3159 584 3198 intelligam,
608 3167 660 3189 010
684 3168 701 3188 a
726 3157 906 3190 teaina1·i.”
930 3159 1032 3188 Lon-i
1056 3162 1152 3190 natur
1176 3167 1270 3197 supra
1292 3157 1393 3188 XIII.
1418 3158 1467 3192 33,
1491 3158 1521 3186 4.
