2062 3565
183 162 267 201 152
585 155 668 196 ΕΡ.
703 154 780 194 AD
812 152 859 192 Τ.
894 148 1245 192 POMPONIUM
1278 145 1544 188 ATTICUM.

180 295 306 345 nices,
351 300 398 334 ut
441 289 668 332 Terentiam
713 285 909 329 moneatis
954 284 1004 326 de
1046 287 1302 326 testamento.
1351 282 1547 337 Tempora
1591 284 1770 331 monent,
1815 283 1863 321 ut
1894 279 1950 320 vi-

182 367 276 409 deat
318 369 364 407 ut
409 362 643 412 satisfaciat,
689 360 836 416 quibus
880 358 1013 400 debet.
1063 357 1264 399 Auditum
1308 371 1357 397 ex
1398 354 1617 396 Philotimo
1657 358 1718 395 est
1749 366 1839 395 eam
1870 366 1951 394 sce-

182 440 306 482 lerate
351 436 547 493 quaedam
592 434 734 476 facere.
784 431 986 475 Credibile
1027 431 1094 473 vix
1136 435 1209 482 est,
1254 429 1324 472 sed
1370 433 1490 480 certe,
1536 428 1570 470 si
1604 427 1701 483 quid
1735 431 1809 476 est,
1845 423 1952 480 quod

185 512 270 554 fieri
313 510 453 567 possit,
500 508 794 565 providendum
835 511 911 548 est.
961 506 1022 547 De
1067 503 1255 546 omnibus
1302 502 1422 545 rebus
1455 502 1574 544 velim
1607 501 1658 543 ad
1691 516 1753 542 me
1787 498 1953 551 scribas,

149 605 164 630 5
186 591 226 628 et
258 584 430 626 maxime
464 582 562 638 quid
596 583 622 626 †
641 580 790 623 scribas
824 580 872 622 de
907 595 952 622 ea
986 581 1071 634 (re),
1105 579 1148 620 in
1180 593 1260 633 qua
1291 583 1362 619 tuo
1396 576 1564 618 consilio
1597 589 1707 629 egeo.
1752 573 1887 616 Etiam
1919 572 1954 614 si

185 657 289 700 nihil
323 655 540 711 excogitaS‚
573 654 616 696 id
650 655 676 697 †
694 654 801 696 enim
835 653 936 694 mihi
970 653 1046 693 erit
1080 667 1149 707 pro
1183 650 1406 706 desperato.
1441 663 1512 690 111.
1546 649 1687 690 Nonas
1719 647 1814 689 Iun.

230 826 247 854 5
270 823 346 866 quid
367 825 387 859 η·-
408 821 529 852 scribas
551 821 591 852 de
613 831 660 852 ea.
682 819 723 851 In
745 829 804 861 quo
826 836 868 843 —-
889 828 974 860 eqeo,
997 817 1120 848 etiamsi
1143 815 1224 847 nihil
1245 815 1418 856 exooqitas,
1439 815 1476 846 id
1498 814 1578 846 enim
1601 831 1641 838 —

185 971 321 1007 amicus,
356 970 413 1011 qui
445 968 613 1000 Ciceronis
634 967 779 998 absentis
803 965 937 1005 negotia
960 974 1048 995 cura·
1094 965 1250 1005 senherg.
1274 963 1414 995 Emend.
1427 974 1458 1005 p.
1473 964 1515 994 44
1529 972 1577 1003 sq,
1596 962 1653 1003 qui
1666 966 1833 1003 praeterea
1849 969 1960 993 emen-

186 1026 250 1063 bat‚
274 1025 314 1056 de
337 1034 403 1065 quo
425 1032 534 1054 sermo
557 1030 606 1053 est
630 1021 723 1052 Fam.
757 1020 799 1051 V.
824 1020 873 1056 20,
898 1019 926 1050 3.
949 1018 1049 1049 XIV.
1095 1017 1167 1050 dat:
1188 1035 1230 1040 —
1251 1017 1290 1048 de
1311 1027 1347 1047 ea
1373 1019 1428 1055 (sc.
1447 1019 1505 1054 re),
1528 1015 1562 1046 in
1577 1026 1637 1057 qua
1655 1017 1708 1045 tao
1725 1013 1856 1045 consilio
1875 1024 1958 1055 θρεο-

187 1081 215 1117 5,
239 1078 258 1108 2
281 1083 312 1109 et
335 1077 368 1107 iu
392 1076 443 1106 his
466 1075 613 1116 epistolis
639 1073 679 1104 V.
705 1074 734 1110 8,
761 1074 788 1103 3.
805 1072 865 1103 VI.
891 1072 918 1109 1,
943 1072 992 1102 19.
1015 1071 1046 1101 11.
1072 1084 1075 1099 ι
1099 1070 1288 1102 Verissiine.
1314 1069 1430 1101 Cicero
1450 1069 1483 1100 in
1507 1076 1657 1100 extrema
1679 1067 1817 1109 epistola
1840 1067 1961 1099 iterum

186 1134 209 1165 l.
232 1132 282 1170 23,
309 1133 335 1163 1.
1096 1124 1233 1165 flagitat,
1256 1124 1346 1165 quod
1358 1133 1457 1164 supra
1480 1125 1497 1164 ξ
1520 1124 1538 1155 3
1562 1123 1629 1154 iam
1651 1131 1686 1154 se
1708 1122 1750 1153 ab
1761 1121 1868 1153 amico
1887 1121 1960 1154 edo·

233 1185 270 1216 Ut
299 1184 498 1222 satisfaciat,
528 1183 636 1225 quibus
664 1182 752 1213 debet
782 1191 815 1212 οι
838 1179 1050 1221 quemadmo-
1097 1177 1163 1209 ceri
1186 1177 1274 1208 velle
1296 1182 1482 1208 monuerat.

187 1241 267 1271 dum
288 1238 506 1270 creditoribus
521 1237 589 1268 suis
604 1237 720 1267 solvat.
743 1235 901 1266 Terentia
915 1233 941 1264 si
958 1238 1050 1264 testa·
1141 1230 1243 1261 Etzam
1266 1230 1294 1260 si
1317 1230 1400 1260 nihil
1422 1229 1593 1270 ercoyilaS,
1616 1228 1652 1259 id
1673 1228 1783 1265 †enz'm
1802 1227 1879 1259 mihi
1900 1228 1961 1259 eric

188 1299 337 1325 mentum
361 1299 447 1324 reete
471 1291 577 1323 faeere
600 1291 711 1327 vellet,
735 1289 875 1320 debebat
888 1287 1051 1318 rationem
1093 1295 1152 1325 pro
1175 1286 1341 1324 desperato
1377 1282 1497 1314 Verbis
1519 1283 1563 1313 ita
1587 1292 1605 1313 a
1627 1281 1787 1322 superiori
1798 1281 1963 1313 sententia

188 1348 309 1379 habere
339 1346 422 1378 aeris
452 1345 502 1376 sui
537 1345 646 1376 alieni.
682 1343 824 1384 Aliquid
857 1342 940 1372 lucis
970 1341 1051 1371 haec
1097 1340 1263 1382 sepai·atiS‚
1287 1339 1397 1370 minus
1420 1339 1520 1370 etiam
1542 1348 1641 1379 quani
1664 1337 1765 1378 vulgo
1787 1337 1869 1368 enim
1885 1336 1963 1370 ferri

190 1402 349 1443 accipient
372 1410 414 1433 ex
437 1410 486 1440 ep.
512 1401 549 1430 18
571 1411 602 1437 a,
625 1399 702 1430 libri
725 1398 806 1429 XII.
1074 1377 1078 1429 1
1097 1402 1213 1436 potest.
1244 1392 1350 1425 Scrib.
1380 1393 1491 1433 ipsum.
1514 1391 1556 1423 Id
1578 1391 1675 1432 iJmum
1699 1400 1732 1422 sc
1766 1391 1857 1433 quod
1878 1391 1964 1423 nihil
2021 1391 2028 1393 “

238 1454 324 1491 Quid
355 1453 499 1491 meabas
532 1452 570 1483 de
605 1462 642 1482 ea
677 1457 736 1482 eet.
765 1449 890 1480 Sm'bas
924 1450 1053 1480 videtur
1076 1437 1077 1458 1
1100 1448 1278 1489 excogitas,
1313 1446 1388 1477 milti
1417 1446 1479 1477 eri!
1510 1445 1671 1477 indicium
1704 1445 1789 1476 nihil
1819 1445 1963 1478 inveniri

189 1509 302 1541 deberi
325 1508 459 1539 librario
482 1516 598 1538 vocem
621 1506 720 1537 modo
742 1504 881 1546 positam
905 1504 990 1535 male
1006 1513 1053 1535 re·
1100 1513 1206 1545 posse.

190 1563 326 1605 petenti.
350 1561 455 1594 Scrib.
479 1560 599 1592 sentias
622 1570 652 1591 v.
676 1569 814 1595 censeas,
834 1565 869 1589 ut
883 1557 965 1589 vidit
978 1556 1053 1589 We-

780 1665 928 1707 XVJJ.
994 1665 1061 1718 (A.
1102 1663 1148 1704 U.
1187 1663 1229 1703 C.
1268 1663 1387 1717 707.)

259 1787 298 1825 1.
345 1781 659 1839 Proper-antibus
702 1779 922 1822 tabellariis
968 1778 1108 1820 alienis
1153 1778 1257 1820 hanc
1301 1777 1511 1833 epistolam
1555 1778 1649 1819 dedi
1658 1797 1669 1830 3
1720 1793 1767 1820 eo
1811 1777 1968 1820 brevior

192 1865 266 1909 est,
311 1863 351 1899 et
398 1856 503 1912 quod
549 1870 656 1897 eram
700 1854 894 1895 missurus
927 1868 1050 1894 meos.
1095 1851 1228 1893 Tullia
1262 1866 1349 1892 mea
1383 1851 1494 1893 venit
1526 1850 1577 1892 ad
1611 1866 1673 1892 me
1706 1851 1835 1907 pridie
1868 1850 1969 1892 Idus

190 1933 285 1975 Iun.
319 1931 447 1985 deque
480 1935 552 1970 tua
585 1942 677 1981 erga
711 1942 750 1968 se
785 1925 1041 1967 observantia
1074 1923 1432 1979 benevolentiaque
1457 1923 1558 1965 mihi
1586 1924 1761 1980 plurima
1783 1924 1970 1980 exposuit

158 2006 407 2059 51iterasque
440 2001 619 2044 reddidit
651 2001 792 2042 trinas.
826 2001 913 2054 Ego
947 2005 1082 2040 autem
1115 2014 1163 2039 ex
1185 1998 1313 2053 ipsius
1338 1998 1500 2048 virtute,
1525 1998 1792 2048 humanitate,
1818 1997 1970 2053 pietate

193 2093 276 2120 non
309 2075 428 2118 modo
461 2090 549 2116 eam
582 2074 830 2129 voluptatem
859 2088 942 2114 non
976 2072 1077 2128 cepi,
1112 2086 1233 2127 quam
1266 2086 1405 2126 capere
1440 2086 1489 2112 ex
1514 2071 1710 2126 singulari
1735 2071 1816 2112 filia
1832 2070 1970 2122 debui,

197 2150 266 2193 sed
308 2149 427 2190 etiam
466 2146 697 2188 incredibili
740 2161 830 2187 sum
874 2145 1008 2186 dolore
1053 2145 1233 2195 affectus,
1278 2143 1357 2184 tale
1390 2143 1600 2198 ingenium
1633 2144 1678 2185 in
1710 2148 1793 2186 tam
1826 2144 1971 2186 misera

196 2224 359 2265 fortuna
401 2221 549 2263 versari
590 2221 713 2276 idque
755 2219 933 2262 accidere
977 2218 1089 2260 nullo
1131 2218 1258 2273 ipsius
1303 2217 1464 2268 delicto,
1511 2233 1667 2259 summa
1716 2218 1834 2273 culpa
1868 2232 1970 2260 mea.

199 2297 342 2352 Itaque
376 2310 399 2336 a
429 2299 469 2335 te
503 2309 632 2350 neque
665 2293 980 2335 consolationem
1011 2292 1106 2343 iam,
1140 2306 1219 2346 qua
1253 2306 1396 2346 cupere
1429 2298 1468 2333 te
1512 2292 1574 2333 uti
1607 2291 1738 2343 video,
1773 2307 1847 2333 nec
1880 2307 1972 2334 con-

148 2391 180 2417 10
201 2370 351 2421 silium,
397 2367 503 2423 quod
545 2367 635 2423 capi
678 2366 835 2408 nullum
868 2370 1013 2420 potest,
1049 2370 1248 2421 exspecto,
1282 2371 1402 2419 teque
1436 2365 1571 2407 omnia
1602 2380 1727 2421 quum
1760 2365 1973 2421 superiori-

202 2444 278 2485 bus
322 2456 437 2496 saepe
479 2440 621 2491 literis,
662 2446 751 2502 tum
794 2439 985 2494 proximis
1029 2443 1244 2494 temptasse
1287 2437 1484 2493 intelligo.
1539 2439 1628 2494 Ego
1672 2453 1764 2480 cum
1797 2438 1974 2480 Salustio

204 2519 436 2560 Ciceronem
470 2513 520 2555 ad
554 2513 763 2555 Caesarem
798 2513 955 2554 mittere
989 2512 1229 2568 cogitabam.
1280 2511 1451 2553 Tulliam
1487 2517 1637 2563 autem,
1671 2526 1754 2553 non
1787 2509 1973 2553 videbam

205 2606 288 2632 esse
333 2602 507 2636 causam,
549 2601 619 2627 cur
667 2586 822 2627 diutius
865 2600 1022 2627 mecum
1060 2590 1175 2626 tanto
1218 2585 1260 2626 in
1294 2585 1497 2626 communi
1531 2599 1708 2626 maerore
1741 2584 1973 2625 retinerem.

206 2665 347 2717 Itaque
397 2660 515 2702 matri
563 2675 664 2711 eam,
710 2674 834 2715 quum
880 2659 1053 2715 primum
1095 2673 1164 2714 per
1206 2658 1336 2713 ipsam
1375 2657 1528 2710 liceret,
1579 2672 1687 2699 eram
1719 2657 1974 2699 remissurus.

151 2767 186 2793 15
206 2738 285 2779 Pro
319 2750 378 2786 ea,
412 2735 438 2779 †
456 2748 574 2788 quam
608 2733 658 2774 ad
702 2732 867 2780 modum
901 2732 1155 2774 consolandis
1189 2731 1398 2786 scripsisti.
1451 2732 1498 2773 P.
1531 2736 1645 2773 tanta
1678 2747 1724 2773 eo
1759 2746 1819 2772 me
1854 2731 1976 2785 scrip-

250 2888 288 2917 15
311 2896 402 2929 quam
425 2884 470 2916 ad
489 2883 607 2915 modum
632 2882 826 2914 consolantis
851 2881 1019 2921 scripmta
1036 2882 1153 2920 putato
1176 2890 1214 2911 ea
1235 2890 1282 2910 me
1304 2879 1469 2920 scripsme
1493 2898 1529 2902 -

253 3021 272 3060 ξ
295 3020 323 3051 1.
351 3018 456 3050 Tullia
484 3027 552 3048 mea
574 3021 635 3046 cet--
659 3014 709 3046 Cf.
733 3014 826 3045 Fam.
849 3012 949 3044 XIV.
974 3012 1023 3049 11,
1039 3021 1067 3042 a.
1094 3016 1098 3038 ¹
1117 3021 1188 3044 rem
1210 3011 1297 3049 facit,
1321 3021 1354 3042 se
1376 3012 1484 3043 filium
1507 3022 1574 3043 non
1591 3012 1632 3042 ad
1648 3011 1824 3043 Caesarem
1837 3011 1980 3043 misisse.

213 3076 244 3105 d.
275 3073 396 3104 XVII.
427 3071 506 3103 Kal.
535 3070 654 3108 Quint.
685 3069 725 3098 ad
762 3066 954 3098 Terentiam
986 3067 1062 3096 data
1117 3066 1158 3098 cf.
1180 3067 1212 3098 h.
1239 3067 1262 3097 1.
1287 3076 1335 3108 ep.
1361 3067 1409 3104 18,
1435 3067 1463 3098 1.

216 3128 312 3159 Pater
333 3126 482 3158 Tulliam
502 3123 624 3156 duitius
645 3131 759 3154 seeum
780 3120 896 3158 tenuit,
920 3125 957 3152 ut
978 3129 1073 3160 appa·
1094 3152 1095 3158 ,
1159 3120 1224 3152 Pro
1246 3130 1284 3151 ea
1307 3138 1347 3144 —
1367 3121 1513 3161 potuisse.
1545 3120 1626 3153 Post
1646 3113 1770 3152 multos
1791 3120 1980 3153 criticorum

194 3180 263 3214 ‘tet
285 3191 328 3213 cx
350 3191 401 3221 ep.
429 3181 464 3212 15
489 3180 510 3211 l.
535 3179 567 3216 1.,
590 3188 654 3219 qua
677 3177 777 3209 simul
798 3184 935 3208 uxorem
959 3175 1072 3206 cert-io-
1094 3205 1095 3226 ζ
1119 3175 1246 3206 labores
1275 3184 1350 3207 eum
1385 3175 1537 3207 Manavia
1559 3175 1750 3207 etiamnunc
1781 3174 1978 3206 confitebor:
