2062 3565
675 162 776 203 [AB.
812 164 933 204 λ’[ΙΙ.
970 163 1052 205 ΕΡ.
1088 166 1254 204 (ί-ΙΗ.

1759 169 1779 205 ²}-

1790 169 1811 206 N..

1824 167 1836 205 ⁵-

709 362 780 403 JX.
846 363 907 414 (A.
949 363 990 403 U.
1026 362 1066 404 0.
1106 363 1218 416 709.)

144 475 182 514 1.
227 474 488 516 Commodum
541 476 777 517 discesseras
826 477 924 525 lieri,
979 493 1101 531 quum
1147 477 1359 520 'l‘rebatius
1404 479 1527 529 venit,
1580 478 1712 534 paullo
1760 487 1847 534 post

77 547 255 598 Curtius,
301 548 365 589 hic
411 549 610 590 salutandi
659 566 792 601 eausa,
828 551 895 591 sed
931 552 1077 592 mansit
1110 552 1318 593 invitatus.
1368 551 1599 594 Trebatium
1638 551 1844 593 nobiscum

77 621 284 667 hahemus.
331 621 463 663 Hodie
498 638 611 663 mane
648 622 869 664 Dolabella.
914 624 1070 666 Multus
1105 640 1231 666 serino
1266 625 1314 666 ad
1351 625 1523 666 multum
1557 625 1678 666 diem.
1729 625 1846 666 Nihil

76 711 237 751 possum
272 695 403 738 dicere
439 693 794 755 ἐκτενέστερον,
831 698 933 739 nihil
967 696 1425 758 φιλοστοργόῑερον.
1469 700 1642 740 Ventum
1677 707 1737 739 est
1760 704 1846 740 tan-
1888 714 1900 736 -··

75 769 165 810 dein
200 769 249 811 ad
283 769 498 822 Quintum.
535 769 667 811 Multa
699 766 897 825 ἄφατα,
933 766 1201 831 ἀδιήγητα,
1238 772 1305 813 sed
1340 788 1464 813 unum
1491 771 1702 822 eiusmodi,
1724 772 1844 825 quod,

75 844 152 885 nisi
186 843 385 885 exercitus
420 843 552 894 sciret,
588 859 669 884 non
704 843 821 885 modo
854 844 992 885 Tironi
1026 844 1192 894 dictare,
1228 845 1296 885 sed
1331 861 1379 886 ne
1414 846 1498 901 ipse
1533 845 1694 900 quidem
1724 845 1844 886 aude-

74 931 155 956 rem
189 915 375 958 scribere.
411 917 488 959 Sed
524 917 732 958 hactenus.
773 916 1029 977 Εὐκαιρως
1063 918 1112 959 ad
1147 934 1207 959 me
1244 919 1366 969 venit,
1402 935 1525 973 quum
1560 919 1746 960 haberem
1767 920 1845 960 Do-

80 988 277 1040 labellam,
310 989 550 1045 Torquatus,
589 990 953 1046 humanissimeque
993 990 1210 1043 Dolabella,
1247 991 1393 1045 quibus
1428 992 1556 1033 verbis
1591 1008 1725 1033 secum
1745 993 1845 1048 egis-

78 1078 174 1114 sem,
219 1063 417 1119 exposuit.
468 1063 732 1105 Commodum
772 1064 878 1105 enim
923 1079 1080 1118 egeram
1125 1064 1430 1119 diligentissime
1441 1084 1450 1116 ;
1500 1081 1600 1120 quae
1635 1066 1900 1120 diligentiam

78 1141 192 1191 grata
225 1141 286 1177 est
318 1136 402 1177 visa
433 1137 650 1191 Torquato.
688 1140 728 1177 2.
763 1140 799 1178 Α
832 1142 871 1178 te
905 1142 1106 1192 exspecto,
1142 1138 1175 1178 si
1209 1137 1305 1192 quid
1340 1137 1388 1178 de
1413 1138 1554 1179 Bruto.
1589 1140 1844 1194 Quamquam

82 1210 224 1252 Nicias
268 1210 495 1252 confectum
529 1210 713 1267 putabat,
747 1211 816 1252 sed
851 1211 1069 1252 divortium
1102 1227 1184 1253 non
1217 1211 1391 1267 probari.
1441 1212 1531 1263 Quo
1565 1214 1684 1255 etiam
1720 1214 1846 1268 magis

78 1283 214 1325 laboro
247 1284 353 1326 idem
388 1285 495 1340 quod
528 1290 589 1326 tu.
624 1286 665 1327 Si
701 1285 796 1340 quid
832 1290 892 1327 est
926 1286 1031 1326 enim
1057 1286 1301 1337 offensionis,
1327 1286 1423 1327 haec
1451 1302 1511 1327 res
1531 1286 1680 1328 mederi
1698 1292 1844 1342 potest.

79 1357 185 1400 Mihi
211 1358 418 1415 ⁴Arpinum
453 1359 633 1401 eundum
665 1364 740 1401 est.
776 1359 884 1401 Nam
917 1364 957 1400 et
990 1375 1089 1415 opus
1124 1366 1184 1401 est
1217 1360 1410 1401 constitui
1444 1375 1466 1401 a
1499 1358 1615 1401 nobis
1648 1360 1717 1400 illa
1734 1375 1845 1415 prae-

78 1431 199 1484 diola,
240 1438 281 1474 et
324 1448 459 1474 vereor
503 1449 553 1475 ne
596 1433 770 1476 exeundi
812 1439 988 1489 potestas
1032 1449 1114 1475 non
1157 1434 1223 1485 sit,
1259 1449 1381 1488 quum
1417 1434 1560 1475 Caesar
1595 1434 1760 1484 venerit,
1796 1433 1844 1474 de
1867 1441 1898 1467 1⁵

78 1506 194 1547 cuius
234 1505 409 1548 adventu
453 1522 539 1548 eam
581 1507 811 1563 opinionem
856 1507 1064 1549 Dolabella
1098 1507 1233 1558 habet,
1269 1523 1387 1562 quam
1420 1512 1467 1548 tu
1502 1509 1654 1561 (quum)
1691 1507 1845 1547 coniec-

77 1583 209 1620 turam
243 1578 417 1627 faciebas
450 1595 496 1621 ex
530 1580 657 1622 literis
692 1581 902 1623 Messalae.
937 1581 1075 1627 Quum
1108 1581 1205 1622 illue
1239 1596 1383 1622 venero
1416 1581 1727 1636 intellexeroque
1747 1580 1844 1635 quid

77 1653 228 1708 negotii
262 1653 328 1704 sit,
361 1658 450 1695 tum
482 1654 532 1695 ad
566 1670 666 1710 quos
699 1656 784 1696 dies
818 1655 1018 1697 rediturus
1054 1655 1128 1696 sim
1159 1654 1329 1696 scribam
1365 1654 1413 1696 ad
1448 1660 1501 1696 te.

119 1818 157 1848 16
179 1829 269 1860 quam
293 1821 327 1849 tu
353 1820 561 1850 coniecturam
589 1839 626 1843 —

117 1964 135 2002 ξ
162 1962 175 1993 Ι
211 1963 278 1996 Sed
298 1964 451 1996 hacteuus
474 1975 507 1994 a:
533 1964 599 1996 Sed
624 1965 743 2003 Quinti
767 1965 849 1996 illud
871 1964 936 1996 ‹lie-
983 1964 1064 1995 deri.
1088 1964 1164 1995 Non
1189 1964 1343 2005 intelligo
1366 1964 1446 2005 quid
1470 1964 1585 1995 Cicero
1610 1963 1699 2000 velit,
1728 1964 1755 1994 si
1792 1972 1840 1994 ce·

74 2022 144 2048 tum
168 2027 210 2048 ne
232 2022 406 2059 repetatur.
823 2042 826 2045 .
959 2026 960 2043 i
984 2017 1061 2048 teris
1085 2018 1214 2048 omissis
1237 2018 1430 2048 auctoritate
1454 2018 1525 2048 cod.
1548 2017 1636 2048 Med.
1661 2017 1707 2047 sic
1730 2016 1840 2047 scribi-

119 2070 218 2112 Quum
254 2071 395 2102 haberem
434 2071 631 2103 Dolabellam
667 2082 700 2103 o:
731 2082 834 2113 quum
869 2081 935 2103 me·
982 2078 1049 2103 tur:
1073 2090 1114 2096 —
1148 2072 1424 2114 lcumanissz'meque
1454 2071 1640 2107 Dolabella;
1671 2070 1839 2112 diliyentia

72 2133 148 2155 oum
170 2130 255 2156 esset
276 2124 317 2156 D.
333 2125 440 2156 Paulo
457 2130 532 2156 ante
548 2125 678 2166 plenius
691 2125 835 2166 scripsit:
863 2124 934 2155 Tre·
958 2122 959 2147 i
977 2128 1076 2167 yrala
1099 2129 1146 2156 est
1169 2126 1237 2157 visa
1263 2126 1427 2168 Torquato,
1451 2135 1512 2156 nec
1526 2126 1624 2156 credo
1637 2130 1705 2155 tam
1724 2125 1838 2165 abrup—

71 2178 188 2209 batium
210 2179 366 2210 nobiscum
401 2180 555 2210 hahemus.
595 2179 767 2211 Immerito
801 2179 934 2220 Zumpt.
957 2174 959 2187 ¹
981 2186 1048 2211 tam
1071 2181 1255 2212 orationem
1278 2181 1319 2211 ab
1341 2180 1455 2212 Attico
1478 2180 1621 2220 intelligi
1643 2179 1795 2220 potuisse.

73 2232 106 2263 in
130 2233 211 2274 disp.
235 2233 276 2264 de
298 2233 390 2274 epist.
425 2234 493 2265 Cic.
530 2234 570 2264 ad
610 2234 717 2269 Brut„
738 2244 767 2274 p.
793 2233 830 2264 21
866 2242 931 2274 seq.
956 2245 957 2251 ¹
1023 2235 1041 2274 ξ
1064 2234 1093 2265 2.
1116 2233 1164 2264 De
1192 2233 1299 2265 Bruto.
1324 2234 1372 2265 M.
1395 2234 1518 2265 Brutus
1539 2233 1602 2264 hoc
1623 2240 1770 2274 tempore
1791 2233 1837 2264 di-

72 2285 175 2325 prima
201 2286 301 2317 verba
323 2295 372 2327 ep.
397 2287 434 2316 15
460 2285 630 2317 Messalam
649 2286 744 2317 habes
756 2286 932 2327 vituperat.
956 2287 958 2305 f
979 2288 1113 2318 miserat
1135 2286 1310 2319 Claudiam
1332 2287 1435 2328 Appii
1457 2286 1569 2317 Pulcri
1599 2286 1700 2316 filiam
1727 2286 1834 2326 (Fam.

115 2339 304 2370 Commodum
325 2357 367 2363 —
388 2339 810 2381 eyeramdz‘lz'yentissimeo:
834 2341 932 2382 paulo
979 2342 1044 2372 III.
1068 2344 1098 2379 4,
1123 2343 1156 2381 2)
1192 2347 1223 2373 et
1257 2351 1358 2372 novas
1387 2341 1516 2382 nuptias
1553 2340 1638 2372 inire
1671 2341 1837 2381 cogitabat

73 2398 148 2424 ante
170 2393 211 2424 de
233 2403 268 2424 re
290 2393 450 2434 Torquati
476 2394 606 2424 locutus
628 2403 718 2424 eram
741 2404 816 2424 cum
833 2393 932 2425 Dola·
955 2394 957 2418 i
978 2407 1055 2427 cuni
1078 2396 1206 2433 Porcia,
1230 2397 1276 2427 M.
1301 2395 1438 2427 Catonis
1460 2395 1538 2432 filia,
1576 2404 1699 2434 suaque
1723 2404 1835 2425 conso-

72 2445 169 2484 bella‚
192 2455 332 2486 eumque
355 2456 557 2486 rogaveram,
581 2452 617 2477 ut
628 2447 832 2488 Torquatum
844 2457 930 2478 com-
954 2441 956 2447 *
978 2450 1082 2480 brina.
1105 2450 1168 2481 His
1192 2450 1314 2490 nuptiis
1336 2455 1443 2490 sperat
1459 2448 1574 2480 Cicero
1588 2448 1834 2480 offensioneme

72 2499 243 2531 mendaret
266 2498 408 2530 Caesari.
431 2499 480 2530 Dc
503 2500 619 2530 eodem
639 2500 808 2541 Torquato
823 2500 932 2540 agitur
954 2504 955 2538 j
976 2503 1117 2534 divortio
1139 2508 1324 2544 susceptam
1348 2512 1441 2543 posse
1464 2502 1547 2532 tolli.
1560 2502 1608 2532 cf.
1626 2511 1675 2542 ep.
1695 2511 1762 2542 seq.
1777 2502 1833 2541 §3.

70 2553 103 2585 h.
127 2554 149 2584 l.
168 2563 216 2595 ep.
242 2553 292 2591 20,
317 2554 344 2584 1.
360 2554 410 2590 21,
429 2554 457 2584 2.
475 2553 561 2585 Pace
578 2553 844 2594 Hofmanni,qui
858 2554 890 2584 h.
907 2554 930 2585 1.
953 2566 955 2583 ;
1024 2556 1122 2593 Quam
1146 2559 1180 2586 lu
1204 2556 1322 2598 (quum)
1349 2556 1557 2587 coniecturam
1576 2555 1726 2596 sheiehas
1772 2556 1833 2586 Ne-

72 2609 181 2650 tetigit
203 2609 237 2640 in
260 2609 319 2640 lib.
341 2609 396 2640 cit.
420 2620 450 2649 p.
473 2609 644 2647 65,dicam
662 2609 930 2650 supplementum
952 2606 954 2643 ὲ
976 2609 1155 2640 cessarium
1178 2610 1258 2640 mihi
1284 2610 1414 2641 videtur
1437 2609 1594 2640 Lambini
1627 2608 1832 2649 supplemen-

72 2662 106 2693 in
129 2663 207 2694 edit.
231 2663 320 2694 Iens.
343 2662 487 2703 primum
509 2663 632 2699 datum,
656 2672 723 2693 non
747 2662 854 2693 solum
877 2672 929 2704 ap·
952 2649 955 2707 Ι
975 2667 1056 2694 tum.
1093 2663 1205 2695 Facile
1229 2673 1293 2693 cum
1319 2663 1369 2693 vel
1400 2672 1485 2704 quom
1517 2668 1593 2692 ante
1621 2661 1830 2692 coniecturam

72 2715 247 2752 tissimum,
271 2716 328 2747 sed
350 2725 481 2756 prorsus
513 2716 732 2747 necessarium
766 2715 849 2746 mihi
885 2716 930 2746 vi·
951 2710 955 2747 l
974 2716 1102 2757 negligi
1123 2717 1239 2757 potuit.

696 2834 746 2874 X.
813 2835 877 2886 (A.
920 2834 965 2874 U.
1003 2834 1047 2876 0.
1085 2835 1202 2889 709.)

135 2962 174 3002 l.
209 2961 378 3004 Minime
412 2961 531 3003 miror
563 2966 603 3002 te
636 2965 677 3002 et
708 2961 881 3015 graviter
915 2960 1014 3002 ferre
1048 2961 1096 3002 de
1130 2962 1322 3004 Marcello
1356 2968 1396 3003 et
1430 2962 1543 3017 plura
1577 2963 1699 3003 vereri
1731 2963 1829 3017 peri-

70 3035 151 3076 culi
183 3050 342 3090 genera.
392 3035 495 3088 Quis
528 3035 635 3077 enim
668 3034 742 3076 hoc
775 3035 948 3086 timeret,
984 3036 1091 3090 quod
1123 3051 1254 3092 neque
1288 3035 1486 3077 acciderat
1519 3042 1634 3078 antea
1667 3051 1738 3076 nec
1775 3035 1829 3075 vi-

111 3197 129 3236 §
153 3197 182 3228 1.
207 3196 253 3228 De
276 3197 441 3230 Marcello.
481 3199 527 3230 M.
554 3198 713 3231 Claudius
741 3199 930 3235 Marcellus,
952 3201 958 3246 1
978 3198 1034 3238 qui
1057 3198 1170 3228 consul
1196 3197 1255 3227 fuit
1278 3205 1351 3226 cnm
1375 3193 1491 3225 Servio
1513 3189 1669 3230 Sulpicio,
1687 3188 1827 3220 Athenis
