2062 3565
194 162 247 201 92
592 161 675 201 ΕΡ.
711 159 787 200 AD
820 160 866 200 Τ.
903 157 1254 200 POMPONIUM
1287 158 1553 202 ATTICUM.

192 298 318 339 vescit
326 315 337 349 ;
370 298 488 339 modo
520 296 640 338 Italia,
672 295 840 351 expulit,
874 309 984 336 nunc
1018 293 1095 335 alia
1127 308 1176 335 ex
1208 299 1321 350 parte
1353 297 1554 351 persequi,
1578 312 1627 339 ex
1649 298 1728 340 alia
1751 299 1957 354 provincia

191 370 409 426 exspoliare
458 374 639 420 conatur,
690 383 763 410 1160
812 369 891 409 iam
939 372 1109 418 recusat,
1154 367 1223 410 sed
1273 368 1447 423 quodam
1493 370 1613 412 modo
1656 372 1848 427 postulat,
1895 379 1954 424 ut,

191 443 528 500 quemadmodum
573 448 646 494 est,
693 444 749 484 sie
799 442 919 484 etiam
964 442 1186 497 appelletur
1231 448 1438 498 tyrannus.
1475 445 1516 485 3.
1550 445 1679 496 Alter,
1712 446 1746 487 is
1780 447 1850 501 qui
1883 461 1955 488 nos

191 517 268 559 sibi
301 517 503 572 quondam
537 516 586 557 ad
617 515 739 572 pedes
772 519 917 556 stratos
950 530 999 556 116
1033 513 1269 556 sublevabat
1301 515 1478 570 quidem,
1513 517 1583 571 qui
1616 533 1656 559 se
1691 517 1794 559 nihil
1817 524 1956 561 contra

155 595 168 619 ⁵
190 590 310 631 huius
342 589 590 631 voluntatem
623 589 753 630 facere
786 602 900 643 posse
935 586 1111 642 (aiebat),
1146 587 1303 643 elapsus
1337 604 1358 629 e
1387 589 1513 630 soceri
1546 589 1733 632 manibus
1767 605 1813 632 ac
1835 590 1952 642 ferro,

134 968 168 994 10

132 1333 164 1358 15

190 663 337 705 bellum
372 667 476 704 terra
509 667 550 703 et
581 662 681 703 mari
714 664 932 716 comparat,
966 675 1048 701 11011
1079 660 1277 702 iniustum
1309 660 1377 702 ille
1395 661 1573 716 quidem,
1599 662 1668 704 sed
1686 678 1810 717 quum
1826 664 1954 719 pium,

188 744 276 779 tum
320 738 441 778 etiam
484 736 766 785 necessarium,
812 734 895 776 suis
941 739 1077 775 tamen
1110 733 1266 775 civibus
1299 733 1518 786 exitiabile,
1552 735 1632 777 nisi
1664 736 1819 788 vicerit,
1854 737 1956 778 cala-

189 812 391 861 mitosum,
434 810 554 851 etiam
603 810 636 850 si
680 809 832 851 vicerit.
880 810 920 849 4.
967 808 1124 850 Horum
1169 823 1243 862 ego
1276 823 1522 850 summorum
1554 810 1841 865 imperatorum
1873 824 1955 851 non

189 884 306 925 modo
340 899 401 925 res
434 887 566 937 gestas
598 898 679 924 non
714 891 913 938 antepono
947 881 1060 931 meis,
1096 880 1165 922 sed
1199 896 1248 922 ne
1283 880 1486 922 fortunam
1520 881 1682 936 quidem
1715 882 1858 938 ipsam,
1877 896 1956 938 qua

188 956 247 998 illi
291 956 584 1006 florentissima,
627 970 700 996 nos
744 955 902 997 duriore
946 954 1165 996 conflictati
1200 953 1395 995 videmur.
1444 955 1547 1007 Quis
1580 955 1688 996 enim
1721 961 1853 1011 potest
1885 961 1955 997 aut

189 1030 344 1072 deserta
387 1044 455 1085 per
499 1045 539 1070 se
582 1029 711 1085 patria
745 1035 815 1070 aut
848 1044 1035 1084 oppressa
1070 1028 1210 1070 beatus
1244 1033 1355 1070 esse?
1405 1029 1458 1070 Et
1491 1030 1539 1080 si,
1575 1035 1620 1071 ut
1651 1044 1724 1071 nos
1758 1044 1780 1070 a
1812 1034 1852 1070 te
1886 1028 1954 1070 ad-

189 1117 410 1153 monemur,
460 1108 565 1144 reete
608 1103 652 1144 in
692 1102 772 1144 illis
815 1102 929 1144 libris
973 1102 1149 1143 diximus
1192 1101 1295 1143 nihil
1329 1117 1413 1144 esse
1441 1101 1592 1144 bonum
1625 1102 1705 1144 nisi
1741 1101 1849 1158 quod
1885 1102 1954 1143 ho-

188 1181 361 1226 nestum,
394 1175 498 1218 nihil
531 1175 680 1218 malum
714 1176 792 1217 11161
826 1175 934 1230 quod
967 1180 1083 1230 turpe
1117 1176 1183 1226 sit,
1219 1180 1323 1216 certe
1354 1181 1522 1231 uterque
1544 1176 1713 1217 istorum
1735 1181 1797 1217 est
1818 1175 1955 1217 miser-

187 1250 326 1300 rimus,
371 1264 540 1303 quorum
588 1249 748 1303 utrique
793 1263 946 1304 semper
992 1249 1142 1304 patriae
1193 1248 1299 1289 salus
1342 1254 1382 1289 et
1425 1248 1601 1304 dignitas
1646 1248 1840 1304 posterior
1883 1263 1956 1290 sua

189 1322 461 1365 dominatione
504 1330 544 1365 et
593 1323 823 1364 domesticis
857 1321 1076 1363 commodis
1111 1322 1201 1363 fuit.
1238 1325 1278 1362 ἶ).
1315 1322 1521 1363 Praeclara
1554 1322 1678 1377 igitur
1711 1322 1956 1365 conscientia

187 1402 401 1448 sustentor,
452 1412 576 1452 quum
618 1397 750 1452 cogito
799 1412 861 1438 me
906 1396 954 1437 de
999 1412 1039 1438 re
1086 1395 1248 1451 publica
1290 1401 1361 1437 aut
1405 1396 1595 1437 meruisse
1630 1395 1794 1451 optime,
1830 1409 1956 1449 quum

186 1470 400 1526 potuerim,
452 1480 521 1513 aut
563 1479 668 1514 certe
719 1486 926 1526 nunquam
968 1471 1046 1512 nisi
1090 1471 1153 1525 pie
1199 1470 1408 1525 cogitasse,
1443 1484 1567 1524 eaque
1600 1470 1687 1525 ipsa
1715 1474 1952 1525 tempestate

187 1559 362 1586 eversam
396 1560 481 1586 esse
514 1561 597 1587 rem
631 1544 848 1600 publicam,
883 1560 1003 1600 quam
1037 1559 1110 1599 ego
1145 1543 1467 1599 quattuordecim
1491 1545 1606 1585 annis
1629 1548 1722 1585 ante
1745 1558 1955 1599 prospexe-

186 1618 276 1659 rim.
327 1619 416 1660 Hac
461 1620 585 1675 igitur
628 1619 873 1661 conscientia
907 1619 1050 1660 comite
1086 1619 1324 1674 proficiscar,
1359 1633 1504 1673 magno
1537 1618 1724 1674 equidem
1758 1632 1851 1659 cum
1883 1616 1953 1659 do-

132 1701 145 1725 2
186 1691 282 1741 lore,
316 1707 389 1733 nec
423 1698 503 1733 tam
537 1692 578 1733 id
615 1697 773 1747 propter
806 1708 867 1733 me
903 1697 973 1733 aut
1006 1695 1166 1747 propter
1199 1691 1358 1733 fratrem
1394 1706 1540 1742 meum,
1576 1705 1746 1747 quorum
1779 1696 1840 1732 est
1871 1690 1950 1732 iam

187 1773 275 1806 acta
321 1772 442 1815 aetas,
492 1781 612 1820 quam
662 1774 822 1821 propter
870 1781 1024 1821 pueros,
1075 1764 1223 1820 quibus
1272 1764 1474 1806 interdum
1526 1764 1706 1806 videmur
1755 1769 1953 1820 praestare

186 1839 304 1880 etiam
354 1854 436 1880 rem
487 1838 688 1894 publicam
736 1839 943 1889 debuisse;
996 1854 1165 1894 quorum
1215 1838 1375 1893 quidem
1421 1838 1532 1889 alter,
1579 1840 1700 1880 †non
1742 1848 1824 1880 tam
1858 1839 1951 1894 quia

229 2007 246 2035 5
263 2013 366 2045 posse,
390 2004 515 2044 elapsus
539 2023 578 2027 —
600 2005 640 2036 22
663 2015 722 2036 non
746 2008 819 2043 tam,
842 2008 858 2038 †
880 2005 951 2047 quia
977 2004 1092 2036 maiore
1115 2023 1154 2027 —

186 2173 266 2197 ora-t.
301 2176 330 2206 p.
371 2165 494 2203 Tullio,
524 2166 565 2196 43
602 2173 631 2197 et
665 2165 849 2197 Gahblerus
883 2166 917 2196 in
954 2164 1068 2196 Ann.l
1094 2165 1206 2195 Madv.
1241 2165 1282 2195 ad
1313 2163 1387 2194 Fin.
1423 2165 1469 2194 ll.
1503 2164 1554 2194 88.
1589 2163 1746 2194 Wesenb.
1779 2164 1819 2195 ad
1852 2164 1951 2195 Tusc.

186 2218 308 2250 Philol.
343 2224 373 2250 et
402 2218 545 2259 Paedag.
577 2219 654 2249 Vol.
686 2218 729 2249 X.
761 2229 790 2259 p.
821 2218 892 2248 393.
927 2217 976 2249 cf.
1000 2217 1046 2247 X.
1095 2218 1136 2248 V.
1160 2217 1209 2248 86.
1235 2217 1409 2248 Praeterea
1432 2217 1626 2248 observetur
1647 2225 1776 2258 semper
1797 2216 1861 2248 diei
1881 2226 1951 2248 oon-

185 2273 213 2309 8,
237 2274 256 2304 8
279 2282 354 2314 quos
378 2275 497 2304 contra.

227 2328 243 2366 ξ
267 2328 296 2358 3.
323 2326 383 2367 Qui
411 2336 445 2356 se
479 2326 561 2356 nihil
582 2344 621 2348 -
638 2326 754 2366 jacere
778 2335 870 2366 posse
908 2334 1044 2356 MEBAT.

183 2379 335 2412 Verbum
359 2379 463 2409 aiebat
486 2379 519 2410 in
543 2379 638 2410 libris
661 2380 741 2410 Mss.
765 2379 939 2410 intercidit.
970 2379 1040 2409 Me·

183 2434 245 2465 lius
278 2434 310 2465 in
339 2434 405 2464 fine
433 2433 618 2464 sententiae
651 2433 840 2469 collocatur,
875 2442 973 2473 quain
1005 2438 1041 2462 ut

182 2494 231 2519 est
254 2488 287 2519 in
310 2487 448 2518 Ascens.
473 2491 545 2527 post
568 2487 769 2517 voluntatem.

223 2540 325 2571 Pium.
348 2540 435 2571 Nam
458 2540 637 2581 Pompeius
661 2541 701 2571 ad
715 2540 853 2581 patriam
865 2540 1040 2571 defenden-

182 2594 258 2624 dam
281 2603 300 2624 a
322 2593 470 2624 Caesaris
492 2592 720 2624 dominatione
743 2603 833 2624 arma
844 2599 1040 2633 susceperat.

224 2647 404 2678 Eritiabile.
437 2647 559 2678 Forma
591 2648 691 2679 dubia
725 2654 811 2680 certe
843 2648 877 2679 in
908 2648 1037 2689 scriptis

183 2701 358 2732 Tullianis.
389 2700 503 2733 Cicero
526 2701 653 2742 saepius
676 2701 762 2733 dixit
791 2700 965 2739 exitiosum,
994 2711 1040 2733 se-

181 2755 246 2786 mel
269 2755 418 2786 exitiales
440 2754 545 2785 exitus
568 2755 677 2796 posuit
700 2755 795 2786 Verr'.
819 2755 861 2786 V.
887 2755 935 2792 12,
952 2756 1039 2786 unde

179 2809 211 2838 h.
235 2809 257 2838 l.
281 2808 510 2848 reponendum
533 2816 651 2838 censeo
673 2807 814 2838 exitiale.

223 2861 240 2900 ξ
263 2861 293 2891 4.
320 2860 389 2901 Qua
411 2860 462 2890 illi
475 2859 713 2901 florentissima,
737 2870 792 2891 nos
813 2860 942 2892 duriore
965 2871 1036 2892 eon-
1052 2900 1060 2905 .

169 2913 294 2954 flictati
317 2913 464 2944 videmur.
497 2912 636 2952 Insigne
659 2913 851 2953 exemplum
874 2919 1038 2944 construe-

179 2967 279 2998 tionis
295 2966 468 3004 liberioris,
478 2976 577 3008 quam
590 2967 772 3007 zeugmatis
784 2967 920 2998 nomine
933 2977 1038 3007 gram-

180 3020 291 3051 matici
312 3020 472 3052 indicant.
514 3020 675 3061 Figuram
698 3021 829 3052 dicendi
858 3021 967 3062 plures
1001 3021 1038 3051 il-

181 3074 370 3111 lustrarunt,
392 3078 429 3104 ut
445 3073 600 3105 Davisius
616 3074 657 3104 ad
674 3074 716 3105 N.
731 3074 770 3105 D.
783 3075 809 3105 I.
828 3073 877 3112 17,
900 3074 1036 3105 Ruhnk.

178 3128 219 3174 vad
242 3126 333 3158 Suet⁴
359 3127 449 3167 Aug.
481 3127 530 3164 39,
559 3126 677 3158 Matth.
708 3128 746 3157 ad
779 3131 859 3158 orat.
889 3137 919 3167 p.
942 3127 1036 3159 Rosc.
1062 3144 1065 3159 ε

179 3180 257 3212 Am.
287 3181 342 3218 22,
381 3180 593 3213 Heinrichius
621 3181 661 3211 ad
691 3181 763 3212 luv.
802 3180 869 3212 Sat.
906 3191 935 3222 p.
966 3182 1035 3218 380,

1083 2271 1210 2312 flia-tari
1231 2270 1339 2312 aliqua
1364 2281 1406 2307 re,
1430 2270 1487 2300 ubi
1511 2270 1634 2301 indicat
1657 2271 1753 2302 valde
1775 2270 1880 2311 affligi
1898 2271 1951 2302 vel

1093 2324 1251 2355 laborare.
1283 2323 1406 2355 Contra
1428 2328 1515 2355 recte
1537 2324 1746 2364 componitur
1767 2333 1844 2355 cum
1862 2333 1951 2365 prae-

1093 2377 1254 2419 positione
1277 2387 1353 2414 cum,
1378 2377 1433 2408 ubi
1467 2377 1646 2408 dimicandi
1678 2377 1746 2407 vim
1777 2376 1886 2414 habet,
1915 2383 1951 2408 ut

1093 2429 1178 2469 apud
1202 2428 1299 2459 Corn.
1329 2428 1363 2459 in
1399 2427 1513 2469 Pelop.
1543 2430 1571 2465 5,
1598 2429 1624 2458 l.
1667 2427 1872 2469 Conflictatus
1903 2430 1950 2459 esc

1066 2470 1070 2506 ἶ
1091 2491 1156 2512 cunc
1179 2481 1314 2512 adversa
1327 2482 1478 2521 sbrtuna.
1512 2480 1579 2512 Sed
1600 2480 1681 2512 haec
1704 2480 1858 2521 exempla
1878 2490 1950 2511 rara

1091 2540 1176 2572 sunt,
1209 2540 1239 2566 et
1275 2536 1362 2576 apud
1392 2534 1589 2566 Ciceronem
1621 2534 1754 2565 nullum
1782 2533 1950 2565 invenitur

1066 2587 1069 2620 i
1091 2594 1218 2630 praeter
1241 2599 1346 2620 unum
1369 2598 1411 2620 ex
1446 2595 1525 2619 orat.
1554 2589 1595 2619 de
1624 2588 1754 2629 harusp.
1783 2596 1868 2628 resp.
1897 2588 1948 2618 41.

1095 2643 1169 2675 Cum
1193 2643 1243 2673 lais
1265 2641 1441 2684 conflictari
1463 2644 1493 2672 et
1510 2651 1570 2682 pro
1591 2641 1697 2672 salute
1720 2640 1851 2681 patriae
1878 2650 1948 2683 quo-

1090 2696 1168 2727 tidie
1190 2695 1349 2726 dimicare.

1132 2749 1172 2779 In
1196 2748 1263 2779 illis
1285 2748 1384 2779 libris.
1407 2748 1457 2779 De
1479 2747 1672 2788 Republica,
1696 2747 1769 2778 loco
1791 2756 1881 2778 nunc
1895 2746 1947 2778 de-

1088 2802 1226 2843 perdito.

1131 2855 1149 2894 §
1173 2855 1202 2884 5.
1233 2853 1272 2884 N.
1297 2854 1357 2884 nisi
1381 2855 1436 2894 με
1467 2855 1628 2894 coqz'tasse.
1667 2853 1721 2885 Ita
1753 2852 1948 2884 Ciceronem

1089 2907 1256 2948 scripsisse
1280 2912 1389 2947 aperte
1422 2908 1590 2939 declarant
1619 2907 1712 2938 codd.
1743 2905 1948 2946 corruptelae

1086 2961 1201 2993 ina-iaie
1230 2962 1335 3001 (Med.
1364 2967 1397 2993 et
1424 2962 1548 3002 Hisp.)‚
1577 2961 1640 2992 nisi
1671 2960 1723 2991 die
1747 2960 1946 3001 (Tornaes.).

1087 3015 1193 3047 Plane
1215 3016 1365 3056 ineptum
1387 3020 1444 3053 est,
1467 3017 1553 3056 quod
1586 3020 1664 3047 vett.
1698 3014 1792 3046 editt.
1823 3013 1947 3051 habent

1086 3068 1190 3099 divine
1212 3077 1272 3109 pro
1287 3067 1350 3108 pie.

1129 3123 1145 3159 †
1170 3121 1238 3152 Non
1254 3123 1328 3158 tam,
1344 3121 1417 3161 qaia
1434 3121 1550 3152 maiore
1558 3121 1682 3161 pietate
1695 3121 1752 3150 est.
1776 3118 1946 3150 Asterisco

1061 3183 1065 3221 J
1087 3174 1231 3208 indicavi
1254 3175 1355 3207 latere
1379 3175 1504 3216 aliquid
1529 3173 1610 3207 vitii.
1645 3172 1792 3205 Tollitur
1820 3171 1854 3203 id.
1876 3170 1943 3202 Ma·
