2062 3565
741 147 843 190 [11ss.
882 147 1001 190 VIII.
1037 148 1120 190 ΕΡ.
1158 151 1197 190 2.
1234 153 1274 190 55.
1866 156 1883 194 7

116 282 343 326 honestum.
388 284 466 326 Sed
511 288 608 327 cur?
656 284 896 336 „Poterisne
944 285 1070 340 igitur
1103 284 1236 327 videre
1270 291 1484 341 tyrannum
1494 286 1542 328 ἕω
1578 311 1635 318 -·
1669 287 1795 339 Quasi
1828 288 1888 329 111-

113 355 228 397 tersit
259 356 422 398 audiam
454 372 506 399 an
540 357 711 408 videam,
748 363 819 399 aut
851 357 1088 414 locupletior
1127 357 1227 399 mihi
1250 358 1304 400 sit
1327 359 1580 414 quaerendus
1603 366 1743 402 auctor
1767 376 1886 415 quam

117 429 311 482 Socrates,
357 431 440 485 qui,
483 446 607 485 quum
645 444 737 472 xxx
794 431 951 486 tyranni
986 436 1132 482 essent,
1166 431 1309 487 pedem
1343 438 1458 488 porta
1489 447 1571 475 11011
1605 434 1764 475 extulit.
1815 435 1889 475 Est

117 503 216 545 1111111
248 509 453 559 praeterea
486 504 700 560 praecipua
737 519 857 546 causa
890 503 1094 555 manendi,
1129 503 1178 545 (10
1212 519 1292 560 qua.
1325 506 1481 548 utinam
1515 507 1732 563 aliquando
1755 514 1888 550 tecum

118 576 276 631 loquar!
312 577 400 632 Ego
434 590 536 619 xnl.
571 576 760 627 Kalend„
797 592 920 632 quum
955 577 1092 619 eadem
1124 578 1287 620 lucerna
1320 579 1425 620 hanc
1464 581 1674 636 epistolam
1708 582 1888 638 scripsis-

61 692 69 700 ,
117 658 214 701 sem,
249 665 328 705 qua
359 651 647 692 inflammaram
681 656 808 701 tuam,
844 651 1014 692 Formiis
1049 651 1098 692 ad
1134 653 1383 708 Pompeium,
1419 654 1453 695 si
1485 654 1534 696 de
1570 670 1664 711 pace
1688 660 1886 711 ageretur,

123 723 325 780 profectus
359 726 492 780 (sum),
528 725 561 766 si
595 725 644 766 de
678 724 796 775 bello,
831 724 928 780 quid
963 726 1058 767 ero?

161 892 180 921 6
201 890 229 920 si
252 889 292 920 de
309 897 390 929 pace
411 891 533 930 τιθείην,
551 888 774 929 prefectum&
799 890 826 919 si
850 907 891 912 —

161 1036 223 1067 Sed
244 1036 330 1068 cur?
352 1036 471 1068 Bosius
494 1037 574 1068 haee
595 1035 640 1068 ita
659 1036 788 1077 explet:
818 1050 831 1061 u
846 1035 913 1068 Sed
928 1045 985 1067 cur
1026 1046 1111 1078 quae
1134 1038 1290 1078 leguntur
1313 1043 1385 1079 post
1408 1049 1457 1079 cp.
1484 1040 1522 1070 12
1545 1040 1581 1071 C.
1605 1048 1637 1072 et
1661 1041 1700 1072 D.
1727 1041 1888 1075 Postridie

120 1091 165 1122 ita
188 1089 377 1122 existimem
401 1100 490 1121 1111110
514 1085 662 1121 taceo‘et
686 1089 747 1120 tibi
769 1089 985 1120 iudicandum
1025 1090 1141 1123 Cicero
1163 1091 1329 1123 nuntiavit
1364 1092 1478 1124 Attico
1508 1103 1552 1131 se,
1585 1103 1689 1135 quum
1725 1096 1889 1137 profectus

121 1143 310 1184 relinquo.”
331 1141 535 1174 Gronovius:
565 1157 578 1166 υ
589 1141 656 1174 Sed
678 1152 737 1173 cur
755 1142 871 1173 eadem
888 1142 985 1174 toties
1026 1150 1118 1183 esset,
1143 1150 1214 1176 tuto
1236 1145 1411 1177 Luceriam
1435 1157 1502 1178 non
1520 1148 1663 1188 potuisse
1685 1150 1810 1182 venire.
1823 1150 1887 1182 vid.

120 1196 261 1234 inculco,
284 1196 347 1234 vel,
370 1205 428 1227 cur
450 1201 482 1227 te
505 1197 650 1227 inoror.'''
676 1195 853 1227 Schutzius
867 1195 983 1227 Attico
1025 1207 1074 1239 ep.
1098 1207 1164 1239 seq.
1188 1198 1206 1238 ξ
1230 1199 1259 1229 5.

120 1249 295 1281 tribuenda
316 1249 450 1290 putabat
482 1249 530 1280 ita
551 1253 710 1281 correct-a:
746 1247 816 1286 Sed,
840 1249 917 1280 heus
938 1250 982 1287 tu,
1064 1251 1099 1282 Si
1121 1251 1160 1282 de
1175 1261 1259 1292 pace
1282 1255 1439 1292 afferetur,
1455 1252 1623 1294 profectus
1658 1255 1761 1295 (mma),
1793 1256 1821 1286 si
1851 1255 1889 1288 de

113 1301 278 1344 poterisne
309 1308 370 1334 cet.
414 1302 499 1334 Mihi
530 1302 565 1333 in
597 1307 744 1334 mentem
774 1302 882 1334 venit:
917 1301 985 1335 Sed
1024 1304 1116 1342 bello,
1140 1304 1217 1347 quid
1250 1306 1332 1336 ero?
1354 1306 1511 1347 Ayeretur
1541 1313 1573 1338 et
1598 1310 1765 1348 proseclecs
1794 1314 1843 1340 cst
1871 1319 1888 1341 0

119 1356 262 1399 quaeris:
285 1355 452 1388 Poterisne
474 1361 535 1388 eet.
1024 1358 1124 1396 Med„
1147 1368 1167 1389 a
1188 1368 1254 1400 quo
1277 1369 1345 1390 non
1368 1360 1512 1398 discessi,
1536 1360 1601 1392 nisi
1618 1363 1782 1402 quodsum
1804 1362 1890 1394 inter

165 1408 265 1450 Quasi
284 1408 414 1440 intersit
436 1408 563 1440 audiam
585 1419 627 1440 an
653 1408 784 1440 videam.
806 1409 884 1440 Non
901 1418 983 1440 sem·
1018 1412 1185 1453 profectus
1208 1416 1239 1444 et
1261 1412 1290 1443 si
1311 1413 1444 1445 inserui.
1469 1412 1614 1446 Orellius
1630 1425 1648 1446 a
1664 1415 1815 1447 Victorio
1842 1426 1892 1446 ac-

120 1473 177 1505 1101·
199 1463 315 1495 Cicero
336 1463 382 1494 ita
403 1462 571 1495 iudicavit.
593 1463 635 1494 In
662 1463 756 1504 epist.
781 1464 822 1495 ad
833 1464 980 1504 Torqua-
1024 1465 1109 1507 cepit
1131 1465 1280 1497 futurum
1302 1468 1425 1507 τιθείην,
1447 1471 1479 1498 et
1500 1477 1543 1499 ex
1569 1468 1709 1500 Ascens.
1728 1478 1791 1501 sec.
1817 1480 1891 1510 pro-

119 1522 202 1554 tum,
224 1515 318 1547 Fam.
342 1515 404 1546 VI.
428 1517 458 1553 4,
481 1517 509 1553 3,
537 1516 677 1547 affirmat
688 1515 723 1546 iu
739 1515 830 1547 malis
842 1516 980 1547 ommibus
1017 1520 1178 1561 fecturus,
1202 1520 1355 1561 idemque
1381 1531 1439 1562 pro
1460 1520 1539 1563 quid
1558 1532 1612 1553 ero
1635 1533 1711 1554 cum
1734 1523 1796 1555 Pio
1826 1533 1892 1555 ma-

119 1569 262 1601 acerbius
283 1579 350 1600 esse
371 1567 477 1600 videre
498 1580 588 1610 quam
610 1569 734 1600 audire·
775 1568 826 1601 Cf·
849 1579 981 1611 quoque
1027 1575 1117 1606 lebat
1147 1575 1266 1606 videro.
1302 1575 1420 1616 Neque
1450 1575 1540 1613 haec,
1572 1586 1679 1618 neque
1711 1577 1894 1609 Bosianuni

121 1622 214 1654 Fam.
239 1619 303 1654 1V.
324 1624 353 1660 4,
381 1624 398 1653 5
423 1628 456 1654 et
478 1622 557 1653 V11.
582 1623 631 1660 30,
656 1623 684 1654 1.
1020 1627 1215 1669 praefectae,
1248 1638 1355 1670 neque
1377 1628 1538 1661 Gronovii
1572 1630 1676 1671 quid?
1709 1629 1780 1662 Oro.
1810 1631 1892 1662 mihi

163 1676 221 1707 Est
243 1675 319 1706 milti
332 1686 384 1716 pr.
406 1675 581 1717 praecipua
611 1686 708 1707 causa
741 1677 890 1708 manendi
919 1682 979 1709 cet.
1028 1681 1195 1723 probatur.
1226 1681 1320 1712 Nihil
1349 1682 1500 1713 desidero
1534 1682 1568 1713 in
1602 1682 1692 1714 Med.
1724 1684 1893 1725 scriptura.

121 1730 221 1762 Recte
243 1729 450 1770 Mongaltius
472 1729 553 1761 haec
571 1729 612 1760 ad
627 1729 819 1761 Terentiam
835 1735 981 1771 spectare
1032 1733 1148 1765 Cicero
1172 1734 1253 1765 dicit
1275 1743 1309 1766 se
1332 1734 1515 1775 profectum
1538 1744 1607 1766 esse
1630 1736 1671 1766 ad
1685 1735 1892 1777 Pompeium,

121 1782 258 1824 putavit,
287 1782 380 1814 cuius
401 1783 482 1814 fides
505 1782 657 1814 Ciceroni
679 1783 912 1824 deprovincia
934 1792 981 1815 re·
1030 1786 1094 1828 (Cf.
1119 1796 1168 1828 ep.
1192 1788 1220 1825 3,
1246 1789 1262 1818 5
1287 1787 1332 1818 ad
1347 1798 1433 1829 quem
1448 1798 1538 1830 quum
1553 1797 1647 1819 essem
1657 1789 1838 1830 profectus)
1857 1795 1897 1832 ut⁵

121 1837 236 1870 deunti
258 1842 409 1878 suspecta
433 1847 503 1870 esse
526 1838 642 1879 coepit.
1029 1840 1163 1878 videret,
1188 1841 1215 1872 si
1239 1844 1390 1881 ageretur
1405 1841 1445 1872 de
1469 1841 1728 1883 paee,.i‹1emquc
1751 1852 1785 1874 se
1809 1842 1893 1873 nihil

162 1889 297 1921 Formiis
318 1889 363 1920 ad
382 1889 568 1930 Pompeium.
609 1890 788 1932 Pompeius
810 1898 880 1923 erat
902 1899 982 1923 tunc
1031 1892 1110 1930 fore,
1141 1893 1168 1924 si
1198 1893 1325 1925 bellum
1354 1894 1506 1934 placeret,
1539 1895 1715 1936 imperium
1749 1895 1893 1928 militare

123 1943 292 1982 Luceriae,
326 1944 414 1975 unde
446 1943 537 1975 dedit
571 1943 682 1976 literas
719 1945 760 1976 ad
787 1943 981 1982 Domitium,
1031 1955 1091 1977 1100
1115 1956 1173 1977 suo
1199 1946 1335 1987 ingenio
1358 1956 1418 1979 1100
1441 1957 1518 1980 suae
1531 1948 1694 1980 voluntat-i
1705 1948 1892 1981 convenire.

733 2075 822 2116 III.
863 2059 954 2127 ’(Λ.
997 2075 1041 2115 U.
1081 2077 1122 2115 C.
1163 2060 1278 2129 705.)

188 2207 227 2247 1.
263 2203 453 2246 Maximis
486 2208 526 2244 et
558 2202 790 2244 miserrimis
824 2202 944 2244 rebus
989 2203 1262 2259 perturbatus,
1299 2218 1424 2258 quum
1459 2219 1592 2247 eoram
1625 2212 1759 2248 tecum
1792 2207 1888 2248 mihi

122 2285 298 2336 potestas
331 2275 583 2318 deliberandi
615 2291 698 2317 non
743 2279 861 2327 esset,
896 2276 958 2318 uti
990 2280 1125 2318 tamen
1158 2281 1230 2318 tuo
1263 2277 1431 2319 consilio
1464 2278 1588 2320 volui.
1643 2279 1890 2322 Deliberatio

122 2356 256 2394 autem
289 2350 420 2392 omnis
452 2348 550 2390 haec
583 2356 664 2390 cst:
700 2349 734 2390 51
768 2349 986 2405 Pompeius
1021 2349 1141 2392 Italia
1175 2349 1305 2401 cedat,
1331 2350 1438 2405 quod
1464 2366 1557 2392 eum
1581 2351 1781 2394 facturum
1804 2370 1888 2395 0550

122 2425 315 2481 suspicor,
350 2422 448 2478 quid
480 2423 580 2464 mihi
613 2422 814 2478 agendum
846 2427 978 2479 putes,
1013 2428 1054 2465 et
1087 2438 1166 2478 quo
1201 2423 1359 2466 facilius
1393 2424 1606 2466 consilium
1630 2425 1723 2467 dare
1746 2427 1888 2482 possis,

123 2497 220 2553 quid
252 2497 296 2538 in
328 2501 538 2550 utramque
560 2500 714 2552 partem
736 2495 837 2538 mihi
860 2496 903 2538 in
925 2500 1099 2538 mentem
1118 2497 1268 2548 veniat,
1294 2496 1503 2553 explicabo
1527 2497 1651 2539 brevi.
1688 2502 1728 2540 τὶ.
1753 2499 1887 2551 Quum

122 2571 263 2612 merita
295 2569 478 2625 Pompeii
509 2583 664 2610 summa
696 2584 789 2624 erga
822 2569 991 2610 salutem
1024 2584 1153 2611 meam
1175 2569 1519 2625 familiaritasque,
1544 2585 1645 2625 quae
1672 2572 1773 2613 mihi
1796 2587 1887 2613 cum

123 2659 169 2686 eo
211 2648 286 2694 est,
329 2648 418 2684 tum
460 2643 547 2698 ipsa
588 2642 646 2683 rei
686 2642 871 2698 publicae
905 2657 1024 2684 causa
1057 2658 1120 2685 me
1155 2642 1334 2694 adducit,
1371 2647 1415 2684 ut
1446 2643 1546 2685 mihi
1580 2644 1642 2686 vel
1675 2645 1887 2686 consilium

123 2731 256 2759 meum
297 2731 387 2758 cum
432 2715 542 2757 illius
584 2715 766 2767 consilio,
813 2716 876 2757 vel
910 2716 1072 2758 fortuna
1107 2718 1209 2771 (mea
1242 2731 1334 2758 cum
1367 2715 1477 2758 illius
1510 2717 1685 2772 fortuna)
1720 2718 1886 2759 coniun-

123 2789 253 2845 genda
285 2804 370 2830 esse
403 2787 600 2829 videatur.
634 2788 804 2830 Accedit
836 2787 952 2841 illud,
988 2789 1021 2831 51
1053 2804 1196 2831 maneo
1229 2794 1269 2831 et
1303 2789 1418 2832 illum
1452 2791 1686 2833 comitatum
1719 2792 1887 2847 optimo-

166 2949 185 2979 9
198 2948 337 2989 seriana
358 2959 423 2980 cum
437 2949 574 2990 fortuna
597 2970 637 2975 —

169 3093 187 3131 ξ
211 3092 239 3124 2.
268 3092 563 3133 Velforlvna(mea
576 3105 641 3125 cum
655 3095 742 3126 illius
754 3096 902 3133 fortuna)
917 3107 984 3126 mm-
1029 3098 1295 3138 supplementum
1310 3108 1327 3127 a
1343 3097 1478 3128 Klotzio
1495 3104 1667 3137 repertum,
1686 3105 1787 3136 quum
1812 3101 1887 3126 aute

130 3146 294 3187 itmqenda.
326 3144 558 3188 Aeqniabilitus
587 3149 743 3180 orationis
777 3151 984 3181 commendat
1008 3175 1010 3183 ι
1031 3151 1070 3180 de
1093 3150 1235 3191 Malasp.
1259 3150 1445 3181 coniectura
1465 3160 1529 3180 cam
1549 3151 1687 3188 jin-laam
1706 3149 1887 3180 auderetur.

1008 3193 1011 3205 Ι

1908 2809 1941 2836 le
