2062 3565
157 142 242 184 402

157 275 199 307 In
222 275 360 306 alteram
381 284 494 306 aurem
515 274 617 305 XIII.
641 274 691 304 24.
1041 275 1043 305 ἱ,

182 346 196 358 ιι
221 332 291 363 dies
314 330 493 372 (singulos)
517 329 561 360 V.
585 330 616 367 7,
641 330 670 359 1.
1041 312 1044 368 ff

182 401 196 415 ιι
224 388 322 419 domo
347 386 494 419 Caesaris
515 387 563 417 II.
586 386 615 424 7,
639 385 668 416 3.

184 455 198 467 ἰ
223 450 294 472 eam
317 445 443 481 partem
465 439 564 470 XVI.
587 439 618 478 1,
641 439 670 469 6.

185 509 199 522 ιι
225 494 365 526 eandem
385 493 548 524 rationem
571 492 713 524 scribere
738 492 764 523 I.
790 492 840 522 11.
864 491 893 522 1.

184 562 198 574 ιι
223 548 286 578 hoc
308 547 336 578 Ι.
360 546 390 586 1,
413 547 442 577 1.

184 616 199 628 ιι
225 601 384 632 maiorem
406 600 542 631 modum
564 599 664 631 XVI.
687 599 727 630 16
750 598 791 634 D,
814 599 865 628 14.

186 670 200 682 ιι
226 665 342 686 omnes
363 660 471 696 partes
495 654 558 685 XI.
582 654 611 691 6,
638 653 668 684 2.

183 724 198 736 ιι
223 709 381 750 oppidum
410 707 531 738 multos
561 706 631 738 dies
659 714 781 747 ponere
805 704 867 736 XI.
891 703 941 739 22,
965 702 997 733 2.

183 778 196 789 ιι
223 763 359 794 Piraeea
382 761 446 792 VI.
469 761 497 797 9,
522 761 550 791 1.
575 760 656 791 VII.
681 760 712 799 3,
735 760 786 790 10.

186 831 200 844 ιι
226 815 409 858 praesentia
433 814 516 845 VII.
540 814 592 852 14,
616 814 644 844 1.

186 884 200 896 ιι
226 868 399 900 scribendo
421 869 452 898 et
477 867 510 897 in
532 867 653 907 scripto
669 867 804 908 permut.
828 865 855 895 I.
879 864 926 900 19,
952 864 980 894 1.

184 937 197 948 ιι
224 929 293 953 toto
315 922 489 961 suspectum
512 920 615 951 XIII.
639 919 689 957 20,
712 922 741 950 4.

185 993 198 1005 ιι
225 978 451 1009 Tusculanum
475 976 603 1008 futurus
626 986 730 1008 essem
753 975 833 1007 XV.
856 976 876 1004 4
899 985 928 1013 a,
951 975 980 1005 2.

165 1033 280 1064 Inanis
301 1032 443 1073 populus
468 1031 532 1062 IV.
557 1031 586 1066 2,
609 1031 638 1062 3.

164 1086 320 1117 Inaudire
341 1086 405 1116 V1.
429 1085 457 1122 1,
482 1085 520 1115 19
544 1092 576 1116 et
599 1084 649 1115 20.

164 1140 361 1171 Incendium
373 1139 521 1179 fiqurate
542 1137 660 1168 dicitur
684 1137 729 1168 V.
753 1138 801 1170 20.
827 1140 855 1170 8.

165 1195 339 1227 Includere
363 1194 395 1224 in
420 1194 542 1225 librum
565 1193 629 1223 IV.
654 1193 704 1230 16,
727 1193 756 1223 2.

166 1250 365 1281 Incumbere
382 1248 422 1279 'in
444 1248 580 1289 aliquod
602 1248 629 1278 I.
654 1248 701 1284 19,
726 1249 756 1278 4.

166 1304 250 1335 Inde
273 1316 311 1330 z
335 1302 454 1333 deinde
481 1301 561 1332 VII.
586 1302 637 1339 12,
659 1301 688 1331 2.

166 1356 366 1389 Indicativus
387 1355 518 1386 additus
531 1355 695 1396 formulae
718 1356 828 1386 nescio
851 1367 915 1396 quo
933 1362 1026 1397 pacto

395 1411 525 1452 (modo)
548 1410 648 1442 XIV.
674 1410 721 1448 13,
746 1411 775 1441 2.

394 1465 426 1496 in
448 1465 630 1507 quaestione
654 1465 698 1496 X.
723 1465 772 1502 11,
796 1467 825 1496 4.

393 1520 426 1550 in.
461 1521 583 1561 quaest.
619 1519 775 1550 indirecta
807 1530 867 1551 non
909 1519 1026 1550 Tullia-

393 1585 461 1605 num
485 1574 511 1605 I.
536 1574 563 1611 1,
588 1577 618 1604 4.
642 1573 744 1605 VIII.
768 1574 817 1612 13,
843 1574 871 1605 2.

170 1629 301 1660 Indices
323 1628 482 1659 librorum
504 1626 568 1657 IV.
592 1628 612 1656 4
636 1627 664 1663 h,
691 1628 718 1657 1.
744 1628 792 1666 15,
816 1628 845 1658 9.

170 1684 336 1715 Indicium
359 1682 404 1713 II.
428 1682 477 1719 24,
501 1683 531 1712 4.

168 1736 354 1778 Indignitas
384 1746 445 1766 non
486 1734 605 1765 dicitur
629 1745 688 1775 pro
721 1735 950 1773 indignatione
990 1734 1032 1766 X.

381 1790 409 1826 8,
435 1789 463 1820 3.

169 1845 301 1877 Indoles
324 1844 366 1875 X.
390 1844 438 1881 12,
463 1843 491 1876 7.

171 1902 332 1932 Inducere
354 1899 394 1930 de
418 1898 655 1939 gladiatoribus
680 1897 742 1928 IV.
768 1898 818 1934 11,
838 1898 873 1927 1;
896 1896 1032 1933 SCtum,

1043 530 1046 569 Ξ

1042 577 1046 635 l

1041 639 1046 674 ι

358 1954 421 1985 alia
445 1953 470 1983 I.
494 1952 544 1990 20,
569 1954 599 1983 4.

173 2010 329 2040 Inductus
353 2007 414 2038 III.
442 2006 490 2043 15,
515 2006 544 2038 7.

180 2063 322 2094 Infantia
345 2060 426 2091 male
449 2060 609 2095 vocantur,
634 2069 712 2098 quae
734 2060 807 2087 svn!
830 2057 967 2098 puerilia
990 2056 1034 2087 X.

346 2115 396 2153 18,
424 2116 451 2145 1.

180 2169 289 2200 Infimi
313 2168 375 2200 IV.
399 2169 426 2205 2,
453 2168 480 2198 3.

180 2222 361 2263 Ιηΐῐηίίὶυπε
380 2231 485 2263 praes.
509 2220 654 2261 temporis
678 2228 894 2258 nonnunquam
904 2216 1035 2256 ponitur

377 2276 569 2315 profuturo
592 2274 619 2304 1.
654 2274 680 2310 1,
717 2273 751 2302 1·.
780 2273 939 2310 suspeetvs
972 2269 1035 2299 IV.

387 2331 433 2367 18,
457 2332 486 2360 4.

380 2387 454 2424 post
477 2384 579 2415 velim
602 2382 646 2413 X.
670 2381 699 2419 8,
724 2381 772 2411 10.

181 2440 361 2473 Informata
383 2438 540 2479 cogitatio
562 2437 588 2467 I.
614 2438 643 2475 1,
666 2436 695 2467 2.

182 2496 339 2537 Ingerere
361 2492 536 2535 praeterita
557 2492 731 2531 suspectum
756 2487 817 2519 XI.
843 2488 870 2525 6,
895 2488 923 2517 3.

182 2551 336 2582 Inhibere
358 2549 391 2579 in
414 2558 448 2579 re
470 2546 599 2578 nautica
621 2545 718 2575 XIII.
741 2544 791 2580 21,
816 2543 844 2573 3.

247 2620 261 2633 ιι
357 2617 398 2631 :z
421 2601 594 2644 prohibere
616 2599 712 2630 XVI.
736 2598 765 2635 7,
791 2598 819 2628 3.

187 2660 328 2691 Iniicere
350 2656 447 2689 XVI.
471 2656 499 2692 5,
524 2654 554 2685 3.

187 2714 357 2746 Inimicari
379 2723 440 2744 non
467 2709 643 2741 Tullianum
666 2707 710 2738 II.
736 2708 783 2744 19,
809 2709 837 2736 4.

187 2770 338 2802 Insanire
359 2767 458 2800 XIII.
481 2766 531 2804 29,
555 2766 584 2797 2.

189 2821 358 2863 Inscriptio
381 2820 584 2861 epistolarum
605 2816 712 2849 Praef.
734 2827 765 2857 p.
788 2815 867 2846 XII.

191 2876 338 2909 Insidere
361 2885 426 2906 cum
450 2883 552 2905 avom.
576 2871 604 2903 1.
626 2871 676 2908 17,
700 2872 728 2901 1.

190 2929 328 2970 Insigne
351 2927 470 2960 amoris
492 2926 554 2957 111.
578 2925 627 2962 15,
655 2928 685 2954 4.

194 2984 368 3016 Insinuare
391 2981 455 3024 (se)
478 2981 523 3012 II.
546 2981 598 3019 24,
619 2979 650 3010 2.

194 3037 347 3069 Insolens
370 3046 436 3066 cum
455 3034 553 3077 yenit.
576 3033 621 3064 II.
643 3032 693 3068 21,
718 3031 747 3061 3.

194 3093 302 3123 Instar
323 3090 368 3122 X.
391 3091 421 3128 4,
445 3090 479 3126 13
503 3098 569 3119 cum
592 3085 747 3118 numerali
769 3083 866 3115 XVI.
891 3084 919 3120 5,
943 3084 972 3113 5.

194 3146 382 3178 Instaurare
404 3142 600 3175 sacrificium
622 3141 649 3171 I.
672 3139 720 3176 13,
745 3139 772 3169 3.

427 141 609 184 INDEX
643 137 1073 182 VOCABULORUM
1110 138 1178 179 ET
1211 126 1642 181 GRAMMATICUS.

1065 269 1245 304 Instituere
1267 284 1307 298 =
1330 271 1473 312 incipere
1497 270 1595 302 VIII.
1617 271 1658 302 12
1680 272 1720 309 Β,
1745 271 1774 302 2.

1066 326 1237 357 Insulsitas
1260 325 1360 357 villae
1383 324 1480 356 XIII.
1503 324 1553 362 29,
1576 325 1606 356 2.

1065 379 1237 419 Integrum
1259 378 1343 409 mihi
1367 383 1423 416 est,
1445 382 1482 409 ut
1503 397 1544 402 —
1565 379 1688 419 possim
1712 379 1774 409 IV.
1797 378 1828 415 2,
1853 380 1882 410 6.

1067 432 1259 472 Intelligere
1281 432 1394 472 aliqua
1414 441 1449 462 re
1471 430 1533 462 XI.
1556 432 1585 469 5,
1609 431 1640 461 3.

1067 486 1243 518 Intendere
1265 486 1376 527 aliquo
1399 486 1496 517 VIII.
1519 485 1557 516 11
1581 485 1621 523 D,
1645 485 1674 516 3.

1068 538 1159 570 Inter
1180 548 1274 570 caesa
1296 543 1328 570 et
1349 543 1497 580 porrecta
1520 539 1563 569 V.
1587 538 1636 576 18,
1661 539 1689 569 1.

1111 608 1124 619 ιι
1182 594 1260 624 istos
1283 604 1326 624 an
1347 594 1435 625 inter
1457 593 1544 634 ipsos
1567 593 1612 624 11.
1636 593 1665 630 7,
1688 593 1717 624 3.

1111 661 1125 673 ιι
1183 647 1275 678 lucos
1299 647 1361 678 IV.
1386 647 1416 686 3,
1438 649 1468 677 4.

1114 717 1127 728 ιι
1185 713 1219 734 se
1242 703 1303 733 VI.
1327 703 1355 741 1,
1379 703 1429 734 12.

1069 757 1260 788 Intercalari
1285 757 1330 788 V.
1352 758 1381 796 9,
1410 757 1439 788 2.

1070 811 1275 843 Intercedere
1300 811 1328 842 1.
1357 812 1407 850 16,
1430 813 1464 848 53
1498 821 1557 853 pro
1580 811 1691 852 aliquo
1713 811 1838 851 aliquid
1864 810 1925 842 VI.

1302 868 1329 904 1,
1353 868 1381 898 5.

1072 920 1279 952 Intercludor
1300 920 1414 951 dolore
1436 920 1536 951 VIII.
1559 920 1588 958 8,
1610 920 1640 951 2.

1073 975 1235 1006 Interesse
1257 985 1324 1006 cum
1345 973 1484 1015 yenitivo
1507 973 1590 1004 vocis
1614 973 1754 1004 Graecae
1775 973 1881 1010 V.19‚
1900 973 1929 1004 3.

1072 1029 1217 1060 Interest
1238 1039 1302 1060 cum
1327 1027 1517 1059 nominativo
1541 1027 1606 1058 Ill.
1630 1027 1678 1065 19,
1703 1028 1730 1058 l.

1074 1082 1296 1113 Inter-mittere
1318 1080 1459 1112 absolute
1482 1080 1543 1112 XI.
1566 1081 1614 1117 25,
1641 1080 1667 1110 l.

1077 1136 1318 1167 Intermortuus
1341 1134 1368 1166 Ι.
1392 1135 1441 1172 14,
1464 1136 1495 1165 4.

1076 1190 1264 1221 Internecio
1288 1189 1334 1220 II.
1357 1189 1407 1226 20,
1431 1188 1461 1220 3.

1078 1245 1336 1285 Interponuntur
1358 1244 1487 1274 decreta
1510 1243 1610 1274 XVI.
1635 1243 1674 1274 16
1698 1243 1736 1280 Β,
1761 1243 1789 1274 8.

1078 1298 1243 1339 I-nterpres
1266 1298 1293 1328 1.
1316 1297 1365 1335 12,
1389 1297 1419 1328 2.

1076 1352 1285 1393 Interpretari
1309 1352 1349 1383 de
1375 1351 1486 1392 aliquo
1509 1350 1609 1382 XVI.
1633 1351 1672 1382 16
1699 1352 1738 1388 A,
1763 1352 1791 1384 7.

1078 1406 1295 1437 Intervallum
1318 1405 1356 1436 de
1380 1407 1514 1446 tempore
1536 1403 1564 1435 I.
1586 1407 1616 1440 4,
1642 1404 1669 1434 1.

1078 1462 1169 1492 Intra
1190 1461 1352 1502 praesidia
1374 1461 1487 1492 venire
1511 1460 1536 1490 I.
1560 1460 1612 1497 20,
1635 1459 1663 1490 2.

1078 1517 1289 1547 Introducere
1312 1515 1351 1545 de
1373 1525 1472 1545 uxore
1494 1513 1593 1545 XIV.
1621 1513 1668 1552 13,
1693 1514 1721 1544 5.

1318 1573 1544 1608 procuratores
1566 1566 1667 1598 XVI.
1692 1567 1744 1605 15,
1767 1566 1795 1597 2.

1081 1621 1286 1652 Introductio
1307 1620 1351 1651 de
1372 1625 1481 1661 stupro
1504 1620 1530 1650 I.
1554 1620 1603 1657 16,
1628 1621 1656 1650 5.

1086 1674 1220 1706 Inurere
1242 1674 1392 1705 dolorem
1416 1675 1441 1705 1.
1466 1674 1514 1711 16,
1539 1674 1567 1707 7.

1083 1729 1277 1760 Invaletudo
1301 1728 1464 1759 barbarum
1488 1727 1568 1758 VII.
1593 1728 1621 1765 2,
1651 1728 1680 1758 2.

1082 1783 1231 1815 Invicem
1254 1782 1469 1824 eorriyendum
1492 1782 1536 1813 V.
1561 1782 1610 1820 10,
1634 1784 1662 1812 5.

1086 1837 1193 1868 Invite
1216 1847 1277 1867 non
1300 1839 1347 1867 est
1373 1835 1530 1867 Ciceronis
1555 1835 1660 1867 VIII.
1683 1835 1712 1872 3,
1739 1837 1768 1866 4.

1087 1891 1262 1931 Involgare
1276 1891 1369 1932 salso
1392 1891 1453 1932 leq.
1477 1890 1526 1920 II.
1551 1890 1578 1928 1,
1602 1890 1631 1921 3.

1084 1946 1304 1978 Ioculatorem
1327 1946 1506 1977 vocabulum
1529 1945 1653 1977 dubium
1676 1945 1738 1976 IV.
1762 1946 1811 1983 16,
1836 1946 1865 1976 3.

1086 2001 1157 2041 Ipse
1180 1999 1391 2031 numeralibus
1421 1999 1496 2031 add.
1528 1999 1594 2039 III.
1628 2000 1686 2036 213
1722 2009 1784 2030 non
1813 1999 1942 2040 ponitur

1185 2064 1241 2093 pro
1264 2054 1291 2085 is
1314 2054 1382 2095 ipse
1404 2053 1449 2083 X.
1480 2053 1528 2090 14,
1560 2054 1597 2087 3;
1633 2066 1673 2080 z
1703 2063 1760 2094 per
1793 2063 1827 2084 se
1859 2052 1943 2084 XII.

1190 2109 1238 2146 14,
1261 2109 1290 2140 3.

1084 2162 1136 2193 Ire
1159 2163 1198 2193 ad
1222 2163 1379 2193 Bibulum
1405 2161 1453 2192 ΙΙ.
1477 2161 1527 2198 21,
1552 2162 1587 2193 5:
1611 2160 1651 2190 de
1666 2159 1813 2191 reXIV.
1828 2161 1879 2198 20,
1901 2162 1940 2196 4;

1168 2217 1201 2246 in
1225 2215 1401 2246 consilium
1425 2214 1527 2245 XIII.
1551 2214 1601 2251 49,
1626 2212 1662 2250 23
1690 2214 1721 2244 in
1747 2214 1856 2245 locuni
1875 2214 1941 2246 ΙΙΙ.

1168 2271 1217 2308 14,
1242 2271 1271 2301 2.

1086 2324 1153 2356 Ista
1176 2324 1239 2355 IV.
1263 2324 1290 2362 6,
1313 2324 1350 2361 2;
1374 2324 1464 2355 istim
1488 2324 1515 2354 I.
1542 2324 1591 2361 14,
1615 2325 1646 2354 4.

1088 2379 1134 2410 Ita
1160 2398 1198 2402 —
1221 2385 1258 2410 ut
1280 2392 1319 2406 =
1343 2388 1381 2409 ea
1403 2378 1592 2409 conditione
1614 2382 1651 2408 ut
1675 2376 1737 2406 lv.
1771 2376 1799 2414 2,
1833 2376 1867 2413 63
1897 2387 1943 2407 re-

1158 2432 1300 2464 strictive
1324 2432 1405 2464 VII.
1429 2432 1468 2463 13
1490 2442 1518 2470 a,
1543 2432 1572 2462 1.
1596 2430 1657 2462 XI.
1682 2431 1730 2467 15,
1757 2431 1783 2461 1.

1061 2467 1065 2532 ι
1089 2488 1137 2519 Ita
1160 2489 1270 2519 vivam
1294 2494 1330 2519 ut
1351 2488 1396 2519 V.
1420 2488 1469 2525 15,
1492 2487 1521 2518 2.

1062 2533 1066 2567 l
1090 2543 1183 2574 Itane
1208 2552 1287 2574 vero
1309 2542 1412 2573 XIV.
1436 2542 1484 2580 10,
1508 2541 1536 2572 Ι.

1063 2571 1067 2627 l
1091 2598 1208 2629 Iubere
1232 2607 1298 2628 oum
1320 2597 1387 2628 dat.
1410 2597 1562 2629 soloecum
1587 2596 1648 2629 IX.
1673 2596 1723 2636 13,
1746 2597 1780 2633 2.
1813 2606 1879 2627 cvm
1901 2593 1944 2625 in-

1225 2652 1289 2693 fin.
1313 2653 1375 2683 act.
1399 2651 1481 2683 VII.
1505 2651 1534 2690 3,
1558 2652 1607 2683 11.

1091 2706 1257 2738 Iucundus
1281 2706 1389 2749 differt
1412 2718 1432 2737 a
1455 2712 1548 2747 grato
1571 2707 1598 2738 I.
1621 2706 1651 2744 8,
1675 2705 1703 2738 Ι.

1093 2760 1260 2792 Iudicatus
1282 2759 1365 2791 XII.
1389 2760 1440 2799 19,
1463 2760 1482 2791 2
1504 2759 1580 2791 coll.
1606 2758 1707 2790 XIII.
1734 2760 1763 2796 6,
1787 2758 1814 2788 3.

1092 2816 1222 2847 Iudices
1244 2825 1263 2846 a
1288 2821 1435 2857 praetore
1457 2814 1534 2846 lect-i
1555 2814 1583 2846 Ι.
1606 2813 1658 2852 14,
1682 2812 1709 2844 1.

1243 2867 1404 2906 CCCLX,
1428 2867 1532 2908 VIII,
1555 2867 1605 2907 16,
1632 2869 1661 2900 2.

1093 2924 1219 2956 Iudicia
1241 2929 1353 2956 tenere
1376 2943 1416 2947 —
1437 2924 1554 2955 timere
1576 2922 1677 2955 XIII.
1700 2922 1748 2954 20.
1773 2921 1803 2951 4.

1094 2979 1256 3011 Iudicium
1278 2978 1357 3009 nolo
1378 2977 1441 3009 IV.
1465 2976 1494 3015 3,
1518 2976 1547 3007 2.
1569 2975 1703 3007 tacitum
1727 2974 1790 3006 IV.
1820 2973 1866 3012 17,
1891 2972 1919 3003 3.

1095 3033 1232 3064 Iunctus
1255 3032 1365 3073 aliqua
1386 3040 1421 3062 re
1443 3030 1470 3061 Ι.
1495 3030 1545 3068 19,
1569 3030 1597 3060 6.

1094 3086 1207 3117 Iurare
1229 3085 1382 3117 morbum
1405 3084 1432 3114 Ι.
1455 3083 1484 3121 1,
1509 3082 1537 3113 1.

1068 3168 1070 3186 Ι
1099 3140 1280 3172 Iuventatis
1303 3148 1391 3170 sacra
1416 3139 1443 3170 Ι.
1465 3138 1513 3174 18,
1536 3137 1565 3168 3.
