2062 3565
144 704 158 728 5

179 170 262 210 156
579 169 663 211 ΕΡ.
700 170 773 209 ΑΒ
806 169 852 209 T.
887 167 1237 210 POMPONIUM
1271 168 1536 211 ATTICUM.

775 355 891 397 XXI.
957 356 1023 409 (A.
1066 356 1111 396 U.
1146 353 1188 396 0.
1228 355 1345 410 707.)

241 473 280 512 1.
325 472 476 527 Accepi
520 484 578 512 vr.
628 471 722 512 Kal.
767 472 878 526 Sept.
927 470 1063 512 literas
1106 486 1129 511 a
1176 475 1216 511 te
1260 470 1373 513 datas
1415 484 1498 513 ΧΠ.
1542 471 1636 513 Kal.
1670 470 1941 528 doloremque,

176 558 294 598 quem
339 559 388 585 ex
431 543 576 595 Quinti
620 543 764 585 scelere
809 543 1047 599 iampridem
1095 548 1304 599 acceptum
1335 545 1416 586 iam
1450 542 1687 595 abieceram,
1720 544 1825 586 lecta
1857 545 1944 587 eius

176 617 343 673 epistola
385 617 665 672 gravissimum
711 617 813 672 cepi.
862 617 925 658 Tu
973 616 1048 657 etsi
1096 631 1178 657 non
1221 617 1390 672 potuisti
1441 617 1521 658 ullo
1570 616 1689 658 modo
1721 616 1864 667 facere,
1902 623 1946 660 ut

175 690 276 732 mihi
318 690 427 732 illam
478 690 688 746 epistolam
736 705 818 731 non
868 689 1061 739 mitteres,
1112 695 1248 731 tamen
1297 690 1457 732 mallem
1506 705 1587 732 non
1636 704 1720 731 esse
1769 690 1943 732 missam.

177 763 241 805 Ad
285 779 330 805 ea
374 768 523 814 autem,
569 778 669 818 quae
710 762 852 804 scribis
901 762 949 804 de
998 767 1255 814 testamento,
1289 763 1460 813 videbis,
1494 763 1593 819 quid
1627 769 1667 805 et
1699 779 1779 819 quo
1812 764 1944 806 modo.

177 839 237 880 De
285 837 418 879 numis
462 842 502 878 et
542 837 610 878 ina
643 838 700 878 sic
733 837 907 892 scripsit,
940 842 987 878 ut
1020 851 1093 891 ego
1127 836 1178 878 ad
1210 842 1251 878 te
1285 834 1417 888 antea,
1452 842 1492 879 et
1525 852 1611 888 nos,
1647 838 1681 879 si
1713 837 1812 893 quid
1846 853 1946 894 opus

177 911 265 961 erit,
309 915 470 952 utemur
513 925 561 951 ex
606 925 666 961 eo,
714 910 762 951 de
808 924 886 964 quo
920 908 1076 950 scribis.
1115 912 1154 950 2.
1189 909 1264 951 Ille
1299 909 1348 950 ad
1383 909 1478 951 Kal.
1512 911 1623 965 Sept.
1658 910 1832 952 Athenis
1864 926 1947 953 non

178 985 335 1026 videtur
382 983 479 1025 fore.
532 983 665 1025 Multa
715 998 806 1024 eum
847 983 890 1023 in
937 982 1033 1023 Asia
1080 981 1272 1023 dicuntur
1305 983 1464 1034 morari,
1500 983 1670 1024 maxime
1705 983 1946 1027 Pharnaces.

126 1069 163 1095 10
177 1058 301 1113 Legio
337 1070 434 1108 x11.,
469 1057 520 1098 ad
553 1072 673 1113 quam
707 1056 879 1112 primum
916 1055 1026 1097 Sulla
1060 1055 1184 1107 venit,
1218 1055 1422 1112 lapidibus
1455 1056 1583 1111 egisse
1617 1056 1820 1099 hominem
1850 1057 1948 1100 dici-

128 1439 160 1465 15

177 1136 257 1172 tur.
308 1130 474 1172 Nullam
520 1135 666 1186 putant
699 1144 738 1171 se
773 1134 1076 1170 commoturam.
1110 1128 1233 1170 Illum
1266 1127 1567 1170 arbitrabantur
1600 1129 1784 1185 protinus
1817 1130 1949 1172 Patris

177 1204 220 1246 in
266 1203 457 1245 Siciliam.
513 1202 605 1252 Sed,
653 1202 687 1243 si
731 1201 805 1243 hoc
846 1202 904 1242 ita
949 1207 1022 1252 est,
1069 1201 1148 1243 huc
1195 1202 1329 1243 veniat
1373 1217 1534 1244 necesse
1567 1208 1641 1244 est.
1697 1204 1757 1244 Ac
1790 1203 1947 1245 mallem

177 1277 310 1319 illinc:
347 1277 481 1332 aliquo
515 1278 621 1318 enim
656 1276 773 1317 modo
808 1275 903 1317 hinc
936 1276 1162 1317 evasissem.
1203 1276 1327 1317 Nunc
1362 1281 1511 1327 metuo,
1548 1291 1596 1318 ne
1630 1277 1684 1318 sit
1716 1282 1949 1333 exspectan-

179 1351 275 1393 dum
309 1358 349 1393 et
381 1366 471 1392 cum
506 1350 669 1406 reliquis
703 1349 824 1391 etiam
856 1349 934 1390 loci
957 1349 1131 1404 gravitas
1156 1349 1220 1390 hic
1244 1349 1464 1390 miserrime
1489 1349 1737 1405 perferenda.
1763 1352 1804 1392 3.
1829 1350 1948 1403 Quod

177 1441 240 1467 me
274 1440 411 1467 mones
444 1429 491 1466 ut
524 1439 584 1475 ea,
635 1438 736 1479 quae
770 1422 820 1464 ad
852 1428 1026 1477 tempUS,
1072 1421 1382 1473 accommodem,
1417 1421 1601 1473 facerem,
1638 1423 1672 1464 si
1704 1438 1767 1465 res
1795 1428 1948 1479 patere-

179 1504 244 1541 tur
278 1503 318 1541 et
351 1499 384 1540 si
428 1497 510 1540 ullo
543 1496 662 1539 modo
696 1497 780 1538 fieri
826 1500 973 1551 posset.
1008 1494 1086 1536 Sed
1118 1495 1163 1536 in
1193 1494 1317 1536 tantis
1350 1494 1498 1536 nostris
1532 1495 1709 1550 peccatis
1742 1496 1948 1552 tantisque

179 1578 401 1615 nostrorum
448 1571 609 1613 iniuriis
652 1570 755 1612 nihil
787 1575 861 1621 est,
897 1568 1005 1625 quod
1039 1573 1109 1610 aut
1141 1568 1269 1610 facere
1304 1568 1471 1623 dignum
1506 1567 1624 1610 nobis
1657 1573 1729 1610 aut
1761 1569 1949 1612 simulare

222 1737 261 1767 lo
283 1736 442 1778 lapidibus
463 1739 480 1773 †
501 1737 600 1778 eqisse
624 1755 664 1760 -
687 1736 722 1767 11
747 1735 947 1766 arbitrantur
970 1752 1010 1757 -
1034 1734 1073 1765 12
1096 1733 1220 1764 mallem
1242 1733 1332 1764 illum
1355 1751 1396 1757 —
1420 1733 1459 1764 14
1481 1733 1554 1763 huic
1576 1733 1769 1764 miserrimae
1791 1751 1833 1757 .-

223 1901 241 1940 ἓ
266 1901 295 1931 1.
325 1899 374 1930 De
403 1899 589 1929 testamento
623 1895 808 1927 Terentiae.
839 1894 879 1925 cf.
911 1904 960 1935 ep.
991 1894 1039 1931 16,

183 1958 212 1984 5.
235 1955 276 1985 22
298 1958 381 1985 extr.
405 1958 437 1984 et
459 1951 510 1988 25,
536 1951 565 1982 3.

226 2006 352 2037 Utemur
374 2015 413 2036 ea:
434 2015 479 2042 eo,
502 2004 542 2035 de
557 2013 615 2045 quo
627 2001 748 2032 scribis.
774 2001 916 2032 Utemur
930 2000 1040 2031 numis.
1066 2028 1067 2031 ,

181 2061 231 2092 Ita
254 2060 288 2091 in
312 2058 421 2090 verbis
444 2056 606 2087 Varronis
628 2056 668 2086 de
691 2064 726 2086 re
756 2058 832 2085 mst.
855 2053 935 2084 1.11
955 2059 1039 2084 extr.
1064 2091 1066 2103 ¹

183 2131 194 2141 υ
207 2115 244 2147 Si
267 2114 404 2145 omnino
427 2122 511 2153 aqua
538 2121 605 2142 non
630 2116 678 2141 est
707 2110 792 2146 viva,
816 2109 975 2140 cisternae
998 2107 1041 2138 fa-

178 2169 318 2200 ciundae
341 2167 403 2198 sub
425 2166 518 2197 tectis
542 2170 575 2196 et
596 2165 686 2195 lacus
709 2163 770 2194 sub
794 2162 858 2199 dio,
883 2171 925 2192 ex
939 2161 1041 2192 altero

178 2224 252 2254 loco
272 2228 310 2254 ut
330 2221 491 2257 homines,
515 2229 557 2251 ex
588 2219 692 2250 altero
722 2223 757 2248 ut
779 2227 878 2258 pecus
900 2217 948 2248 uti
971 2226 1041 2257 pos-

177 2277 244 2309 sit’''
276 2275 477 2306 audiendum
506 2278 554 2304 est
584 2273 624 2303 ad
647 2282 676 2301 v.
712 2271 758 2301 uli
781 2281 797 2302 e
820 2270 1041 2310 praecedenti-

177 2330 238 2360 bus
261 2338 353 2369 aqua.

219 2382 237 2422 ξ
260 2381 290 2411 2.
314 2379 404 2410 Sulla
429 2384 475 2410 est
499 2377 536 2409 P.
563 2376 669 2414 Sulla,
693 2386 792 2417 quem
815 2386 842 2406 a.
867 2375 928 2406 692
950 2376 990 2406 de
1007 2375 1039 2405 vi

176 2439 364 2466 accusatum
399 2431 514 2463 Cicero
549 2429 750 2463 defenderat,
788 2428 909 2469 quique
939 2433 969 2459 et
999 2428 1039 2458 ad

176 2488 396 2530 Dyrrachium
425 2491 458 2518 et
487 2486 522 2516 in
553 2494 664 2526 pugna
694 2483 884 2514 Pharsalica
907 2482 1039 2513 Caesari

176 2542 292 2575 adfuit.
321 2541 356 2573 cf
394 2540 487 2572 Caes.
513 2539 550 2570 B.
578 2538 613 2570 C.
638 2538 704 2569 ΙΙΙ.
720 2537 757 2568 51
779 2544 809 2568 et
828 2537 876 2567 89.
901 2536 1037 2567 Prin-mm
1062 2560 1063 2578 3

176 2596 204 2627 Ι.
235 2594 275 2626 F.
305 2593 492 2625 Gronovius
522 2591 661 2622 mutavit
682 2591 717 2621 in
738 2590 878 2629 primam,
899 2589 1039 2629 adscrip-
1061 2612 1063 2620 .

176 2648 302 2689 sitque:
327 2656 369 2678 sc.
394 2655 516 2681 earum,
540 2653 620 2685 quas
644 2652 687 2674 ex
708 2642 805 2673 Italia
828 2642 864 2672 in
888 2641 1037 2672 Siciliam
1061 2654 1063 2662 ι

176 2703 295 2733 ducere
318 2700 424 2731 iussus
447 2702 524 2729 erat.
548 2696 589 2727 cf.
613 2695 750 2727 Observ.
775 2695 816 2729 (Ι.
841 2694 886 2736 7),

217 2753 388 2794 Lapidibus
419 2750 526 2792 eqisse.
563 2748 708 2781 Orellius
731 2748 875 2780 malebat
897 2747 1035 2777 eiecisse.
1060 2762 1062 2775 ι

177 2808 254 2838 Non
278 2806 374 2837 video
401 2812 503 2844 quare
534 2812 628 2841 assere
657 2801 767 2832 minus
790 2800 962 2831 ferendum
985 2799 1036 2836 sit,
1060 2813 1062 2823 ›

175 2873 276 2905 quam
291 2861 425 2903 pellere,
447 2868 512 2900 quo
534 2858 637 2888 utitur
659 2857 694 2888 in
717 2857 778 2887 hac
800 2865 844 2892 re,
868 2865 908 2896 ep
944 2855 993 2891 22,
1007 2855 1036 2885 2.
1060 2859 1061 2907 l

176 2915 304 2946 Nullam
312 2915 430 2955 putant
444 2922 479 2943 se
493 2913 709 2942 commoturum
726 2919 757 2940 o:
775 2909 898 2940 milites
914 2915 1038 2948 negant
1059 2910 1061 2953 ]

178 2978 212 3001 se
233 2977 375 3008 usquam
397 2966 444 2997 ire
466 2964 563 3000 velle,
587 2963 650 2994 nisi
673 2962 827 3003 praemiis
850 2961 990 3002 acceptis

219 3020 315 3052 Illum
345 3017 582 3050 arbitrabantur
609 3015 755 3055 protinus
779 3014 884 3045 Patris
906 3014 939 3044 irc
962 3013 1036 3044 Sici·
1058 3014 1062 3047 l

177 3075 263 3105 liam.
286 3072 521 3114 Imperfectum
542 3069 693 3100 revocavi
717 3078 734 3099 e
760 3068 910 3099 Mediceo
925 3073 1037 3107 estque
1059 3056 1061 3084 Ι

179 3137 310 3169 prorsus
332 3124 563 3158 necessarium.
595 3121 769 3154 Sententia
790 3121 871 3153 haec
893 3126 956 3152 est:
980 3130 1037 3161 pu-

180 3181 292 3213 taba-nt-
304 3179 476 3212 Caesarem
495 3176 602 3209 Patris
617 3186 680 3207 non
702 3175 917 3207 transiturum
931 3174 1034 3206 Brun-

1065 1894 1068 1950 }
1091 1893 1221 1930 disium,
1245 1893 1302 1924 sed
1324 1893 1490 1924 maritimo
1510 1902 1607 1924 cursu
1625 1893 1659 1923 in
1676 1892 1827 1924 Siciliam
1838 1893 1950 1924 traiec-

1066 1969 1067 1973 =
1091 1952 1217 1984 turum,
1241 1948 1298 1978 sed
1321 1957 1410 1978 nunc
1432 1947 1608 1978 consilium
1630 1946 1780 1978 mutabit.

1133 2001 1180 2031 Ac
1213 2001 1338 2031 mallem
1372 2000 1475 2031 illinc.
1513 2001 1554 2031 In
1591 2000 1684 2031 codd.
1720 1999 1880 2041 scriptura
1911 2010 1950 2030 ac

1090 2055 1213 2085 manem
1240 2054 1330 2084 mum
1362 2054 1399 2086 C.
1430 2053 1468 2085 F.
1500 2043 1715 2086 Hermannus
1737 2053 1860 2085 Philol.
1883 2053 1952 2085 111.

1090 2119 1120 2149 p.
1156 2108 1216 2139 106
1245 2113 1349 2139 mutat
1378 2108 1465 2138 ilum.
1504 2108 1581 2138 Non
1612 2107 1749 2144 fecisset,
1773 2107 1900 2147 opinor,
1923 2106 1950 2138 si

1091 2161 1287 2202 inspexisset
1308 2160 1540 2201 Wesenbergii
1574 2160 1716 2192 Emend.
1745 2170 1766 2201 p
1799 2159 1869 2190 126.
1893 2159 1950 2190 ubi

1089 2214 1176 2244 illum
1201 2219 1349 2244 mutatur
1371 2214 1405 2244 in
1430 2213 1532 2244 illinc.
1567 2213 1595 2244 E
1618 2213 1779 2254 scriptura
1798 2212 1879 2243 illim
1901 2222 1951 2243 01·-

1088 2272 1160 2297 tum
1182 2271 1230 2297 est
1252 2265 1352 2296 illum.
1391 2265 1469 2297 Sive
1499 2271 1609 2297 autem
1643 2265 1743 2302 illinc,
1777 2265 1847 2296 sive
1869 2264 1953 2296 illud

1089 2318 1280 2356 restitueris,
1304 2318 1366 2349 hoc
1388 2318 1484 2356 dicet,
1508 2328 1542 2349 se
1565 2318 1664 2349 malle
1688 2317 1864 2350 Caesarem
1879 2327 1950 2359 pro·

1089 2371 1178 2402 tinus
1202 2370 1311 2402 Patris
1334 2371 1368 2402 in
1392 2371 1542 2403 Siciliam
1565 2371 1621 2408 ire,
1644 2380 1744 2412 quam
1760 2370 1824 2401 iter
1844 2369 1951 2401 faeere

1087 2434 1145 2466 per
1166 2425 1310 2456 Italiam.
1340 2425 1382 2455 Iu
1405 2434 1494 2466 seqq.
1528 2423 1687 2456 Graevius
1720 2424 1807 2455 male
1838 2423 1950 2455 reiecit

1087 2479 1186 2510 modo.

1129 2532 1205 2563 Loci
1222 2531 1368 2572 yravz'las
1400 2542 1432 2563 o:
1467 2531 1611 2572 gravitas
1645 2530 1744 2562 huius
1775 2530 1868 2568 caeli,
1900 2540 1949 2571 ep.

1062 2582 1063 2587 ’
1087 2586 1136 2623 22,
1150 2586 1178 2616 2.
1202 2585 1318 2616 Utitur
1340 2586 1455 2616 eadem
1467 2584 1688 2625 appellatione
1700 2583 1818 2614 Livius
1833 2582 1950 2614 XXV.

1088 2638 1128 2669 26
1153 2643 1235 2669 extr.

1126 2692 1193 2723 Hic
1209 2693 1390 2723 miserrime.
1412 2691 1593 2725 Fluctuant
1608 2691 1751 2722 editores
1764 2691 1853 2722 inter
1865 2690 1950 2721 hanc

1087 2747 1265 2778 lectionem
1277 2752 1309 2778 et
1320 2746 1392 2776 huic
1408 2745 1600 2775 miserrimae
1615 2745 1703 2785 quod
1717 2743 1835 2775 Scidae
1846 2743 1951 2774 Wirz.

1088 2803 1178 2840 dant,
1201 2811 1305 2842 quum
1325 2801 1385 2832 cod
1419 2801 1508 2831 Med.
1531 2800 1586 2831 det
1598 2799 1670 2829 huic
1682 2798 1860 2830 miserrime.
1885 2797 1952 2829 Sed

1087 2866 1190 2897 quum
1212 2856 1246 2886 in
1270 2865 1336 2896 seq.
1359 2855 1451 2895 epist.
1476 2863 1576 2894 grave
1607 2854 1691 2884 illud
1724 2853 1857 2884 coelum
1886 2852 1948 2883 sibi

1088 2913 1264 2944 molestum
1287 2921 1356 2943 esse
1379 2917 1564 2952 quaeratur,
1587 2915 1624 2941 ut
1645 2909 1709 2940 XI.
1734 2911 1762 2947 5,
1786 2911 1805 2940 3
1830 2909 1860 2940 ei
1895 2910 1950 2940 tri-

1059 2971 1061 2996 l
1088 2967 1158 2998 buit
1180 2966 1318 3006 eorporis
1339 2965 1520 3002 molestiam,
1556 2970 1586 2997 et
1608 2974 1711 3005 quum
1733 2964 1873 2995 dubium
1896 2963 1949 2999 sit,

1087 3029 1129 3050 an
1151 3018 1273 3055 Tullia,
1297 3028 1364 3059 quo
1387 3024 1534 3059 tempore
1555 3018 1617 3049 hae
1633 3017 1747 3048 literae
1759 3017 1854 3048 datae
1865 3021 1949 3052 sunt,

1086 3082 1153 3103 non
1176 3071 1317 3112 amplius
1338 3072 1509 3102 Brundisii
1527 3071 1635 3108 fuerit,
1661 3069 1778 3104 Orellii
1792 3069 1950 3100 iudicium

1086 3136 1154 3157 non
1177 3134 1305 3166 sequor.

1130 3179 1195 3217 §a
1227 3177 1264 3208 U!
1290 3188 1335 3215 ea,
1367 3188 1444 3220 qaae
1475 3177 1519 3208 ad
1553 3181 1683 3223 tmpus,
1715 3175 1948 3208 accommodem.

2060 2171 2062 2197 l

2061 2199 2062 2223 l

2060 2226 2062 2255 l
