<?xml version="1.0" encoding="UTF-8"?>
<!DOCTYPE html PUBLIC "-//W3C//DTD XHTML 1.0 Transitional//EN"
    "http://www.w3.org/TR/xhtml1/DTD/xhtml1-transitional.dtd">
<html xmlns="http://www.w3.org/1999/xhtml" xml:lang="en" lang="en">
 <head>
  <title>
</title>
<meta http-equiv="Content-Type" content="text/html;charset=utf-8" />
  <meta name='ocr-system' content='tesseract 3.04.00' />
  <meta name='ocr-capabilities' content='ocr_page ocr_carea ocr_par ocr_line ocrx_word'/>
</head>
<body>
  <div class='ocr_page' id='page_1' title='image "./epistolarumadtpo02ciceuoft_0290.png"; bbox 0 0 2062 3565; ppageno 0'>
   <div class='ocr_carea' id='block_1_1' title="bbox 154 121 1508 166">
    <p class='ocr_par' dir='ltr' id='par_1_1' title="bbox 154 121 1508 166">
     <span class='ocr_line' id='line_1_1' title="bbox 154 121 1508 166; baseline -0.002 -1"><span class='ocrx_word' id='word_1_1' title='bbox 154 126 238 166; x_wconf 61' lang='lat'><strong>280</strong></span> <span class='ocrx_word' id='word_1_2' title='bbox 554 125 635 165; x_wconf 86' lang='grc' dir='ltr'><strong>ΕΡ.</strong></span> <span class='ocrx_word' id='word_1_3' title='bbox 672 124 746 164; x_wconf 78' lang='lat' dir='ltr'><strong>AD</strong></span> <span class='ocrx_word' id='word_1_4' title='bbox 780 123 826 163; x_wconf 86' lang='grc' dir='ltr'><strong>Τ.</strong></span> <span class='ocrx_word' id='word_1_5' title='bbox 861 122 1210 163; x_wconf 87' lang='lat' dir='ltr'>POMPONIUM</span> <span class='ocrx_word' id='word_1_6' title='bbox 1246 121 1508 163; x_wconf 76' lang='lat' dir='ltr'><strong>ATTICUM.</strong></span> 
     </span>
    </p>
   </div>
   <div class='ocr_carea' id='block_1_2' title="bbox 123 256 1916 607">
    <p class='ocr_par' dir='ltr' id='par_1_2' title="bbox 123 256 1916 607">
     <span class='ocr_line' id='line_1_2' title="bbox 153 256 1912 312; baseline -0.002 -10"><span class='ocrx_word' id='word_1_7' title='bbox 153 260 345 302; x_wconf 82' lang='lat' dir='ltr'><strong>Antonio.</strong></span> <span class='ocrx_word' id='word_1_8' title='bbox 410 258 624 299; x_wconf 83' lang='lat' dir='ltr'><strong>Buthrotia</strong></span> <span class='ocrx_word' id='word_1_9' title='bbox 667 256 768 297; x_wconf 88' lang='lat' dir='ltr'><strong>mihi</strong></span> <span class='ocrx_word' id='word_1_10' title='bbox 809 262 880 297; x_wconf 91' lang='lat' dir='ltr'><strong>tua</strong></span> <span class='ocrx_word' id='word_1_11' title='bbox 922 271 986 297; x_wconf 86' lang='lat' dir='ltr'><strong>res</strong></span> <span class='ocrx_word' id='word_1_12' title='bbox 1029 262 1102 307; x_wconf 89' lang='lat' dir='ltr'><strong>est,</strong></span> <span class='ocrx_word' id='word_1_13' title='bbox 1147 262 1192 298; x_wconf 90' lang='lat' dir='ltr'><strong>ut</strong></span> <span class='ocrx_word' id='word_1_14' title='bbox 1239 256 1375 308; x_wconf 87' lang='lat' dir='ltr'><strong>debet,</strong></span> <span class='ocrx_word' id='word_1_15' title='bbox 1408 257 1562 312; x_wconf 86' lang='lat' dir='ltr'><strong>eritque</strong></span> <span class='ocrx_word' id='word_1_16' title='bbox 1596 272 1727 299; x_wconf 86' lang='lat' dir='ltr'><strong>curae.</strong></span> <span class='ocrx_word' id='word_1_17' title='bbox 1792 256 1912 303; x_wconf 79' lang='lat' dir='ltr'><strong>Quod</strong></span> 
     </span>
     <span class='ocr_line' id='line_1_3' title="bbox 153 329 1914 388; baseline -0.001 -13"><span class='ocrx_word' id='word_1_18' title='bbox 153 333 309 388; x_wconf 85' lang='lat' dir='ltr'><strong>quaeris</strong></span> <span class='ocrx_word' id='word_1_19' title='bbox 354 333 485 373; x_wconf 87' lang='lat' dir='ltr'><strong>iamne</strong></span> <span class='ocrx_word' id='word_1_20' title='bbox 529 330 580 372; x_wconf 88' lang='lat' dir='ltr'><strong>ad</strong></span> <span class='ocrx_word' id='word_1_21' title='bbox 613 335 783 372; x_wconf 87' lang='lat' dir='ltr'><strong>centena</strong></span> <span class='ocrx_word' id='word_1_22' title='bbox 816 329 1082 372; x_wconf 79' lang='lat' dir='ltr'><strong>Cluvianum:</strong></span> <span class='ocrx_word' id='word_1_23' title='bbox 1128 331 1342 373; x_wconf 85' lang='lat' dir='ltr'><strong>adventare</strong></span> <span class='ocrx_word' id='word_1_24' title='bbox 1384 331 1565 383; x_wconf 84' lang='lat' dir='ltr'><strong>videtur3</strong></span> <span class='ocrx_word' id='word_1_25' title='bbox 1600 331 1754 373; x_wconf 88' lang='lat' dir='ltr'><strong>scilicet</strong></span> <span class='ocrx_word' id='word_1_26' title='bbox 1786 331 1914 387; x_wconf 88' lang='lat' dir='ltr'><strong>primo</strong></span> 
     </span>
     <span class='ocr_line' id='line_1_4' title="bbox 152 393 1915 460; baseline -0.001 -13"><span class='ocrx_word' id='word_1_27' title='bbox 152 421 256 447; x_wconf 85' lang='lat' dir='ltr'><strong>anno</strong></span> <span class='ocrx_word' id='word_1_28' title='bbox 291 402 427 446; x_wconf 65' lang='lat' dir='ltr'><strong>mcxx.</strong></span> <span class='ocrx_word' id='word_1_29' title='bbox 460 403 712 445; x_wconf 76' lang='lat' dir='ltr'><strong>detersimus.</strong></span> <span class='ocrx_word' id='word_1_30' title='bbox 749 405 790 444; x_wconf 81' lang='lat'><strong>4..</strong></span> <span class='ocrx_word' id='word_1_31' title='bbox 815 393 876 455; x_wconf 77' lang='lat' dir='ltr'><strong>Q.</strong></span> <span class='ocrx_word' id='word_1_32' title='bbox 910 408 1022 459; x_wconf 88' lang='lat' dir='ltr'><strong>pater</strong></span> <span class='ocrx_word' id='word_1_33' title='bbox 1055 403 1106 445; x_wconf 89' lang='lat' dir='ltr'><strong>ad</strong></span> <span class='ocrx_word' id='word_1_34' title='bbox 1140 419 1202 445; x_wconf 90' lang='lat' dir='ltr'><strong>me</strong></span> <span class='ocrx_word' id='word_1_35' title='bbox 1236 404 1372 459; x_wconf 80' lang='lat' dir='ltr'><strong>gravia</strong></span> <span class='ocrx_word' id='word_1_36' title='bbox 1405 404 1455 446; x_wconf 91' lang='lat' dir='ltr'><strong>de</strong></span> <span class='ocrx_word' id='word_1_37' title='bbox 1488 404 1585 456; x_wconf 90' lang='lat' dir='ltr'><strong>filio,</strong></span> <span class='ocrx_word' id='word_1_38' title='bbox 1609 405 1780 446; x_wconf 81' lang='lat' dir='ltr'>maxime</span> <span class='ocrx_word' id='word_1_39' title='bbox 1806 404 1915 460; x_wconf 91' lang='lat' dir='ltr'><strong>quod</strong></span> 
     </span>
     <span class='ocr_line' id='line_1_5' title="bbox 152 476 1916 532; baseline 0 -12"><span class='ocrx_word' id='word_1_40' title='bbox 152 478 270 520; x_wconf 87' lang='lat' dir='ltr'><strong>matri</strong></span> <span class='ocrx_word' id='word_1_41' title='bbox 312 493 420 520; x_wconf 88' lang='lat' dir='ltr'><strong>nunc</strong></span> <span class='ocrx_word' id='word_1_42' title='bbox 452 476 676 532; x_wconf 70' lang='lat' dir='ltr'>indulgeat,</span> <span class='ocrx_word' id='word_1_43' title='bbox 711 477 775 518; x_wconf 92' lang='lat' dir='ltr'><strong>cui</strong></span> <span class='ocrx_word' id='word_1_44' title='bbox 809 481 927 518; x_wconf 88' lang='lat' dir='ltr'><strong>antea</strong></span> <span class='ocrx_word' id='word_1_45' title='bbox 960 476 1061 519; x_wconf 88' lang='lat' dir='ltr'><strong>bene</strong></span> <span class='ocrx_word' id='word_1_46' title='bbox 1096 479 1266 520; x_wconf 88' lang='lat' dir='ltr'><strong>merenti</strong></span> <span class='ocrx_word' id='word_1_47' title='bbox 1299 478 1422 520; x_wconf 87' lang='lat' dir='ltr'><strong>fuerit</strong></span> <span class='ocrx_word' id='word_1_48' title='bbox 1454 478 1658 520; x_wconf 88' lang='lat' dir='ltr'><strong>inimicus.</strong></span> <span class='ocrx_word' id='word_1_49' title='bbox 1716 477 1916 520; x_wconf 72' lang='lat' dir='ltr'><strong>Ardentes</strong></span> 
     </span>
     <span class='ocr_line' id='line_1_6' title="bbox 123 549 1915 607; baseline -0.001 -13"><span class='ocrx_word' id='word_1_50' title='bbox 123 553 195 594; x_wconf 88' lang='lat' dir='ltr'><strong>5in</strong></span> <span class='ocrx_word' id='word_1_51' title='bbox 238 567 330 593; x_wconf 90' lang='lat' dir='ltr'><strong>eum</strong></span> <span class='ocrx_word' id='word_1_52' title='bbox 374 550 509 592; x_wconf 89' lang='lat' dir='ltr'><strong>literas</strong></span> <span class='ocrx_word' id='word_1_53' title='bbox 554 549 606 592; x_wconf 91' lang='lat' dir='ltr'><strong>ad</strong></span> <span class='ocrx_word' id='word_1_54' title='bbox 648 566 710 592; x_wconf 90' lang='lat' dir='ltr'><strong>me</strong></span> <span class='ocrx_word' id='word_1_55' title='bbox 756 550 880 592; x_wconf 91' lang='lat' dir='ltr'><strong>misit.</strong></span> <span class='ocrx_word' id='word_1_56' title='bbox 946 550 1020 592; x_wconf 80' lang='lat' dir='ltr'><strong>Ele</strong></span> <span class='ocrx_word' id='word_1_57' title='bbox 1054 557 1189 593; x_wconf 87' lang='lat' dir='ltr'><strong>autem</strong></span> <span class='ocrx_word' id='word_1_58' title='bbox 1223 552 1319 607; x_wconf 89' lang='lat' dir='ltr'><strong>quid</strong></span> <span class='ocrx_word' id='word_1_59' title='bbox 1354 557 1460 607; x_wconf 89' lang='lat' dir='ltr'><strong>agat,</strong></span> <span class='ocrx_word' id='word_1_60' title='bbox 1495 552 1529 594; x_wconf 87' lang='lat' dir='ltr'><strong>si</strong></span> <span class='ocrx_word' id='word_1_61' title='bbox 1562 552 1654 604; x_wconf 88' lang='lat' dir='ltr'><strong>scis,</strong></span> <span class='ocrx_word' id='word_1_62' title='bbox 1686 551 1915 607; x_wconf 83' lang='lat' dir='ltr'><strong>nequedum</strong></span> 
     </span>
    </p>
   </div>
   <div class='ocr_carea' id='block_1_3' title="bbox 152 623 1915 741">
    <p class='ocr_par' dir='ltr' id='par_1_3' title="bbox 152 623 1915 741">
     <span class='ocr_line' id='line_1_7' title="bbox 153 623 1915 681; baseline -0.001 -13"><span class='ocrx_word' id='word_1_63' title='bbox 153 626 279 668; x_wconf 83' lang='lat' dir='ltr'><strong>Roma</strong></span> <span class='ocrx_word' id='word_1_64' title='bbox 312 641 353 667; x_wconf 87' lang='lat' dir='ltr'><strong>es</strong></span> <span class='ocrx_word' id='word_1_65' title='bbox 387 624 603 681; x_wconf 79' lang='lat' dir='ltr'><strong>profectUS,</strong></span> <span class='ocrx_word' id='word_1_66' title='bbox 641 623 793 666; x_wconf 85' lang='lat' dir='ltr'><strong>scribas</strong></span> <span class='ocrx_word' id='word_1_67' title='bbox 826 623 876 666; x_wconf 88' lang='lat' dir='ltr'><strong>ad</strong></span> <span class='ocrx_word' id='word_1_68' title='bbox 909 640 972 666; x_wconf 89' lang='lat' dir='ltr'><strong>me</strong></span> <span class='ocrx_word' id='word_1_69' title='bbox 1007 625 1140 676; x_wconf 90' lang='lat' dir='ltr'><strong>velim,</strong></span> <span class='ocrx_word' id='word_1_70' title='bbox 1176 632 1216 667; x_wconf 92' lang='lat' dir='ltr'><strong>et</strong></span> <span class='ocrx_word' id='word_1_71' title='bbox 1249 626 1424 678; x_wconf 84' lang='lat' dir='ltr'><strong>hercule,</strong></span> <span class='ocrx_word' id='word_1_72' title='bbox 1459 626 1493 668; x_wconf 83' lang='lat' dir='ltr'><strong>si</strong></span> <span class='ocrx_word' id='word_1_73' title='bbox 1528 626 1626 681; x_wconf 91' lang='lat' dir='ltr'><strong>quid</strong></span> <span class='ocrx_word' id='word_1_74' title='bbox 1658 625 1783 668; x_wconf 85' lang='lat' dir='ltr'><strong>aliud.</strong></span> <span class='ocrx_word' id='word_1_75' title='bbox 1839 626 1915 667; x_wconf 86' lang='lat' dir='ltr'><strong>Ve-</strong></span> 
     </span>
     <span class='ocr_line' id='line_1_8' title="bbox 152 697 857 741; baseline -0.004 0"><span class='ocrx_word' id='word_1_76' title='bbox 152 699 356 741; x_wconf 86' lang='lat' dir='ltr'><strong>hementer</strong></span> <span class='ocrx_word' id='word_1_77' title='bbox 390 697 565 739; x_wconf 87' lang='lat' dir='ltr'><strong>delector</strong></span> <span class='ocrx_word' id='word_1_78' title='bbox 598 698 681 739; x_wconf 87' lang='lat' dir='ltr'><strong>tuis</strong></span> <span class='ocrx_word' id='word_1_79' title='bbox 715 697 857 739; x_wconf 87' lang='lat' dir='ltr'><strong>literis.</strong></span> 
     </span>
    </p>
   </div>
   <div class='ocr_carea' id='block_1_4' title="bbox 193 862 473 903">
    <p class='ocr_par' dir='ltr' id='par_1_4' title="bbox 193 862 473 903">
     <span class='ocr_line' id='line_1_9' title="bbox 193 862 473 903; baseline -0.004 -9"><span class='ocrx_word' id='word_1_80' title='bbox 193 863 214 894; x_wconf 77' lang='lat'><strong>2</strong></span> <span class='ocrx_word' id='word_1_81' title='bbox 234 862 293 894; x_wconf 74' lang='lat' dir='ltr'><strong>sed</strong></span> <span class='ocrx_word' id='word_1_82' title='bbox 306 862 410 903; x_wconf 84' lang='lat' dir='ltr'><strong>primo</strong></span> <span class='ocrx_word' id='word_1_83' title='bbox 433 879 473 885; x_wconf 89' lang='lat'><em>-</em></span> 
     </span>
    </p>
   </div>
   <div class='ocr_carea' id='block_1_5' title="bbox 151 1016 1924 1287">
    <p class='ocr_par' dir='ltr' id='par_1_5' title="bbox 151 1016 1924 1287">
     <span class='ocr_line' id='line_1_10' title="bbox 151 1016 1920 1070; baseline 0.002 -14"><span class='ocrx_word' id='word_1_84' title='bbox 151 1016 272 1068; x_wconf 65' lang='grc' dir='ltr'><em>θεμιν,</em></span> <span class='ocrx_word' id='word_1_85' title='bbox 304 1023 392 1064; x_wconf 91' lang='lat' dir='ltr'><strong>quod</strong></span> <span class='ocrx_word' id='word_1_86' title='bbox 420 1022 677 1063; x_wconf 78' lang='lat' dir='ltr'><strong>interpretantur</strong></span> <span class='ocrx_word' id='word_1_87' title='bbox 699 1022 920 1054; x_wconf 76' lang='lat' dir='ltr'><strong>tumultuosam</strong></span> <span class='ocrx_word' id='word_1_88' title='bbox 944 1032 1013 1054; x_wconf 79' lang='lat' dir='ltr'><strong>con·</strong></span> <span class='ocrx_word' id='word_1_89' title='bbox 1058 1031 1197 1057; x_wconf 78' lang='lat' dir='ltr'><strong>centena</strong></span> <span class='ocrx_word' id='word_1_90' title='bbox 1220 1027 1297 1058; x_wconf 86' lang='lat' dir='ltr'><strong>inde</strong></span> <span class='ocrx_word' id='word_1_91' title='bbox 1321 1028 1459 1068; x_wconf 80' lang='lat' dir='ltr'><strong>capiam.</strong></span> <span class='ocrx_word' id='word_1_92' title='bbox 1483 1028 1526 1059; x_wconf 85' lang='lat' dir='ltr'><strong>Et</strong></span> <span class='ocrx_word' id='word_1_93' title='bbox 1548 1038 1590 1061; x_wconf 89' lang='lat' dir='ltr'><strong>ne</strong></span> <span class='ocrx_word' id='word_1_94' title='bbox 1612 1029 1757 1069; x_wconf 85' lang='lat' dir='ltr'><strong>gratuito</strong></span> <span class='ocrx_word' id='word_1_95' title='bbox 1780 1029 1841 1060; x_wconf 88' lang='lat' dir='ltr'><strong>hoc</strong></span> <span class='ocrx_word' id='word_1_96' title='bbox 1863 1039 1920 1070; x_wconf 89' lang='lat' dir='ltr'><strong>po—</strong></span> 
     </span>
     <span class='ocr_line' id='line_1_11' title="bbox 152 1074 1920 1124; baseline 0.003 -14"><span class='ocrx_word' id='word_1_97' title='bbox 152 1078 330 1110; x_wconf 70' lang='lat' dir='ltr'><strong>tentionem.</strong></span> <span class='ocrx_word' id='word_1_98' title='bbox 347 1077 447 1110; x_wconf 88' lang='lat' dir='ltr'><strong>Grou.</strong></span> <span class='ocrx_word' id='word_1_99' title='bbox 463 1078 497 1109; x_wconf 90' lang='lat' dir='ltr'><strong>in</strong></span> <span class='ocrx_word' id='word_1_100' title='bbox 510 1078 639 1110; x_wconf 84' lang='lat' dir='ltr'><strong>schedis</strong></span> <span class='ocrx_word' id='word_1_101' title='bbox 654 1078 798 1110; x_wconf 80' lang='lat' dir='ltr'><strong>malebat</strong></span> <span class='ocrx_word' id='word_1_102' title='bbox 811 1074 1011 1124; x_wconf 67' lang='grc' dir='ltr'><em>ῥηξίᾶεμιν,</em></span> <span class='ocrx_word' id='word_1_103' title='bbox 1058 1090 1137 1113; x_wconf 87' lang='lat' dir='ltr'><strong>nere</strong></span> <span class='ocrx_word' id='word_1_104' title='bbox 1160 1081 1319 1119; x_wconf 84' lang='lat' dir='ltr'><strong>videatur,</strong></span> <span class='ocrx_word' id='word_1_105' title='bbox 1342 1082 1448 1114; x_wconf 79' lang='lat' dir='ltr'><strong>addit:</strong></span> <span class='ocrx_word' id='word_1_106' title='bbox 1471 1082 1594 1114; x_wconf 74' lang='lat' dir='ltr'><strong>scilieet</strong></span> <span class='ocrx_word' id='word_1_107' title='bbox 1628 1083 1689 1122; x_wconf 78' lang='lat' dir='ltr'><strong>(ita</strong></span> <span class='ocrx_word' id='word_1_108' title='bbox 1709 1083 1920 1115; x_wconf 82' lang='lat' dir='ltr'><strong>scribendum</strong></span> 
     </span>
     <span class='ocr_line' id='line_1_12' title="bbox 152 1134 1920 1177; baseline 0.001 -11"><span class='ocrx_word' id='word_1_109' title='bbox 152 1134 354 1166; x_wconf 70' lang='lat' dir='ltr'><strong>discordiam.</strong></span> <span class='ocrx_word' id='word_1_110' title='bbox 377 1135 561 1176; x_wconf 83' lang='lat' dir='ltr'><strong>Utriusque</strong></span> <span class='ocrx_word' id='word_1_111' title='bbox 582 1134 737 1165; x_wconf 83' lang='lat' dir='ltr'><strong>vocabuli</strong></span> <span class='ocrx_word' id='word_1_112' title='bbox 751 1135 944 1176; x_wconf 84' lang='lat' dir='ltr'><strong>exemplum</strong></span> <span class='ocrx_word' id='word_1_113' title='bbox 960 1136 1014 1167; x_wconf 88' lang='lat' dir='ltr'><strong>de·</strong></span> <span class='ocrx_word' id='word_1_114' title='bbox 1060 1143 1140 1171; x_wconf 85' lang='lat' dir='ltr'><strong>esse,</strong></span> <span class='ocrx_word' id='word_1_115' title='bbox 1170 1144 1238 1165; x_wconf 86' lang='lat' dir='ltr'><strong>non</strong></span> <span class='ocrx_word' id='word_1_116' title='bbox 1267 1134 1331 1172; x_wconf 78' lang='lat' dir='ltr'><strong>sed,</strong></span> <span class='ocrx_word' id='word_1_117' title='bbox 1365 1135 1478 1166; x_wconf 87' lang='lat' dir='ltr'><strong>docuit</strong></span> <span class='ocrx_word' id='word_1_118' title='bbox 1499 1135 1758 1177; x_wconf 82' lang='lat' dir='ltr'><strong>Wesenbergius</strong></span> <span class='ocrx_word' id='word_1_119' title='bbox 1780 1136 1920 1168; x_wconf 90' lang='lat' dir='ltr'><strong>Emend.</strong></span> 
     </span>
     <span class='ocr_line' id='line_1_13' title="bbox 153 1183 1924 1232; baseline 0.001 -12"><span class='ocrx_word' id='word_1_120' title='bbox 153 1189 270 1220; x_wconf 87' lang='lat' dir='ltr'><strong>sidero.</strong></span> <span class='ocrx_word' id='word_1_121' title='bbox 282 1187 463 1229; x_wconf 87' lang='lat' dir='ltr'><strong>Scripsitne</strong></span> <span class='ocrx_word' id='word_1_122' title='bbox 477 1187 609 1219; x_wconf 87' lang='lat' dir='ltr'><strong>Cicero:</strong></span> <span class='ocrx_word' id='word_1_123' title='bbox 623 1183 721 1232; x_wconf 82' lang='grc' dir='ltr'>ῥήξει</span> <span class='ocrx_word' id='word_1_124' title='bbox 738 1184 841 1231; x_wconf 66' lang='grc' dir='ltr'>θέμις</span> <span class='ocrx_word' id='word_1_125' title='bbox 858 1197 1013 1228; x_wconf 74' lang='lat' dir='ltr'><strong>maynao:</strong></span> <span class='ocrx_word' id='word_1_126' title='bbox 1060 1199 1091 1229; x_wconf 83' lang='lat' dir='ltr'><strong>p.</strong></span> <span class='ocrx_word' id='word_1_127' title='bbox 1115 1189 1166 1227; x_wconf 88' lang='grc'><strong>98)</strong></span> <span class='ocrx_word' id='word_1_128' title='bbox 1187 1188 1286 1229; x_wconf 83' lang='lat' dir='ltr'><strong>primo</strong></span> <span class='ocrx_word' id='word_1_129' title='bbox 1308 1199 1393 1220; x_wconf 82' lang='lat' dir='ltr'><strong>anno</strong></span> <span class='ocrx_word' id='word_1_130' title='bbox 1414 1184 1537 1220; x_wconf 60' lang='lat' dir='ltr'><strong><em>LX—XZY</em></strong></span> <span class='ocrx_word' id='word_1_131' title='bbox 1555 1189 1750 1228; x_wconf 64' lang='lat' dir='ltr'><strong>detersimus,</strong></span> <span class='ocrx_word' id='word_1_132' title='bbox 1768 1190 1789 1221; x_wconf 90' lang='lat' dir='ltr'><strong>i.</strong></span> <span class='ocrx_word' id='word_1_133' title='bbox 1804 1199 1832 1222; x_wconf 86' lang='lat' dir='ltr'><strong>e.</strong></span> <span class='ocrx_word' id='word_1_134' title='bbox 1847 1190 1924 1222; x_wconf 82' lang='lat' dir='ltr'><strong>inde</strong></span> 
     </span>
     <span class='ocr_line' id='line_1_14' title="bbox 154 1242 1474 1287; baseline -0.002 -9"><span class='ocrx_word' id='word_1_135' title='bbox 154 1251 306 1287; x_wconf 80' lang='lat' dir='ltr'><strong>erumpet</strong></span> <span class='ocrx_word' id='word_1_136' title='bbox 328 1245 369 1276; x_wconf 90' lang='lat' dir='ltr'><strong>lis</strong></span> <span class='ocrx_word' id='word_1_137' title='bbox 391 1243 538 1285; x_wconf 77' lang='lat' dir='ltr'><strong>magna?</strong></span> <span class='ocrx_word' id='word_1_138' title='bbox 1061 1242 1218 1284; x_wconf 77' lang='lat' dir='ltr'><strong>cepimus,</strong></span> <span class='ocrx_word' id='word_1_139' title='bbox 1241 1243 1474 1284; x_wconf 85' lang='lat' dir='ltr'><strong>decerpsimus.</strong></span> 
     </span>
    </p>
   </div>
   <div class='ocr_carea' id='block_1_6' title="bbox 155 1296 1923 1393">
    <p class='ocr_par' dir='ltr' id='par_1_6' title="bbox 155 1296 1923 1393">
     <span class='ocr_line' id='line_1_15' title="bbox 197 1296 1923 1340; baseline -0.001 -9"><span class='ocrx_word' id='word_1_140' title='bbox 197 1299 307 1331; x_wconf 83' lang='lat' dir='ltr'><strong>Iamne</strong></span> <span class='ocrx_word' id='word_1_141' title='bbox 327 1300 372 1330; x_wconf 83' lang='lat' dir='ltr'><strong>ad</strong></span> <span class='ocrx_word' id='word_1_142' title='bbox 392 1301 526 1330; x_wconf 77' lang='lat' dir='ltr'><strong>centena</strong></span> <span class='ocrx_word' id='word_1_143' title='bbox 547 1309 592 1330; x_wconf 90' lang='lat' dir='ltr'><strong>sc.</strong></span> <span class='ocrx_word' id='word_1_144' title='bbox 616 1298 826 1340; x_wconf 79' lang='lat' dir='ltr'><strong>perducatur.</strong></span> <span class='ocrx_word' id='word_1_145' title='bbox 839 1297 890 1330; x_wconf 88' lang='lat' dir='ltr'><strong>Cf.</strong></span> <span class='ocrx_word' id='word_1_146' title='bbox 904 1307 953 1339; x_wconf 88' lang='lat' dir='ltr'><strong>ep.</strong></span> <span class='ocrx_word' id='word_1_147' title='bbox 968 1298 1017 1336; x_wconf 90' lang='grc'><strong>11,</strong></span> <span class='ocrx_word' id='word_1_148' title='bbox 1106 1297 1124 1337; x_wconf 67' lang='grc' dir='ltr'>ξ</span> <span class='ocrx_word' id='word_1_149' title='bbox 1147 1298 1178 1329; x_wconf 82' lang='lat'><strong>4.</strong></span> <span class='ocrx_word' id='word_1_150' title='bbox 1201 1296 1302 1335; x_wconf 80' lang='lat' dir='ltr'><strong>Nunc,</strong></span> <span class='ocrx_word' id='word_1_151' title='bbox 1325 1302 1498 1339; x_wconf 81' lang='lat' dir='ltr'><strong>postquam</strong></span> <span class='ocrx_word' id='word_1_152' title='bbox 1520 1297 1562 1338; x_wconf 86' lang='lat' dir='ltr'><strong>Q.</strong></span> <span class='ocrx_word' id='word_1_153' title='bbox 1574 1303 1667 1340; x_wconf 82' lang='lat' dir='ltr'><strong>pater</strong></span> <span class='ocrx_word' id='word_1_154' title='bbox 1679 1307 1820 1331; x_wconf 84' lang='lat' dir='ltr'><strong>uxorem</strong></span> <span class='ocrx_word' id='word_1_155' title='bbox 1832 1307 1923 1330; x_wconf 78' lang='lat' dir='ltr'><strong>suam</strong></span> 
     </span>
     <span class='ocr_line' id='line_1_16' title="bbox 155 1350 1303 1393; baseline -0.003 -9"><span class='ocrx_word' id='word_1_156' title='bbox 155 1353 175 1384; x_wconf 82' lang='lat'>2</span> <span class='ocrx_word' id='word_1_157' title='bbox 196 1362 246 1384; x_wconf 76' lang='lat' dir='ltr'><strong>res</strong></span> <span class='ocrx_word' id='word_1_158' title='bbox 268 1352 313 1383; x_wconf 78' lang='lat' dir='ltr'><strong>ad</strong></span> <span class='ocrx_word' id='word_1_159' title='bbox 334 1354 465 1383; x_wconf 68' lang='lat' dir='ltr'><strong>centena</strong></span> <span class='ocrx_word' id='word_1_160' title='bbox 481 1350 681 1393; x_wconf 80' lang='lat' dir='ltr'><strong>perducitur.</strong></span> <span class='ocrx_word' id='word_1_161' title='bbox 712 1369 752 1374; x_wconf 90' lang='lat'>—</span> <span class='ocrx_word' id='word_1_162' title='bbox 774 1350 955 1381; x_wconf 79' lang='lat' dir='ltr'><strong>Adventare</strong></span> <span class='ocrx_word' id='word_1_163' title='bbox 978 1350 1020 1381; x_wconf 87' lang='lat' dir='ltr'><strong>vi·</strong></span> <span class='ocrx_word' id='word_1_164' title='bbox 1065 1350 1303 1392; x_wconf 82' lang='lat' dir='ltr'><strong>repudiaverat.</strong></span> 
     </span>
    </p>
   </div>
   <div class='ocr_carea' id='block_1_7' title="bbox 157 1405 1020 1447">
    <p class='ocr_par' dir='ltr' id='par_1_7' title="bbox 157 1405 1020 1447">
     <span class='ocr_line' id='line_1_17' title="bbox 157 1405 1020 1447; baseline -0.003 -8"><span class='ocrx_word' id='word_1_165' title='bbox 157 1407 250 1439; x_wconf 75' lang='lat' dir='ltr'><strong>detur</strong></span> <span class='ocrx_word' id='word_1_166' title='bbox 284 1417 317 1438; x_wconf 83' lang='lat' dir='ltr'><strong>o:</strong></span> <span class='ocrx_word' id='word_1_167' title='bbox 352 1411 481 1447; x_wconf 84' lang='lat' dir='ltr'><strong>tempus</strong></span> <span class='ocrx_word' id='word_1_168' title='bbox 515 1416 583 1437; x_wconf 88' lang='lat' dir='ltr'><strong>non</strong></span> <span class='ocrx_word' id='word_1_169' title='bbox 618 1406 719 1446; x_wconf 87' lang='lat' dir='ltr'><strong>longe</strong></span> <span class='ocrx_word' id='word_1_170' title='bbox 755 1405 856 1443; x_wconf 83' lang='lat' dir='ltr'><strong>abest,</strong></span> <span class='ocrx_word' id='word_1_171' title='bbox 889 1405 1020 1447; x_wconf 81' lang='lat' dir='ltr'><strong>quando</strong></span> 
     </span>
    </p>
   </div>
   <div class='ocr_carea' id='block_1_8' title="bbox 777 1532 1312 1589">
    <p class='ocr_par' dir='ltr' id='par_1_8' title="bbox 777 1532 1312 1589">
     <span class='ocr_line' id='line_1_18' title="bbox 777 1532 1312 1589; baseline -0.007 -12"><span class='ocrx_word' id='word_1_172' title='bbox 777 1536 855 1577; x_wconf 83' lang='lat' dir='ltr'><strong>XI.</strong></span> <span class='ocrx_word' id='word_1_173' title='bbox 921 1536 987 1589; x_wconf 85' lang='lat' dir='ltr'><strong>(A.</strong></span> <span class='ocrx_word' id='word_1_174' title='bbox 1029 1534 1075 1575; x_wconf 80' lang='lat' dir='ltr'><strong>U.</strong></span> <span class='ocrx_word' id='word_1_175' title='bbox 1112 1532 1156 1575; x_wconf 83' lang='lat'><strong>0.</strong></span> <span class='ocrx_word' id='word_1_176' title='bbox 1195 1533 1312 1587; x_wconf 83' lang='lat'><strong>710.)</strong></span> 
     </span>
    </p>
   </div>
   <div class='ocr_carea' id='block_1_9' title="bbox 112 1660 1930 2602">
    <p class='ocr_par' dir='ltr' id='par_1_9' title="bbox 159 1660 1926 1866">
     <span class='ocr_line' id='line_1_19' title="bbox 225 1660 1926 1718; baseline -0.001 -12"><span class='ocrx_word' id='word_1_177' title='bbox 225 1667 264 1707; x_wconf 84' lang='lat'><strong>1.</strong></span> <span class='ocrx_word' id='word_1_178' title='bbox 299 1663 463 1706; x_wconf 88' lang='lat' dir='ltr'><strong>Nudius</strong></span> <span class='ocrx_word' id='word_1_179' title='bbox 504 1663 649 1705; x_wconf 89' lang='lat' dir='ltr'><strong>tertius</strong></span> <span class='ocrx_word' id='word_1_180' title='bbox 692 1664 785 1705; x_wconf 86' lang='lat' dir='ltr'><strong>dedi</strong></span> <span class='ocrx_word' id='word_1_181' title='bbox 827 1663 877 1705; x_wconf 85' lang='lat' dir='ltr'><strong>ad</strong></span> <span class='ocrx_word' id='word_1_182' title='bbox 909 1668 949 1704; x_wconf 89' lang='lat' dir='ltr'><strong>te</strong></span> <span class='ocrx_word' id='word_1_183' title='bbox 983 1661 1193 1718; x_wconf 87' lang='lat' dir='ltr'><strong>epistolam</strong></span> <span class='ocrx_word' id='word_1_184' title='bbox 1226 1660 1448 1717; x_wconf 82' lang='lat' dir='ltr'><strong>longiorem</strong></span> <span class='ocrx_word' id='word_1_185' title='bbox 1457 1680 1468 1714; x_wconf 80' lang='lat'>3</span> <span class='ocrx_word' id='word_1_186' title='bbox 1504 1676 1612 1703; x_wconf 88' lang='lat' dir='ltr'><strong>nunc</strong></span> <span class='ocrx_word' id='word_1_187' title='bbox 1646 1661 1697 1704; x_wconf 87' lang='lat' dir='ltr'><strong>ad</strong></span> <span class='ocrx_word' id='word_1_188' title='bbox 1731 1677 1790 1714; x_wconf 89' lang='lat' dir='ltr'><strong>ea,</strong></span> <span class='ocrx_word' id='word_1_189' title='bbox 1825 1677 1926 1718; x_wconf 90' lang='lat' dir='ltr'><strong>quae</strong></span> 
     </span>
     <span class='ocr_line' id='line_1_20' title="bbox 159 1732 1925 1794; baseline -0.001 -14"><span class='ocrx_word' id='word_1_190' title='bbox 159 1738 350 1794; x_wconf 82' lang='lat' dir='ltr'><strong>proxime.</strong></span> <span class='ocrx_word' id='word_1_191' title='bbox 387 1737 519 1779; x_wconf 81' lang='lat' dir='ltr'><strong>Velim</strong></span> <span class='ocrx_word' id='word_1_192' title='bbox 552 1737 779 1780; x_wconf 86' lang='lat' dir='ltr'><strong>mehercule</strong></span> <span class='ocrx_word' id='word_1_193' title='bbox 812 1740 987 1780; x_wconf 81' lang='lat' dir='ltr'><strong>Asturae</strong></span> <span class='ocrx_word' id='word_1_194' title='bbox 1020 1737 1187 1778; x_wconf 88' lang='lat' dir='ltr'><strong>Brutus.</strong></span> <span class='ocrx_word' id='word_1_195' title='bbox 1227 1732 1538 1780; x_wconf 79' lang='grc' dir='ltr'><em>Ἀκολασίαν</em></span> <span class='ocrx_word' id='word_1_196' title='bbox 1570 1736 1740 1778; x_wconf 66' lang='lat' dir='ltr'><strong>istorum</strong></span> <span class='ocrx_word' id='word_1_197' title='bbox 1767 1736 1925 1778; x_wconf 89' lang='lat' dir='ltr'><strong>scribis.</strong></span> 
     </span>
     <span class='ocr_line' id='line_1_21' title="bbox 161 1809 1926 1866; baseline -0.001 -13"><span class='ocrx_word' id='word_1_198' title='bbox 161 1814 229 1854; x_wconf 88' lang='lat' dir='ltr'><strong>An</strong></span> <span class='ocrx_word' id='word_1_199' title='bbox 261 1809 450 1852; x_wconf 80' lang='lat' dir='ltr'><strong>censebas</strong></span> <span class='ocrx_word' id='word_1_200' title='bbox 483 1810 624 1852; x_wconf 70' lang='lat' dir='ltr'><strong>aliter}&gt;</strong></span> <span class='ocrx_word' id='word_1_201' title='bbox 657 1810 859 1866; x_wconf 84' lang='lat' dir='ltr'><strong>Equidem</strong></span> <span class='ocrx_word' id='word_1_202' title='bbox 892 1810 1013 1852; x_wconf 86' lang='lat' dir='ltr'><strong>etiam</strong></span> <span class='ocrx_word' id='word_1_203' title='bbox 1047 1809 1197 1851; x_wconf 82' lang='lat' dir='ltr'><strong>maiora</strong></span> <span class='ocrx_word' id='word_1_204' title='bbox 1231 1813 1431 1865; x_wconf 86' lang='lat' dir='ltr'><strong>exspecto.</strong></span> <span class='ocrx_word' id='word_1_205' title='bbox 1466 1809 1603 1861; x_wconf 75' lang='lat' dir='ltr'><strong>Quum</strong></span> <span class='ocrx_word' id='word_1_206' title='bbox 1625 1809 1811 1865; x_wconf 86' lang='lat' dir='ltr'><strong>equidem</strong></span> <span class='ocrx_word' id='word_1_207' title='bbox 1834 1825 1926 1852; x_wconf 88' lang='lat' dir='ltr'><strong>con-</strong></span> 
     </span>
    </p>

    <p class='ocr_par' dir='ltr' id='par_1_10' title="bbox 126 1881 1929 2233">
     <span class='ocr_line' id='line_1_22' title="bbox 126 1881 1928 1940; baseline -0.002 -12"><span class='ocrx_word' id='word_1_208' title='bbox 126 1903 141 1928; x_wconf 89' lang='lat'><strong>5</strong></span> <span class='ocrx_word' id='word_1_209' title='bbox 162 1886 314 1928; x_wconf 87' lang='lat' dir='ltr'><strong>tionem</strong></span> <span class='ocrx_word' id='word_1_210' title='bbox 346 1884 449 1940; x_wconf 86' lang='lat' dir='ltr'><strong>leg0,</strong></span> <span class='ocrx_word' id='word_1_211' title='bbox 484 1898 539 1926; x_wconf 79' lang='lat' dir='ltr'><strong>DE</strong></span> <span class='ocrx_word' id='word_1_212' title='bbox 575 1897 722 1925; x_wconf 57' lang='lat' dir='ltr'><strong>Tauro</strong></span> <span class='ocrx_word' id='word_1_213' title='bbox 757 1897 875 1935; x_wconf 71' lang='lat' dir='ltr'><strong>vmo,</strong></span> <span class='ocrx_word' id='word_1_214' title='bbox 908 1898 963 1925; x_wconf 83' lang='lat' dir='ltr'><strong>DE</strong></span> <span class='ocrx_word' id='word_1_215' title='bbox 999 1895 1266 1924; x_wconf 75' lang='lat' dir='ltr'><strong>eLAnrssnuo</strong></span> <span class='ocrx_word' id='word_1_216' title='bbox 1300 1895 1408 1934; x_wconf 84' lang='lat' dir='ltr'><strong>01v1,</strong></span> <span class='ocrx_word' id='word_1_217' title='bbox 1443 1881 1543 1923; x_wconf 88' lang='lat' dir='ltr'><strong>ferre</strong></span> <span class='ocrx_word' id='word_1_218' title='bbox 1576 1897 1658 1924; x_wconf 89' lang='lat' dir='ltr'><strong>non</strong></span> <span class='ocrx_word' id='word_1_219' title='bbox 1691 1897 1808 1938; x_wconf 84' lang='lat' dir='ltr'><strong>queo,</strong></span> <span class='ocrx_word' id='word_1_220' title='bbox 1852 1883 1928 1925; x_wconf 85' lang='lat' dir='ltr'><strong>etsi</strong></span> 
     </span>
     <span class='ocr_line' id='line_1_23' title="bbox 163 1956 1927 2012; baseline -0.001 -11"><span class='ocrx_word' id='word_1_221' title='bbox 163 1960 241 2001; x_wconf 87' lang='lat' dir='ltr'><strong>ista</strong></span> <span class='ocrx_word' id='word_1_222' title='bbox 272 1959 352 2000; x_wconf 87' lang='lat' dir='ltr'><strong>iam</strong></span> <span class='ocrx_word' id='word_1_223' title='bbox 385 1957 435 2000; x_wconf 88' lang='lat' dir='ltr'><strong>ad</strong></span> <span class='ocrx_word' id='word_1_224' title='bbox 467 1957 606 1999; x_wconf 87' lang='lat' dir='ltr'><strong>risum.</strong></span> <span class='ocrx_word' id='word_1_225' title='bbox 649 1956 727 1998; x_wconf 87' lang='lat' dir='ltr'><strong>Sed</strong></span> <span class='ocrx_word' id='word_1_226' title='bbox 761 1962 982 1999; x_wconf 87' lang='lat' dir='ltr'><strong>memento:</strong></span> <span class='ocrx_word' id='word_1_227' title='bbox 1019 1956 1075 1998; x_wconf 87' lang='lat' dir='ltr'><strong>sic</strong></span> <span class='ocrx_word' id='word_1_228' title='bbox 1110 1956 1234 1998; x_wconf 86' lang='lat' dir='ltr'><strong>alitur</strong></span> <span class='ocrx_word' id='word_1_229' title='bbox 1268 1956 1518 1998; x_wconf 84' lang='lat' dir='ltr'><strong>consuetudo</strong></span> <span class='ocrx_word' id='word_1_230' title='bbox 1552 1956 1800 2012; x_wconf 86' lang='lat' dir='ltr'><strong>perditarum</strong></span> <span class='ocrx_word' id='word_1_231' title='bbox 1836 1971 1927 1999; x_wconf 91' lang='lat' dir='ltr'><strong>con-</strong></span> 
     </span>
     <span class='ocr_line' id='line_1_24' title="bbox 164 2029 1929 2086; baseline -0.002 -11"><span class='ocrx_word' id='word_1_232' title='bbox 164 2034 336 2083; x_wconf 89' lang='lat' dir='ltr'><strong>tionum,</strong></span> <span class='ocrx_word' id='word_1_233' title='bbox 381 2036 429 2073; x_wconf 91' lang='lat' dir='ltr'><strong>ut</strong></span> <span class='ocrx_word' id='word_1_234' title='bbox 470 2031 598 2073; x_wconf 82' lang='lat' dir='ltr'><strong>nostri</strong></span> <span class='ocrx_word' id='word_1_235' title='bbox 630 2030 691 2072; x_wconf 87' lang='lat' dir='ltr'><strong>illi</strong></span> <span class='ocrx_word' id='word_1_236' title='bbox 722 2046 804 2072; x_wconf 90' lang='lat' dir='ltr'><strong>non</strong></span> <span class='ocrx_word' id='word_1_237' title='bbox 850 2031 988 2072; x_wconf 90' lang='lat' dir='ltr'><strong>heroes</strong></span> <span class='ocrx_word' id='word_1_238' title='bbox 1034 2030 1104 2072; x_wconf 90' lang='lat' dir='ltr'><strong>sed</strong></span> <span class='ocrx_word' id='word_1_239' title='bbox 1148 2030 1205 2072; x_wconf 85' lang='lat' dir='ltr'><strong>dii</strong></span> <span class='ocrx_word' id='word_1_240' title='bbox 1239 2029 1366 2071; x_wconf 86' lang='lat' dir='ltr'><strong>futuri</strong></span> <span class='ocrx_word' id='word_1_241' title='bbox 1399 2030 1561 2085; x_wconf 83' lang='lat' dir='ltr'><strong>quidem</strong></span> <span class='ocrx_word' id='word_1_242' title='bbox 1594 2031 1638 2072; x_wconf 90' lang='lat' dir='ltr'><strong>in</strong></span> <span class='ocrx_word' id='word_1_243' title='bbox 1669 2031 1796 2086; x_wconf 87' lang='lat' dir='ltr'><strong>gloria</strong></span> <span class='ocrx_word' id='word_1_244' title='bbox 1829 2046 1929 2072; x_wconf 89' lang='lat' dir='ltr'><strong>sem-</strong></span> 
     </span>
     <span class='ocr_line' id='line_1_25' title="bbox 166 2103 1929 2162; baseline -0.002 -14"><span class='ocrx_word' id='word_1_245' title='bbox 166 2107 322 2162; x_wconf 84' lang='lat' dir='ltr'><strong>piterna</strong></span> <span class='ocrx_word' id='word_1_246' title='bbox 366 2106 460 2157; x_wconf 90' lang='lat' dir='ltr'><strong>sint,</strong></span> <span class='ocrx_word' id='word_1_247' title='bbox 495 2104 564 2146; x_wconf 90' lang='lat' dir='ltr'><strong>sed</strong></span> <span class='ocrx_word' id='word_1_248' title='bbox 596 2119 678 2146; x_wconf 90' lang='lat' dir='ltr'><strong>non</strong></span> <span class='ocrx_word' id='word_1_249' title='bbox 711 2105 797 2146; x_wconf 88' lang='lat' dir='ltr'><strong>sine</strong></span> <span class='ocrx_word' id='word_1_250' title='bbox 830 2104 1008 2161; x_wconf 87' lang='lat' dir='ltr'><strong>periculo</strong></span> <span class='ocrx_word' id='word_1_251' title='bbox 1045 2103 1262 2159; x_wconf 63' lang='lat' dir='ltr'><strong>[quidem]</strong></span> <span class='ocrx_word' id='word_1_252' title='bbox 1314 2104 1465 2145; x_wconf 89' lang='lat' dir='ltr'><strong>Verum</strong></span> <span class='ocrx_word' id='word_1_253' title='bbox 1498 2103 1579 2145; x_wconf 87' lang='lat' dir='ltr'><strong>illis</strong></span> <span class='ocrx_word' id='word_1_254' title='bbox 1611 2107 1757 2159; x_wconf 88' lang='lat' dir='ltr'><strong>magna</strong></span> <span class='ocrx_word' id='word_1_255' title='bbox 1791 2118 1929 2145; x_wconf 87' lang='lat' dir='ltr'><strong>conso-</strong></span> 
     </span>
     <span class='ocr_line' id='line_1_26' title="bbox 165 2176 1929 2233; baseline -0.001 -13"><span class='ocrx_word' id='word_1_256' title='bbox 165 2179 263 2221; x_wconf 83' lang='lat' dir='ltr'><strong>latio</strong></span> <span class='ocrx_word' id='word_1_257' title='bbox 307 2178 552 2220; x_wconf 86' lang='lat' dir='ltr'><strong>conscientia</strong></span> <span class='ocrx_word' id='word_1_258' title='bbox 594 2178 758 2220; x_wconf 81' lang='lat' dir='ltr'><strong>maximi</strong></span> <span class='ocrx_word' id='word_1_259' title='bbox 802 2183 843 2220; x_wconf 90' lang='lat' dir='ltr'><strong>et</strong></span> <span class='ocrx_word' id='word_1_260' title='bbox 887 2178 1097 2219; x_wconf 88' lang='lat' dir='ltr'><strong>clarissimi</strong></span> <span class='ocrx_word' id='word_1_261' title='bbox 1141 2177 1257 2218; x_wconf 87' lang='lat' dir='ltr'><strong>facti:</strong></span> <span class='ocrx_word' id='word_1_262' title='bbox 1303 2176 1419 2219; x_wconf 90' lang='lat' dir='ltr'><strong>nobis</strong></span> <span class='ocrx_word' id='word_1_263' title='bbox 1466 2192 1581 2233; x_wconf 88' lang='lat' dir='ltr'><strong>quae,</strong></span> <span class='ocrx_word' id='word_1_264' title='bbox 1616 2177 1686 2233; x_wconf 87' lang='lat' dir='ltr'><strong>qui</strong></span> <span class='ocrx_word' id='word_1_265' title='bbox 1718 2176 1929 2219; x_wconf 86' lang='lat' dir='ltr'><strong>interfecto</strong></span> 
     </span>
    </p>

    <p class='ocr_par' dir='ltr' id='par_1_11' title="bbox 112 2250 1930 2602">
     <span class='ocr_line' id='line_1_27' title="bbox 112 2250 1928 2309; baseline -0.003 -10"><span class='ocrx_word' id='word_1_266' title='bbox 112 2271 149 2298; x_wconf 89' lang='lat'><strong>10</strong></span> <span class='ocrx_word' id='word_1_267' title='bbox 167 2268 258 2309; x_wconf 84' lang='lat' dir='ltr'><strong>rege</strong></span> <span class='ocrx_word' id='word_1_268' title='bbox 289 2252 406 2295; x_wconf 85' lang='lat' dir='ltr'><strong>liberi</strong></span> <span class='ocrx_word' id='word_1_269' title='bbox 438 2267 519 2294; x_wconf 90' lang='lat' dir='ltr'><strong>non</strong></span> <span class='ocrx_word' id='word_1_270' title='bbox 553 2253 717 2294; x_wconf 77' lang='lat' dir='ltr'><strong>sumus?</strong></span> <span class='ocrx_word' id='word_1_271' title='bbox 751 2252 828 2294; x_wconf 89' lang='lat' dir='ltr'><strong>Sed</strong></span> <span class='ocrx_word' id='word_1_272' title='bbox 862 2252 959 2293; x_wconf 86' lang='lat' dir='ltr'><strong>haec</strong></span> <span class='ocrx_word' id='word_1_273' title='bbox 993 2252 1155 2292; x_wconf 88' lang='lat' dir='ltr'><strong>fortuna</strong></span> <span class='ocrx_word' id='word_1_274' title='bbox 1187 2250 1347 2302; x_wconf 85' lang='lat' dir='ltr'><strong>viderit,</strong></span> <span class='ocrx_word' id='word_1_275' title='bbox 1385 2251 1575 2306; x_wconf 88' lang='lat' dir='ltr'><strong>quoniam</strong></span> <span class='ocrx_word' id='word_1_276' title='bbox 1607 2252 1709 2294; x_wconf 87' lang='lat' dir='ltr'><strong>ratio</strong></span> <span class='ocrx_word' id='word_1_277' title='bbox 1742 2266 1824 2294; x_wconf 89' lang='lat' dir='ltr'><strong>non</strong></span> <span class='ocrx_word' id='word_1_278' title='bbox 1855 2266 1928 2307; x_wconf 88' lang='lat' dir='ltr'><strong>gu-</strong></span> 
     </span>
     <span class='ocr_line' id='line_1_28' title="bbox 167 2324 1927 2382; baseline -0.002 -14"><span class='ocrx_word' id='word_1_279' title='bbox 167 2326 323 2368; x_wconf 87' lang='lat' dir='ltr'><strong>bernat.</strong></span> <span class='ocrx_word' id='word_1_280' title='bbox 359 2330 400 2368; x_wconf 75' lang='lat'><strong>2.</strong></span> <span class='ocrx_word' id='word_1_281' title='bbox 434 2327 494 2368; x_wconf 92' lang='lat' dir='ltr'><strong>De</strong></span> <span class='ocrx_word' id='word_1_282' title='bbox 528 2327 734 2378; x_wconf 83' lang='lat' dir='ltr'><strong>Cicerone,</strong></span> <span class='ocrx_word' id='word_1_283' title='bbox 770 2341 868 2382; x_wconf 87' lang='lat' dir='ltr'><strong>quae</strong></span> <span class='ocrx_word' id='word_1_284' title='bbox 902 2324 1057 2376; x_wconf 88' lang='lat' dir='ltr'><strong>scribis,</strong></span> <span class='ocrx_word' id='word_1_285' title='bbox 1092 2324 1271 2366; x_wconf 86' lang='lat' dir='ltr'><strong>iucunda</strong></span> <span class='ocrx_word' id='word_1_286' title='bbox 1303 2325 1403 2366; x_wconf 88' lang='lat' dir='ltr'><strong>mihi</strong></span> <span class='ocrx_word' id='word_1_287' title='bbox 1439 2330 1534 2366; x_wconf 84' lang='lat' dir='ltr'><strong>sunt</strong></span> <span class='ocrx_word' id='word_1_288' title='bbox 1544 2344 1555 2376; x_wconf 79' lang='lat'>3</span> <span class='ocrx_word' id='word_1_289' title='bbox 1591 2324 1710 2366; x_wconf 80' lang='lat' dir='ltr'><strong>velim</strong></span> <span class='ocrx_word' id='word_1_290' title='bbox 1735 2325 1818 2366; x_wconf 89' lang='lat' dir='ltr'><strong>sint</strong></span> <span class='ocrx_word' id='word_1_291' title='bbox 1838 2340 1927 2381; x_wconf 86' lang='lat' dir='ltr'><strong>pro-</strong></span> 
     </span>
     <span class='ocr_line' id='line_1_29' title="bbox 170 2397 1928 2456; baseline -0.001 -15"><span class='ocrx_word' id='word_1_292' title='bbox 170 2415 297 2456; x_wconf 85' lang='lat' dir='ltr'><strong>spera.</strong></span> <span class='ocrx_word' id='word_1_293' title='bbox 331 2400 449 2452; x_wconf 75' lang='lat' dir='ltr'><strong>Quod</strong></span> <span class='ocrx_word' id='word_1_294' title='bbox 482 2416 599 2442; x_wconf 88' lang='lat' dir='ltr'><strong>curae</strong></span> <span class='ocrx_word' id='word_1_295' title='bbox 631 2399 708 2441; x_wconf 92' lang='lat' dir='ltr'><strong>tibi</strong></span> <span class='ocrx_word' id='word_1_296' title='bbox 741 2406 814 2450; x_wconf 90' lang='lat' dir='ltr'><strong>est,</strong></span> <span class='ocrx_word' id='word_1_297' title='bbox 850 2404 895 2441; x_wconf 91' lang='lat' dir='ltr'><strong>ut</strong></span> <span class='ocrx_word' id='word_1_298' title='bbox 928 2399 963 2440; x_wconf 90' lang='lat' dir='ltr'><strong>ei</strong></span> <span class='ocrx_word' id='word_1_299' title='bbox 998 2397 1276 2454; x_wconf 86' lang='lat' dir='ltr'><strong>suppeditetur</strong></span> <span class='ocrx_word' id='word_1_300' title='bbox 1299 2398 1349 2440; x_wconf 92' lang='lat' dir='ltr'><strong>ad</strong></span> <span class='ocrx_word' id='word_1_301' title='bbox 1375 2414 1492 2440; x_wconf 86' lang='lat' dir='ltr'><strong>usum</strong></span> <span class='ocrx_word' id='word_1_302' title='bbox 1517 2403 1557 2440; x_wconf 88' lang='lat' dir='ltr'><strong>et</strong></span> <span class='ocrx_word' id='word_1_303' title='bbox 1579 2398 1734 2440; x_wconf 78' lang='lat' dir='ltr'><strong>cultum</strong></span> <span class='ocrx_word' id='word_1_304' title='bbox 1756 2398 1928 2453; x_wconf 87' lang='lat' dir='ltr'><strong>copiose,</strong></span> 
     </span>
     <span class='ocr_line' id='line_1_30' title="bbox 169 2471 1927 2530; baseline -0.002 -15"><span class='ocrx_word' id='word_1_305' title='bbox 169 2489 240 2530; x_wconf 86' lang='lat' dir='ltr'><strong>per</strong></span> <span class='ocrx_word' id='word_1_306' title='bbox 282 2474 381 2515; x_wconf 88' lang='lat' dir='ltr'><strong>mihi</strong></span> <span class='ocrx_word' id='word_1_307' title='bbox 421 2477 580 2529; x_wconf 80' lang='lat' dir='ltr'><strong>gratum</strong></span> <span class='ocrx_word' id='word_1_308' title='bbox 613 2478 677 2514; x_wconf 89' lang='lat' dir='ltr'><strong>est</strong></span> <span class='ocrx_word' id='word_1_309' title='bbox 685 2492 695 2525; x_wconf 77' lang='lat'><em>3</em></span> <span class='ocrx_word' id='word_1_310' title='bbox 728 2473 850 2529; x_wconf 85' lang='lat' dir='ltr'><strong>idque</strong></span> <span class='ocrx_word' id='word_1_311' title='bbox 883 2478 930 2514; x_wconf 90' lang='lat' dir='ltr'><strong>ut</strong></span> <span class='ocrx_word' id='word_1_312' title='bbox 962 2472 1098 2521; x_wconf 84' lang='lat' dir='ltr'><strong>facias,</strong></span> <span class='ocrx_word' id='word_1_313' title='bbox 1132 2477 1172 2513; x_wconf 88' lang='lat' dir='ltr'><strong>te</strong></span> <span class='ocrx_word' id='word_1_314' title='bbox 1206 2473 1327 2514; x_wconf 87' lang='lat' dir='ltr'><strong>etiam</strong></span> <span class='ocrx_word' id='word_1_315' title='bbox 1363 2474 1497 2527; x_wconf 88' lang='lat' dir='ltr'><strong>(atquc</strong></span> <span class='ocrx_word' id='word_1_316' title='bbox 1533 2472 1667 2526; x_wconf 84' lang='lat' dir='ltr'><strong>etiam)</strong></span> <span class='ocrx_word' id='word_1_317' title='bbox 1703 2487 1812 2527; x_wconf 88' lang='lat' dir='ltr'><strong>rogo.</strong></span> <span class='ocrx_word' id='word_1_318' title='bbox 1867 2471 1927 2513; x_wconf 87' lang='lat' dir='ltr'><strong>De</strong></span> 
     </span>
     <span class='ocr_line' id='line_1_31' title="bbox 170 2545 1930 2602; baseline -0.001 -13"><span class='ocrx_word' id='word_1_319' title='bbox 170 2546 396 2589; x_wconf 87' lang='lat' dir='ltr'><strong>Buthrotiis</strong></span> <span class='ocrx_word' id='word_1_320' title='bbox 439 2551 479 2588; x_wconf 91' lang='lat' dir='ltr'><strong>et</strong></span> <span class='ocrx_word' id='word_1_321' title='bbox 521 2551 567 2588; x_wconf 90' lang='lat' dir='ltr'><strong>tu</strong></span> <span class='ocrx_word' id='word_1_322' title='bbox 607 2551 713 2589; x_wconf 85' lang='lat' dir='ltr'><strong>recte</strong></span> <span class='ocrx_word' id='word_1_323' title='bbox 757 2547 909 2602; x_wconf 82' lang='lat' dir='ltr'><strong>cogitas</strong></span> <span class='ocrx_word' id='word_1_324' title='bbox 952 2552 993 2588; x_wconf 91' lang='lat' dir='ltr'><strong>et</strong></span> <span class='ocrx_word' id='word_1_325' title='bbox 1025 2561 1098 2601; x_wconf 85' lang='lat' dir='ltr'><strong>ego</strong></span> <span class='ocrx_word' id='word_1_326' title='bbox 1132 2561 1212 2587; x_wconf 85' lang='lat' dir='ltr'><strong>non</strong></span> <span class='ocrx_word' id='word_1_327' title='bbox 1246 2546 1407 2588; x_wconf 81' lang='lat' dir='ltr'><strong>dimitto</strong></span> <span class='ocrx_word' id='word_1_328' title='bbox 1440 2546 1558 2588; x_wconf 87' lang='lat' dir='ltr'><strong>istam</strong></span> <span class='ocrx_word' id='word_1_329' title='bbox 1593 2560 1743 2587; x_wconf 87' lang='lat' dir='ltr'><strong>curam.</strong></span> <span class='ocrx_word' id='word_1_330' title='bbox 1798 2545 1930 2587; x_wconf 85' lang='lat' dir='ltr'><strong>Susci-</strong></span> 
     </span>
    </p>
   </div>
   <div class='ocr_carea' id='block_1_10' title="bbox 174 2722 1932 3154">
    <p class='ocr_par' dir='ltr' id='par_1_12' title="bbox 174 2722 1932 3154">
     <span class='ocr_line' id='line_1_32' title="bbox 214 2722 1931 2766; baseline -0.001 -10"><span class='ocrx_word' id='word_1_331' title='bbox 214 2725 233 2756; x_wconf 89' lang='lat'><em>8</em></span> <span class='ocrx_word' id='word_1_332' title='bbox 255 2724 313 2756; x_wconf 75' lang='lat' dir='ltr'><strong>sed</strong></span> <span class='ocrx_word' id='word_1_333' title='bbox 332 2734 394 2755; x_wconf 82' lang='lat' dir='ltr'><strong>non</strong></span> <span class='ocrx_word' id='word_1_334' title='bbox 415 2724 483 2755; x_wconf 72' lang='lat' dir='ltr'><strong>sine</strong></span> <span class='ocrx_word' id='word_1_335' title='bbox 503 2722 636 2762; x_wconf 75' lang='lat' dir='ltr'><strong>invidia,</strong></span> <span class='ocrx_word' id='word_1_336' title='bbox 659 2734 698 2755; x_wconf 85' lang='lat' dir='ltr'><strong>ne</strong></span> <span class='ocrx_word' id='word_1_337' title='bbox 719 2723 788 2755; x_wconf 72' lang='lat' dir='ltr'><strong>sine</strong></span> <span class='ocrx_word' id='word_1_338' title='bbox 808 2723 951 2764; x_wconf 77' lang='lat' dir='ltr'><strong>peric-ulo</strong></span> <span class='ocrx_word' id='word_1_339' title='bbox 973 2722 1103 2766; x_wconf 81' lang='lat' dir='ltr'><strong>quidem.</strong></span> <span class='ocrx_word' id='word_1_340' title='bbox 1126 2741 1167 2746; x_wconf 88' lang='lat'>-</span> <span class='ocrx_word' id='word_1_341' title='bbox 1190 2723 1230 2754; x_wconf 80' lang='lat'><strong>12</strong></span> <span class='ocrx_word' id='word_1_342' title='bbox 1254 2722 1344 2764; x_wconf 75' lang='lat' dir='ltr'><strong>Quod</strong></span> <span class='ocrx_word' id='word_1_343' title='bbox 1357 2732 1428 2754; x_wconf 83' lang='lat' dir='ltr'><strong>vero</strong></span> <span class='ocrx_word' id='word_1_344' title='bbox 1442 2732 1536 2753; x_wconf 78' lang='lat' dir='ltr'><strong>curae</strong></span> <span class='ocrx_word' id='word_1_345' title='bbox 1548 2739 1588 2745; x_wconf 93' lang='lat'><strong>—</strong></span> <span class='ocrx_word' id='word_1_346' title='bbox 1601 2722 1639 2753; x_wconf 86' lang='lat'><strong>13</strong></span> <span class='ocrx_word' id='word_1_347' title='bbox 1652 2724 1682 2753; x_wconf 78' lang='lat' dir='ltr'><strong>te</strong></span> <span class='ocrx_word' id='word_1_348' title='bbox 1697 2722 1790 2754; x_wconf 75' lang='lat' dir='ltr'><strong>etiam</strong></span> <span class='ocrx_word' id='word_1_349' title='bbox 1803 2732 1876 2764; x_wconf 74' lang='lat' dir='ltr'><strong>roqo</strong></span> <span class='ocrx_word' id='word_1_350' title='bbox 1891 2740 1931 2745; x_wconf 89' lang='lat'><strong>—</strong></span> 
     </span>
     <span class='ocr_line' id='line_1_33' title="bbox 216 2886 1930 2942; baseline -0.002 -9"><span class='ocrx_word' id='word_1_351' title='bbox 216 2895 234 2934; x_wconf 64' lang='grc' dir='ltr'><strong>ἓ</strong></span> <span class='ocrx_word' id='word_1_352' title='bbox 265 2895 292 2925; x_wconf 82' lang='lat' dir='ltr'><strong>l·</strong></span> <span class='ocrx_word' id='word_1_353' title='bbox 330 2892 426 2925; x_wconf 59' lang='lat' dir='ltr'><strong>Velim</strong></span> <span class='ocrx_word' id='word_1_354' title='bbox 458 2912 498 2917; x_wconf 82' lang='grc'>-</span> <span class='ocrx_word' id='word_1_355' title='bbox 530 2895 667 2926; x_wconf 62' lang='grc' dir='ltr'><strong>Λδῖῑίνίῑθ</strong></span> <span class='ocrx_word' id='word_1_356' title='bbox 689 2894 821 2927; x_wconf 60' lang='lat' dir='ltr'><strong>Bruta-3·</strong></span> <span class='ocrx_word' id='word_1_357' title='bbox 845 2895 896 2928; x_wconf 63' lang='lat' dir='ltr'><strong>Cf*-</strong></span> <span class='ocrx_word' id='word_1_358' title='bbox 919 2906 968 2937; x_wconf 74' lang='lat' dir='ltr'><strong>ep-</strong></span> <span class='ocrx_word' id='word_1_359' title='bbox 992 2897 1029 2928; x_wconf 88' lang='grc'><strong>15</strong></span> <span class='ocrx_word' id='word_1_360' title='bbox 1052 2886 1055 2940; x_wconf 72' lang='grc'><strong>1</strong></span> <span class='ocrx_word' id='word_1_361' title='bbox 1077 2901 1180 2938; x_wconf 86' lang='lat' dir='ltr'><strong>Bosii,</strong></span> <span class='ocrx_word' id='word_1_362' title='bbox 1203 2901 1299 2932; x_wconf 89' lang='lat' dir='ltr'><strong>omisi</strong></span> <span class='ocrx_word' id='word_1_363' title='bbox 1322 2906 1357 2932; x_wconf 89' lang='lat' dir='ltr'><strong>ut</strong></span> <span class='ocrx_word' id='word_1_364' title='bbox 1377 2905 1536 2942; x_wconf 83' lang='lat' dir='ltr'><strong>suspecta.</strong></span> <span class='ocrx_word' id='word_1_365' title='bbox 1561 2898 1698 2940; x_wconf 67' lang='lat' dir='ltr'><strong>Quidem,</strong></span> <span class='ocrx_word' id='word_1_366' title='bbox 1713 2899 1801 2939; x_wconf 91' lang='lat' dir='ltr'><strong>quod</strong></span> <span class='ocrx_word' id='word_1_367' title='bbox 1813 2898 1847 2930; x_wconf 92' lang='lat' dir='ltr'><strong>in</strong></span> <span class='ocrx_word' id='word_1_368' title='bbox 1859 2899 1930 2930; x_wconf 84' lang='lat' dir='ltr'><strong>cod.</strong></span> 
     </span>
     <span class='ocr_line' id='line_1_34' title="bbox 174 2942 1931 2993; baseline -0.002 -8"><span class='ocrx_word' id='word_1_369' title='bbox 174 2955 258 2979; x_wconf 81' lang='lat' dir='ltr'><strong>extr.</strong></span> <span class='ocrx_word' id='word_1_370' title='bbox 1052 2942 1054 2983; x_wconf 92' lang='grc'><strong>1</strong></span> <span class='ocrx_word' id='word_1_371' title='bbox 1078 2954 1165 2985; x_wconf 90' lang='lat' dir='ltr'><strong>Med.</strong></span> <span class='ocrx_word' id='word_1_372' title='bbox 1190 2954 1330 2991; x_wconf 87' lang='lat' dir='ltr'><strong>additur,</strong></span> <span class='ocrx_word' id='word_1_373' title='bbox 1365 2963 1383 2984; x_wconf 83' lang='lat' dir='ltr'><strong>a</strong></span> <span class='ocrx_word' id='word_1_374' title='bbox 1406 2952 1540 2984; x_wconf 81' lang='lat' dir='ltr'><strong>librario</strong></span> <span class='ocrx_word' id='word_1_375' title='bbox 1563 2961 1581 2983; x_wconf 93' lang='lat' dir='ltr'><strong>e</strong></span> <span class='ocrx_word' id='word_1_376' title='bbox 1603 2951 1812 2993; x_wconf 76' lang='lat' dir='ltr'><strong>praecedenti</strong></span> <span class='ocrx_word' id='word_1_377' title='bbox 1833 2961 1931 2983; x_wconf 86' lang='lat' dir='ltr'><strong>versu</strong></span> 
     </span>
     <span class='ocr_line' id='line_1_35' title="bbox 213 2994 1522 3048; baseline 0.001 -15"><span class='ocrx_word' id='word_1_378' title='bbox 213 2994 417 3033; x_wconf 81' lang='grc' dir='ltr'>Ἀκολασίαν</span> <span class='ocrx_word' id='word_1_379' title='bbox 447 3000 575 3031; x_wconf 69' lang='lat' dir='ltr'><strong>istorum</strong></span> <span class='ocrx_word' id='word_1_380' title='bbox 604 3011 639 3031; x_wconf 66' lang='grc' dir='ltr'><strong>οι</strong></span> <span class='ocrx_word' id='word_1_381' title='bbox 673 3002 842 3034; x_wconf 83' lang='lat' dir='ltr'><strong>licentiam</strong></span> <span class='ocrx_word' id='word_1_382' title='bbox 865 3002 1030 3034; x_wconf 81' lang='lat' dir='ltr'><strong>Caesaria-</strong></span> <span class='ocrx_word' id='word_1_383' title='bbox 1077 3008 1164 3039; x_wconf 72' lang='lat' dir='ltr'><strong>male</strong></span> <span class='ocrx_word' id='word_1_384' title='bbox 1186 3008 1361 3048; x_wconf 73' lang='lat' dir='ltr'><strong>repetitum</strong></span> <span class='ocrx_word' id='word_1_385' title='bbox 1383 3008 1522 3039; x_wconf 76' lang='lat' dir='ltr'><strong>videtur,</strong></span> 
     </span>
     <span class='ocr_line' id='line_1_36' title="bbox 175 3057 1932 3100; baseline 0 -12"><span class='ocrx_word' id='word_1_386' title='bbox 175 3067 302 3088; x_wconf 86' lang='lat' dir='ltr'><strong>norum.</strong></span> <span class='ocrx_word' id='word_1_387' title='bbox 1051 3067 1053 3089; x_wconf 74' lang='grc'><strong>1</strong></span> <span class='ocrx_word' id='word_1_388' title='bbox 1119 3060 1137 3099; x_wconf 64' lang='lat'>5</span> <span class='ocrx_word' id='word_1_389' title='bbox 1170 3059 1200 3091; x_wconf 78' lang='lat'><strong>2.</strong></span> <span class='ocrx_word' id='word_1_390' title='bbox 1233 3059 1324 3100; x_wconf 77' lang='lat' dir='ltr'><strong>Quod</strong></span> <span class='ocrx_word' id='word_1_391' title='bbox 1355 3069 1449 3091; x_wconf 83' lang='lat' dir='ltr'><strong>curae</strong></span> <span class='ocrx_word' id='word_1_392' title='bbox 1471 3059 1529 3090; x_wconf 81' lang='lat' dir='ltr'><strong>tibi</strong></span> <span class='ocrx_word' id='word_1_393' title='bbox 1551 3061 1606 3091; x_wconf 75' lang='lat' dir='ltr'><strong>est.</strong></span> <span class='ocrx_word' id='word_1_394' title='bbox 1628 3058 1729 3090; x_wconf 88' lang='lat' dir='ltr'><strong>Recte</strong></span> <span class='ocrx_word' id='word_1_395' title='bbox 1751 3057 1797 3088; x_wconf 82' lang='lat' dir='ltr'><strong>sic</strong></span> <span class='ocrx_word' id='word_1_396' title='bbox 1821 3057 1932 3089; x_wconf 86' lang='lat' dir='ltr'><strong>Victo-</strong></span> 
     </span>
     <span class='ocr_line' id='line_1_37' title="bbox 217 3107 1932 3154; baseline 0.002 -14"><span class='ocrx_word' id='word_1_397' title='bbox 217 3109 394 3141; x_wconf 62' lang='lat' dir='ltr'><strong>censionem</strong></span> <span class='ocrx_word' id='word_1_398' title='bbox 416 3109 464 3141; x_wconf 92' lang='lat' dir='ltr'><strong>M.</strong></span> <span class='ocrx_word' id='word_1_399' title='bbox 489 3109 632 3141; x_wconf 87' lang='lat' dir='ltr'><strong>Antonii</strong></span> <span class='ocrx_word' id='word_1_400' title='bbox 654 3110 810 3141; x_wconf 86' lang='lat' dir='ltr'><strong>consulis.</strong></span> <span class='ocrx_word' id='word_1_401' title='bbox 1051 3107 1054 3135; x_wconf 93' lang='grc'><strong>1</strong></span> <span class='ocrx_word' id='word_1_402' title='bbox 1077 3113 1145 3144; x_wconf 89' lang='lat' dir='ltr'><strong>rius</strong></span> <span class='ocrx_word' id='word_1_403' title='bbox 1176 3114 1364 3145; x_wconf 86' lang='lat' dir='ltr'><strong>emendavit</strong></span> <span class='ocrx_word' id='word_1_404' title='bbox 1392 3115 1481 3145; x_wconf 89' lang='lat' dir='ltr'><strong>Med.</strong></span> <span class='ocrx_word' id='word_1_405' title='bbox 1505 3113 1698 3154; x_wconf 82' lang='lat' dir='ltr'><strong>scripturam</strong></span> <span class='ocrx_word' id='word_1_406' title='bbox 1720 3121 1800 3142; x_wconf 79' lang='lat' dir='ltr'><strong>vere.</strong></span> <span class='ocrx_word' id='word_1_407' title='bbox 1833 3110 1932 3150; x_wconf 86' lang='lat' dir='ltr'><strong>Quod</strong></span> 
     </span>
    </p>
   </div>
   <div class='ocr_carea' id='block_1_11' title="bbox 216 3162 1930 3209">
    <p class='ocr_par' dir='ltr' id='par_1_13' title="bbox 216 3162 1930 3209">
     <span class='ocr_line' id='line_1_38' title="bbox 216 3162 1930 3209; baseline 0.002 -15"><span class='ocrx_word' id='word_1_408' title='bbox 216 3162 278 3200; x_wconf 77' lang='lat' dir='ltr'><strong>Sed</strong></span> <span class='ocrx_word' id='word_1_409' title='bbox 299 3174 360 3194; x_wconf 74' lang='lat' dir='ltr'><strong>non</strong></span> <span class='ocrx_word' id='word_1_410' title='bbox 381 3163 610 3205; x_wconf 66' lang='lat' dir='ltr'><strong>sineperz’czclo.</strong></span> <span class='ocrx_word' id='word_1_411' title='bbox 626 3164 719 3204; x_wconf 75' lang='lat' dir='ltr'><strong>Quae</strong></span> <span class='ocrx_word' id='word_1_412' title='bbox 731 3165 1030 3198; x_wconf 81' lang='lat' dir='ltr'><strong>addunturecodd.</strong></span> <span class='ocrx_word' id='word_1_413' title='bbox 1052 3167 1053 3183; x_wconf 77' lang='grc'><strong>1</strong></span> <span class='ocrx_word' id='word_1_414' title='bbox 1077 3176 1119 3199; x_wconf 86' lang='lat' dir='ltr'><strong>ex</strong></span> <span class='ocrx_word' id='word_1_415' title='bbox 1143 3168 1279 3209; x_wconf 76' lang='lat' dir='ltr'><strong>antiqua</strong></span> <span class='ocrx_word' id='word_1_416' title='bbox 1302 3167 1377 3200; x_wconf 80' lang='lat' dir='ltr'><strong>edit.</strong></span> <span class='ocrx_word' id='word_1_417' title='bbox 1399 3168 1529 3199; x_wconf 83' lang='lat' dir='ltr'><strong>additur</strong></span> <span class='ocrx_word' id='word_1_418' title='bbox 1553 3176 1623 3197; x_wconf 73' lang='lat' dir='ltr'><strong>vero</strong></span> <span class='ocrx_word' id='word_1_419' title='bbox 1651 3165 1772 3198; x_wconf 83' lang='lat' dir='ltr'><strong>codicis</strong></span> <span class='ocrx_word' id='word_1_420' title='bbox 1795 3166 1930 3198; x_wconf 85' lang='lat' dir='ltr'><strong>auctori-</strong></span> 
     </span>
    </p>
   </div>
  </div>
 </body>
</html>
