2062 3565
4 0 63 138 ξ

11 143 43 171 jv

727 173 834 217 LIB.
870 175 947 218 XI.
983 176 1067 219 ΕΡ.
1106 180 1238 219 4--6,
1779 186 1859 224 1.·5-ἰ

87 385 218 425 tatum
262 396 387 425 novas
436 383 612 425 rationes
655 384 798 427 tuendi
841 385 921 427 mei
960 401 1163 442 quaerere.
1211 391 1251 430 2.
1285 389 1403 441 Quod
1437 389 1578 433 scribis
1611 392 1777 448 placere,
1812 403 1852 435 ut

85 455 250 512 propius
281 456 468 499 accedam
500 458 655 513 iterque
689 474 758 514 per
791 459 937 515 oppida
970 467 1094 503 noctu
1126 462 1284 514 faciam,
1319 479 1398 505 11011
1433 480 1526 506 sane
1563 466 1691 518 video,
1717 482 1851 522 quem-

85 527 301 571 admodum
333 529 375 572 id
409 531 493 572 fieri
526 531 665 586 possit.
707 532 851 587 Neque
884 534 991 574 enim
1023 534 1080 576 ita
1115 541 1208 591 apta
1241 535 1369 578 habeo
1403 536 1640 590 deversoria,
1681 546 1727 580 ut
1766 546 1848 582 tota

82 606 124 644 te
194 617 263 645 ora
306 602 453 646 diurna
494 603 538 645 in
583 604 633 645 iis
682 606 831 660 possim
875 621 1122 659 consumere,
1167 624 1297 664 neque
1343 610 1391 651 ad
1443 611 1498 659 id,
1533 612 1640 667 quod
1674 616 1846 669 quaeris,
1893 633 1906 656 5

83 617 255 719 mffiptum
298 677 480 728 interest,
525 681 661 719 utrum
704 694 765 720 me
811 679 993 721 homines
1026 681 1069 722 in
1103 682 1250 738 oppido
1285 683 1448 725 videant
1480 700 1531 726 an
1564 686 1606 727 in
1642 686 1718 727 via.
1770 688 1845 728 Sed

0 287 46 503 Ξ
89 321 131 352 et
170 309 236 361 iis,
283 323 382 364 quas
429 316 500 352 tuo
532 310 710 363 nomine,
746 312 855 368 quod
887 313 1008 354 etiam
1043 329 1129 355 mea
1162 321 1302 371 sponte
1337 316 1534 370 videbam,
1569 323 1608 360 te
1641 319 1857 361 subdebili-

81 753 216 793 tamen
265 750 339 792 hoc
381 751 515 806 ipsum
559 751 665 793 sicut
709 751 787 793 alia
828 753 1102 804 considerabo,
1156 755 1494 810 quemadmodum
1528 759 1845 801 commodissime

81 823 166 866 fieri
210 839 325 880 posse
374 824 570 866 videatur.
617 828 658 866 3.
704 826 790 881 Ego
835 831 995 882 propter
1042 828 1320 870 incredibilem
1369 836 1408 871 et
1441 831 1564 872 animi
1595 836 1639 872 et
1671 834 1846 887 corporis

81 897 304 940 molestiam
338 900 531 940 conficere
565 899 698 955 plures
732 899 867 941 literas
901 915 981 941 non
1015 902 1128 956 potui
1143 920 1153 952 ς
1189 901 1238 942 iis
1261 908 1419 944 tantum
1444 904 1639 959 rescripsi,
1659 905 1846 960 aquibus

80 985 323 1028 acceperam.
370 972 433 1013 Tu
467 972 585 1014 velim
619 978 659 1014 et
692 973 827 1015 Basilo
860 980 900 1015 et
933 973 1082 1028 quibus
1116 980 1319 1029 praeterea
1356 976 1570 1028 videbitur,
1606 977 1726 1018 etiam
1759 979 1846 1019 Ser·
1871 995 1902 1020 ιο

79 1044 175 1087 vilio
218 1045 461 1096 conscribas,
503 1052 549 1088 ut
590 1046 667 1088 tibi
715 1046 928 1098 videbitur,
974 1063 1061 1088 meo
1102 1049 1276 1090 nomine.
1329 1050 1447 1101 Quod
1492 1056 1604 1092 tanto
1636 1051 1845 1093 intervallo

78 1117 182 1159 nihil
215 1119 378 1161 omnino
411 1119 462 1161 ad
496 1134 565 1161 vos
597 1121 752 1176 scripsi,
788 1121 850 1162 his
882 1121 1010 1163 literis
1044 1122 1222 1178 profecto
1244 1123 1447 1178 intelliges
1471 1139 1554 1165 rem
1579 1124 1677 1166 mihi
1695 1123 1843 1171 deesse.

78 1191 128 1234 de
167 1207 247 1249 qua
289 1192 475 1245 scribam,
524 1209 605 1235 non
650 1194 912 1236 voluntatem.
965 1198 1005 1236 4.
1048 1195 1167 1248 Quod
1210 1195 1258 1237 de
1302 1197 1465 1238 Vatinio
1510 1199 1681 1254 quaeris,
1717 1214 1844 1254 neque

79 1266 189 1309 illius
221 1256 351 1322 neque
384 1267 623 1323 cuiusquam
657 1266 757 1308 mihi
790 1271 994 1323 praeterea
1027 1268 1202 1310 officium
1236 1268 1404 1320 deesset,
1437 1270 1470 1311 si
1490 1285 1531 1312 re
1562 1271 1661 1312 erire
1685 1282 1845 1327 possent

80 1353 161 1395 qua
202 1340 247 1382 in
293 1355 334 1382 re
377 1356 440 1383 me
482 1341 682 1383 iuvarent.
727 1341 908 1394 Quintus
955 1342 1206 1383 aversissimo
1255 1358 1277 1383 a
1322 1358 1382 1384 me
1423 1344 1490 1386 ani
1590 1345 1720 1386 Patris
1754 1346 1844 1388 fuit.
1868 1360 1900 1386 15

79 1412 234 1455 Eodem
267 1413 439 1471 Corcyra
471 1414 578 1458 fflius
612 1415 734 1457 venit.
780 1414 881 1456 Inde
916 1415 1113 1471 profectos
1147 1431 1213 1457 eos
1247 1431 1328 1458 una
1361 1432 1451 1458 cum
1487 1418 1627 1460 ceteris
1661 1417 1844 1461 arbitror.

123 1579 162 1611 12
183 1580 229 1612 ad
247 1590 310 1626 voa,
326 1581 475 1622 profecto
495 1581 652 1623 intelligis
675 1601 715 1606 «-

78 1733 172 1766 fracti
193 1740 227 1766 61
247 1735 410 1766 debilitati
433 1745 500 1766 non
524 1736 568 1766 sit
589 1744 677 1766 nova
699 1735 810 1766 statim
833 1735 938 1766 consi·
985 1749 1019 1768 re
1041 1738 1232 1768 intellectum
1257 1741 1314 1769 est.
1339 1739 1403 1771 Off.
1427 1739 1545 1770 111.33
1563 1739 1661 1770 multa
1673 1743 1844 1781 praecepta

76 1788 123 1820 lia
143 1788 239 1826 inire,
261 1789 381 1821 melius
413 1789 572 1830 scriptum
599 1788 728 1820 fuisset:
764 1788 872 1820 Subita
904 1799 939 1820 re
982 1793 1068 1829 sunt,
1090 1791 1198 1832 quibus
1212 1791 1352 1832 perspici
1366 1792 1482 1832 possit.

77 1839 202 1872 minime
221 1841 431 1873 debilitatum.
453 1842 570 1883 Itaque
592 1841 848 1873 subdebilitatum
865 1842 938 1873 reti·
1027 1845 1045 1884 ξ
1067 1847 1096 1876 4.
1123 1844 1214 1886 Quod
1233 1845 1272 1876 de
1301 1844 1428 1877 Vatinio
1450 1847 1577 1888 quaeris
1597 1858 1641 1878 sc.
1655 1858 1720 1889 quo
1737 1849 1770 1879 iu
1791 1859 1844 1880 me

76 1895 150 1928 neri
170 1905 266 1938 posse
287 1897 447 1928 concedo.
960 1916 962 1918 -
984 1898 1096 1929 animo
1118 1908 1207 1929 nunc
1220 1899 1270 1929 sit.
1296 1899 1453 1931 Vatinius
1466 1905 1545 1931 tunc
1560 1901 1740 1932 Brundisio
1755 1912 1843 1942 prae—

119 1949 139 1990 §
161 1948 190 1980 3.
223 1947 350 1990 Scripsi,
380 1949 430 1980 hia
464 1949 570 1981 citeris
590 1950 740 1991 profecto
764 1950 935 1992 intelliqes.
958 1923 962 2004 Ι
985 1956 1063 1982 erat.
1090 1951 1158 1982 vid.
1183 1950 1276 1983 Caes.
1299 1952 1339 1983 de
1362 1953 1402 1983 B.
1424 1952 1463 1984 G.
1486 1952 1553 1984 111.
1576 1953 1646 1984 100.

77 2001 191 2034 Verba
210 2001 339 2043 scriptis
359 2002 472 2040 literis,
506 2012 591 2043 quae
612 2012 728 2035 omnes
749 2004 845 2045 codd.
868 2004 938 2035 noti
958 2006 961 2043 i
1029 2005 1165 2046 Quintus
1187 2006 1384 2037 aversissimo
1405 2018 1425 2037 α
1448 2017 1494 2038 me
1516 2007 1620 2038 animo
1643 2007 1752 2039 Patris
1757 2009 1841 2050 suil.

75 2055 209 2093 habent,
231 2060 354 2088 certam
375 2056 619 2088 correctionem
640 2057 814 2098 praebent:
848 2047 961 2109 Quadi
983 2060 1083 2091 Unde
1115 2065 1249 2101 repente
1279 2060 1364 2091 illud
1393 2060 1513 2100 Quinti
1545 2062 1658 2093 odium
1689 2072 1766 2103 erga
1795 2064 1842 2094 M.

26 2150 30 2152 -
75 2109 102 2138 t.
123 2107 148 2140 i.
170 2107 254 2139 nihil
283 2107 406 2140 omnino
438 2109 484 2140 ad
511 2118 565 2140 vos
598 2109 634 2149 (i.
658 2118 685 2141 e.
719 2109 873 2141 Atticum
905 2115 938 2142 et
957 2118 961 2144 ῐ
980 2113 1117 2145 fratrem
1151 2114 1309 2154 eruperit,
1333 2124 1401 2145 non
1437 2115 1515 2146 satis
1544 2121 1694 2147 constare
1723 2116 1842 2147 Schut-

74 2166 200 2195 ceteros
221 2162 415 2204 familiares)
451 2163 574 2204 scripsi,
597 2163 647 2195 his
668 2163 775 2195 literis
789 2164 936 2205 profecto
957 2153 961 2201 Ι
981 2165 1052 2196 zius
1082 2165 1196 2197 scribit
1204 2180 1211 2203 3
1243 2167 1427 2207 suspicatur
1455 2173 1565 2198 tamen
1587 2167 1675 2198 hune
1707 2168 1757 2198 illi
1787 2178 1843 2200 ex·

73 2214 237 2257 intelli9ee
257 2220 319 2248 cet.
353 2215 452 2247 Hanc
474 2216 741 2248 emendationem
763 2207 960 2258 occupavit!
981 2219 1162 2260 probrasse,
1200 2220 1288 2260 quod
1315 2229 1349 2251 se
1382 2220 1548 2252 incitasset
1577 2221 1618 2252 ad
1646 2221 1841 2262 Pompeium

74 2271 334 2313 Wesenbergius
355 2272 498 2304 Emend.
520 2282 548 2313 p.
573 2273 623 2310 45,
653 2272 711 2314 qui
733 2272 860 2304 addidit
883 2271 936 2304 Ci-
980 2273 1273 2314 consequendum;
1299 2273 1465 2312 Quintum
1487 2279 1595 2306 autem
1618 2280 1757 2315 putasse,
1782 2276 1841 2306 fra-

74 2333 229 2356 ceronem
250 2333 347 2366 saepe
382 2324 506 2356 dixisse
537 2324 645 2365 aliqua
677 2334 712 2356 re
746 2324 934 2365 madiy-ere,
983 2332 1067 2359 trem
1091 2327 1177 2359 velle
1199 2327 1296 2359 huius
1319 2328 1451 2359 consilii
1473 2328 1604 2369 culpam
1628 2330 1661 2359 in
1686 2339 1719 2361 se
1735 2334 1840 2361 trans-

75 2386 268 2418 ooqnowere,
284 2377 466 2418 perspicere
487 2387 548 2418 pro
569 2387 610 2409 ex
630 2376 740 2419 aliqua
763 2388 806 2415 re,
829 2378 934 2409 citans
982 2379 1078 2412 ferre.

74 2429 168 2462 Fam.
189 2431 218 2463 Ι.
241 2432 259 2462 5
283 2431 314 2469 b,
340 2431 357 2462 1
394 2441 432 2462 ea
466 2433 498 2462 te
525 2433 557 2462 et
587 2431 693 2462 literis
713 2432 880 2463 multorum
903 2433 933 2462 et
1026 2434 1190 2476 Profictoa
1214 2436 1248 2468 in
1272 2436 1389 2468 Asiam
1412 2437 1453 2468 ad
1476 2438 1651 2469 Caesarem
1667 2438 1839 2478 deprecan-

75 2483 196 2516 nuntiis
216 2494 364 2526 coqnosse
388 2484 537 2516 arbitror.
560 2485 658 2518 Adde
679 2485 752 2517 Mil.
777 2484 816 2518 27
851 2486 934 2527 quod
982 2487 1072 2525 dum,
1094 2493 1130 2519 ut
1152 2497 1195 2520 ex
1217 2498 1267 2529 ep.
1290 2498 1357 2529 seq.
1380 2490 1398 2529 ξ
1421 2488 1439 2521 7
1462 2489 1625 2520 novimus.

704 2617 777 2657 VJ.
841 2618 906 2670 (A.
947 2617 992 2659 U.
1030 2619 1073 2659 0.
1110 2619 1228 2673 706.)

138 2743 179 2782 1.
213 2741 437 2783 Sollicitum
471 2757 555 2783 esse
587 2749 628 2783 te
662 2757 754 2783 cum
787 2743 836 2784 de
859 2744 941 2784 tuis
964 2744 1325 2800 communibusque
1344 2747 1530 2796 fortunis,
1555 2756 1641 2788 tum
1665 2749 1834 2788 maxime

74 2812 123 2854 de
155 2828 218 2855 me
251 2828 296 2855 ac
328 2814 378 2856 de
411 2813 546 2856 dolore
579 2828 667 2855 meo
700 2814 854 2866 sentio,
888 2817 959 2870 qui
1000 2818 1163 2872 quidem
1197 2833 1310 2859 meus
1343 2818 1456 2860 dolor
1489 2834 1567 2859 nou
1603 2819 1720 2860 modo
1753 2835 1830 2860 uon

40 2892 43 2893 ⁷
73 2886 288 2938 minuitur,
328 2901 452 2942 quum
497 2887 648 2928 socium
692 2885 769 2927 sibi
803 2886 989 2943 adiungit
1021 2888 1196 2931 dolorem
1230 2897 1360 2942 tuum,
1396 2890 1462 2932 sed
1498 2891 1614 2931 etiam
1650 2902 1830 2944 nugetur.

30 2999 33 3001 ,
74 2957 250 3000 Omnino
282 2974 354 3014 pro
386 2963 458 3000 tua
490 2958 706 3014 prudentia
738 2959 862 3001 sentis
896 2975 975 3014 qua
1006 2962 1277 3004 consolatione
1309 2963 1431 3004 levari
1467 2963 1635 3004 maxime
1671 2964 1830 3017 possim.
1874 2985 1885 3007 ·,

74 3029 225 3073 Probas
271 3031 378 3073 enim
427 3045 561 3072 meum
609 3031 822 3074 consilium
871 3024 1070 3088 negasque
1119 3034 1215 3075 mihi
1268 3034 1484 3091 quidquam
1537 3035 1604 3075 tali
1658 3046 1830 3091 tvmporv

116 3184 136 3214 8
156 3183 246 3215 dolor
268 3195 353 3217 meua
375 3205 382 3209 -
