2062 3565
274 175 358 214 100
678 178 762 219 ΕΡ.
797 178 873 219 AD
907 180 953 220 T.
989 179 1339 225 POMPONIFM
1373 184 1640 228 AT'HCUM.

269 309 373 349 tensi
411 309 545 350 Curio.
595 314 634 351 2.
678 312 833 354 Iniecta
877 320 1011 355 autem
1044 315 1146 356 mihi
1179 332 1268 371 spes
1303 319 1499 373 quaedam
1533 326 1594 362 est
1626 321 1726 363 velle
1759 338 1916 366 mecum
1951 326 2034 369 Ser.

270 380 491 434 Sulpicium
541 382 727 438 colloqui.
783 385 847 426 Ad
893 401 985 427 eum
1023 387 1115 428 misi
1159 388 1423 432 Philotimum
1468 391 1658 435 libertum
1690 410 1783 436 cum
1815 396 1967 448 literis;
2002 399 2033 440 si

269 452 328 491 111·
361 467 443 493 esse
475 454 592 504 volet,
628 457 826 510 praeclara
861 452 1075 502 σύνοδία
1089 476 1111 512 ,·
1146 461 1207 502 sin
1253 470 1386 504 autem
1415 498 1421 504 .
1451 497 1458 505 .
1486 498 1494 505 .
1524 498 1530 506 .
1566 466 1715 508 erimus
1747 483 1834 519 nos,
1870 470 1940 523 qui
1972 485 2032 512 so-

266 524 409 565 lemus.
446 527 485 566 3.
521 527 642 587 Curio
675 544 831 571 mecum
866 532 967 573 vixit
999 533 1127 574 iacere
1162 535 1373 578 Caesarem
1405 545 1554 594 putans
1595 542 1813 585 offensione
1835 543 2032 598 populari,

231 611 245 635 5
267 596 505 652 Siciliaeque
549 599 747 652 diffidens,
793 603 826 644 si
874 604 1089 660 Pompeius
1138 609 1325 663 navigare
1359 612 1568 666 coepisset.
1624 613 1825 665 Quintum
1865 613 2032 671 puerum

266 670 401 724 accepi
423 670 690 714 vehementer.
726 676 947 718 Avaritiam
970 677 1085 720 video
1109 679 1230 722 fuisse
1254 687 1294 723 et
1317 699 1426 738 spem
1452 686 1586 740 magni
1605 688 1814 742 congiarii.
1833 689 2031 743 Magnum
2043 696 2053 714 ‘³

266 740 339 782 hoe
374 743 523 784 malum
557 751 630 795 est,
666 746 735 786 sed
782 748 910 789 scelus
944 749 1060 801 illud,
1107 753 1212 806 quod
1246 755 1523 808 timueramus,
1558 774 1672 813 spero
1705 760 1862 802 nullum
1896 761 2031 804 fuisse.

266 813 352 854 Hoc
403 820 535 857 autem
579 818 724 859 vitium
773 825 870 875 puto
914 827 953 863 te
997 823 1224 867 existimare
1269 843 1350 869 non
1395 844 1417 870 a
1449 836 1584 871 nostra
1617 831 1871 886 indulgentia
1905 833 1975 874 sed
2007 848 2030 875 a

263 890 406 927 natura
438 889 674 943 profectum,
710 908 829 947 quem
862 900 996 936 tamen
1030 912 1102 938 nos
1137 898 1349 956 disciplina
1383 903 1571 956 regimus.
1607 904 1667 945 De
1701 905 1844 960 Oppiis
1868 906 2028 948 Velien-

210 977 243 1003 10
263 958 375 1001 sibus
419 961 517 1015 quid
560 963 718 1018 placeat
757 981 848 1007 cum
893 968 1113 1011 Philotimo
1146 972 1315 1015 videbis.
1367 976 1534 1030 Epirum
1570 981 1747 1018 nostram
1782 977 2028 1032 putabimus,

262 1032 330 1073 sed
365 1034 464 1075 alios
497 1050 636 1077 cursus
671 1037 904 1081 videbamur
939 1040 1132 1084 habituri.

301 1208 319 1248 ξ
342 1208 371 1239 2.
395 1207 456 1240 Cff.
480 1210 638 1251 epistolae
661 1213 701 1243 ad
725 1211 879 1245 Servium
909 1216 1002 1247 datae
1024 1216 1117 1248 Fam.
1142 1210 1146 1254 l
1211 1222 1307 1258 Quem
1330 1223 1474 1263 reyimus.
1505 1225 1638 1256 Ernesti
1660 1226 1744 1256 coni.
1767 1236 1856 1266 quam
1879 1242 1920 1247 -—
1942 1235 2025 1266 reye-

259 1260 319 1291 IV.
343 1261 359 1291 1
385 1267 416 1293 et
438 1262 467 1293 2.
1141 1270 1145 1334 J
1163 1285 1230 1306 mus
1252 1282 1401 1317 receptae
1423 1277 1558 1309 lectioni
1581 1279 1681 1319 longe
1702 1284 1856 1320 praestat.

299 1313 316 1353 ξ
340 1315 369 1345 3.
395 1314 488 1345 Curio
509 1325 621 1347 mecum
645 1317 726 1348 vixit
748 1327 781 1348 o:
807 1319 863 1350 diu
887 1329 1018 1351 mecum
1042 1321 1115 1354 fuit.
1142 1338 1143 1346 1
1204 1328 1253 1359 De
1285 1328 1392 1369 Oppiis
1421 1330 1461 1361 cf.
1496 1332 1588 1372 epist.
1618 1334 1648 1368 4,
1686 1332 1735 1362 12.
1781 1330 1940 1362 Velienses
1968 1341 2022 1363 vo·
2047 1351 2050 1354 >

255 1365 294 1396 es·
318 1367 359 1398 ad
380 1367 443 1398 IV·
469 1368 516 1405 15,
543 1370 569 1399 5·
1162 1387 1222 1419 cat,
1258 1383 1346 1422 quod
1387 1382 1421 1413 in
1459 1383 1558 1414 Velia
1587 1384 1789 1415 habitabant.
1818 1383 1906 1416 conf.
1936 1384 2021 1416 VII.
2046 1380 2050 1390 ³

299 1419 481 1461 Offensione
506 1422 658 1463 populari
687 1433 720 1454 o:
767 1434 805 1456 eo
838 1426 926 1466 quod
957 1427 1116 1467 populum
1164 1435 1202 1466 13
1226 1445 1254 1473 a,
1279 1437 1308 1466 5,

255 1472 392 1504 offendit
415 1474 540 1505 aeram'o
562 1475 697 1506 violato.
721 1476 761 1507 cf.
785 1486 835 1518 ep.
858 1479 887 1515 4,
912 1478 940 1509 8.
1140 1465 1142 1485 '
1202 1488 1328 1530 Epirum
1358 1492 1495 1521 nostram
1529 1490 1715 1530 putabimus,
1748 1497 1808 1523 cet.
1839 1501 1873 1522 o:
1907 1491 2020 1533 Epiro-

295 1525 323 1555 A
346 1529 456 1557 nostra
479 1527 678 1568 indeclqenlia
705 1547 746 1552 —
760 1532 951 1570 projectum.
983 1531 1116 1563 Lambi-
1162 1544 1234 1574 ticis
1258 1544 1322 1575 tuis
1345 1544 1486 1584 praediis
1508 1549 1582 1575 utar
1604 1549 1761 1585 tanquam
1791 1545 1883 1582 meis,
1917 1546 1944 1576 si
1975 1550 2019 1576 ta,-

254 1589 316 1610 nus
338 1581 615 1621 praepositionem
638 1592 656 1612 a
693 1583 808 1615 scribis
839 1585 995 1616 omissam
1028 1591 1114 1617 recte
1138 1608 1237 1638 {men
1259 1598 1294 1628 in
1321 1608 1394 1629 eam
1415 1598 1586 1638 regionem
1620 1608 1672 1630 me
1707 1599 1888 1636 contulero,
1928 1599 2016 1639 quod

251 1633 386 1665 addidit.
419 1634 462 1664 cf.
485 1634 701 1675 Wesenberg.
737 1638 777 1667 ad
807 1637 904 1669 Tusc.
939 1639 1016 1670 Vol.
1049 1639 1111 1670 IV.
1137 1643 1226 1683 {non
1250 1658 1338 1691 pum,

251 1698 280 1728 p.
304 1688 363 1721 367
388 1690 437 1720 ed..
463 1688 520 1722 Or.
543 1690 598 1721 alt.

851 1822 973 1863 VIII.
1041 1825 1105 1875 (A.
1149 1824 1193 1864 U.
1229 1821 1270 1862 C.
1310 1823 1427 1876 705.)

311 1961 349 1999 l.
385 1959 439 2000 Et.
472 1975 533 2001 res
566 1961 651 2015 ipsa
686 1960 874 2002 monebat
907 1968 947 2002 et
981 1968 1027 2003 tu
1061 1960 1291 2002 ostenderas
1325 1966 1365 2001 et
1397 1973 1470 2014 ego
1503 1958 1703 2011 videbam,
1732 1959 1781 2001 de
1803 1960 1854 2001 iis
1876 1960 2009 2012 rebus,
2035 2017 2038 2020 ἢ

246 2046 344 2086 quas
392 2032 579 2088 intercipi
629 2034 897 2089 periculosum
940 2042 1057 2084 esset,
1103 2035 1222 2075 finem
1255 2033 1359 2073 inter
1392 2047 1465 2073 nos
1498 2030 1700 2073 scribendi
1732 2032 1818 2074 fieri
1851 2039 2010 2089 tempus

245 2119 343 2145 esse.
379 2104 471 2154 Sed,
506 2120 630 2160 quum
664 2105 714 2146 ad
744 2121 805 2147 me
841 2121 955 2161 saepe
990 2121 1077 2147 mea
1107 2106 1239 2147 Tullia
1272 2104 1421 2146 scribat
1454 2119 1584 2156 orans,
1608 2112 1655 2146 ut
1678 2104 1775 2160 quid
1798 2107 1842 2154 in
1861 2107 2007 2162 Hispa-

211 2199 224 2222 5
243 2179 311 2219 nia
359 2183 519 2233 geratur
563 2185 803 2234 exspectem,
849 2186 889 2220 et
921 2194 1075 2235 semper
1109 2177 1310 2220 adscribat
1341 2177 1450 2218 idem
1482 2177 1609 2219 videri
1642 2177 1732 2230 tibi,
1767 2177 1889 2233 idque
1922 2179 2006 2235 ipse

243 2252 363 2292 etiarn
397 2267 445 2292 ex
477 2252 559 2292 tuis
591 2251 718 2292 literis
751 2251 1030 2302 intellexerim,
1065 2266 1146 2292 non
1179 2256 1277 2305 puto
1311 2265 1395 2291 esse
1429 2249 1602 2291 alienum
1640 2265 1703 2291 me
1737 2250 1787 2292 ad
1819 2256 1875 2303 te,
1909 2251 2006 2307 quid

243 2324 291 2365 de
337 2339 382 2365 ea
424 2339 465 2365 re
509 2324 693 2374 sentiam,
736 2324 922 2365 scribere.
967 2327 1007 2365 2.
1049 2323 1271 2365 Consilium
1314 2322 1424 2364 istud
1468 2328 1566 2364 tunc
1600 2329 1703 2365 esset
1735 2323 1925 2379 prudens,
1958 2329 2006 2366 ut

242 2397 341 2438 mihi
383 2397 555 2448 videtur,
608 2398 642 2438 si
676 2403 830 2438 nostras
862 2397 1037 2438 rationes
1071 2396 1120 2437 ad
1155 2396 1466 2451 Hispaniensem
1500 2410 1636 2437 casum
1668 2396 2006 2438 accommodaturi

241 2485 430 2521 essemus,
465 2469 572 2524 quod
606 2470 690 2510 fieri
722 2470 750 2493 ⁹⁶
783 2468 810 2493 ÷÷
843 2470 885 2510 ἦ.
919 2470 1094 2511 Necesse
1127 2475 1189 2510 est
1221 2469 1328 2509 enim
1361 2473 1445 2519 aut,
1478 2468 1521 2510 id
1545 2468 1652 2522 quod
1674 2468 1845 2510 maxime
1868 2468 2001 2521 velim,

188 2568 225 2594 10
240 2543 336 2598 pelli
377 2543 500 2584 istum
550 2542 600 2583 ab
648 2543 860 2598 Hispania,
907 2548 977 2584 aut
1018 2542 1125 2583 trahi
1172 2542 1215 2582 id
1249 2541 1414 2592 bellum,
1451 2546 1520 2582 aut
1553 2541 1690 2592 istum,
1725 2545 1772 2582 ut
1804 2541 2002 2583 confidere

240 2615 412 2666 videtur,
451 2615 746 2670 apprehendere
796 2616 1028 2671 Hispanias.
1086 2615 1128 2656 Si
1176 2614 1360 2669 pelletur,
1406 2628 1525 2668 quam
1574 2617 1711 2668 gratus
1760 2619 1832 2655 aut
1880 2629 2000 2670 quam

240 2688 431 2730 honestus
463 2694 552 2729 tum
585 2689 660 2729 erit
693 2688 742 2729 ad
776 2689 1012 2744 Pompeium
1045 2692 1180 2728 noster
1213 2687 1423 2737 adventus,
1458 2701 1583 2740 quum
1616 2687 1748 2741 ipsum
1782 2686 1998 2729 Curionem

282 2866 300 2905 ξ
323 2866 353 2896 2.
382 2864 472 2905 Quod
489 2863 569 2905 fieri
579 2886 674 2894 ......
707 2863 841 2894 Excidit
871 2863 1004 2904 aliquid,
1035 2848 1118 2907 for-l
1182 2859 1282 2890 Istum
1305 2877 1348 2882 —
1368 2858 1472 2896 istum,
1495 2864 1672 2900 utrumque
1693 2860 1735 2891 de
1758 2858 1896 2892 Caesare
1918 2859 1997 2892 diei·
2020 2887 2026 2890 .

238 2925 322 2950 tasse
347 2928 408 2949 non
431 2917 531 2955 debet,
553 2921 589 2948 ut
611 2917 799 2957 suppletum
831 2922 878 2947 est
908 2916 942 2947 in
972 2916 1097 2947 Ascen·
1114 2910 1117 2942 ,¹
1137 2918 1199 2950 tur,
1225 2912 1411 2953 en·avitque
1444 2912 1623 2949 Ernestius,
1657 2922 1761 2953 quum
1792 2913 1900 2954 priore
1922 2913 1996 2944 loco

238 2972 335 3002 diana
357 2970 471 3011 prima,
494 2970 548 3001 vel
570 2969 687 3010 nequis.
720 2969 808 3000 Nam
830 2969 919 3009 quod
953 2967 1096 3000 Orellius
1113 2947 1116 2994 l
1136 2966 1225 2996 illum
1248 2965 1386 3006 scripsit,
1410 2965 1502 3005 quasi
1524 2965 1586 2996 hoc
1609 2965 1651 2996 ad
1671 2965 1869 3007 Pompeium
1898 2965 1995 3007 perti·
2013 2975 2023 2998 τ’

238 3025 379 3056 coniecit
400 3034 461 3055 non
484 3033 609 3054 necesse
631 3025 678 3053 est
700 3032 824 3060 vereor,
855 3031 897 3053 ne
927 3021 1096 3053 Ciceronis
1136 3024 1240 3050 neret.
1850 3051 1859 3054 .‚

238 3082 383 3109 mentem
404 3087 522 3118 parum
545 3075 717 3117 exprimat.
761 3075 861 3106 Alios
883 3074 1034 3106 similiter
1055 3075 1095 3106 de
1177 3072 1216 3104 Si
1255 3072 1291 3103 id
1330 3072 1469 3103 trahitur
1504 3072 1625 3102 bellum.
1658 3072 1870 3103 Recentiores
1901 3072 1992 3104 editt.
2019 3108 2025 3115 .

237 3130 270 3162 h.
294 3131 316 3160 1.
340 3130 522 3171 supplendo
543 3129 688 3160 iudicare
711 3128 853 3168 cognovi
877 3137 894 3159 e
924 3127 1095 3168 Philologi
1111 3150 1114 3192 Ι
1134 3127 1338 3158 Lambinum
1361 3127 1464 3157 secuti
1479 3126 1678 3167 scripserunt
1696 3125 1747 3156 sin
1763 3130 1877 3157 contra
1890 3126 1991 3158 libros

237 3183 301 3214 vol.
325 3182 425 3216 XXI.
450 3192 480 3223 p.
503 3181 561 3215 291
586 3181 620 3214 in
643 3181 752 3213 adnot.
776 3180 825 3211 11.
1134 3182 1223 3219 Mss„
1258 3182 1346 3223 quod
1380 3182 1433 3213 vel
1463 3182 1580 3214 iisdem
1612 3181 1725 3213 invitis
1757 3182 1990 3222 corrigendum
