2062 3565
690 153 796 197 Lsss.
831 155 947 197 XVI.
984 156 1066 198 ΕΡ.
1102 159 1143 197 6.
1183 157 1221 198 7.
1749 158 1833 199 357

72 292 113 331 ὃ.
159 289 266 332 Illud
311 290 428 332 velim
473 291 515 332 in
565 291 711 333 bonam
756 298 904 347 partem
951 294 1122 349 accipias
1167 310 1227 335 ine
1271 309 1386 349 agere
1432 303 1579 345 tecum,
1614 294 1720 350 quod
1756 295 1830 337 tibi

71 362 210 404 maiori
243 377 360 405 curae
395 363 515 405 sciam
550 379 634 405 esse
668 380 788 420 quam
821 365 896 421 ipsi
932 365 1046 407 mihi.
1082 366 1257 408 Nomina
1291 382 1390 417 mea,
1427 383 1494 422 per
1527 367 1636 419 deos,
1670 369 1827 424 expedi,

69 435 240 478 exsolve.
291 436 403 479 Bella
448 438 602 494 reliqua
646 439 803 492 reliqui,
849 439 916 481 sed
962 455 1062 496 opus
1106 445 1166 482 est
1200 441 1423 496 diligentia,
1459 442 1723 484 coheredibus
1758 458 1827 499 pro

69 508 264 551 Cluviano
296 510 391 552 Kal.
425 512 533 553 Sext.
570 512 814 567 persolutum
848 517 894 554 ut
926 513 993 554 sit.
1024 514 1126 555 Cum
1162 513 1337 555 Publilio
1371 530 1450 570 quo
1485 515 1602 557 modo
1626 515 1825 571 agendum

69 583 122 625 sit
164 583 333 626 videbis.
383 585 479 627 Non
523 585 642 627 debet
674 600 828 640 urgere,
863 587 1051 641 quoniam
1084 587 1170 628 iure
1204 602 1283 628 non
1319 588 1483 639 utimur,
1519 589 1587 630 sed
1624 594 1755 630 tamen
1790 590 1825 631 ei
1863 607 1876 631 5

0 705 11 715 .
69 671 227 713 quoque
260 658 442 700 satisfieri
476 658 592 714 plane
627 659 729 700 volo.
763 659 972 700 Terentiae
1007 675 1111 710 vero,
1146 660 1242 715 quid
1278 675 1350 715 ego
1385 661 1542 703 dicam?
1575 663 1710 704 Etiam
1734 668 1826 705 ante

69 730 189 782 diem,
233 732 267 773 si
309 736 436 788 potes.
486 732 610 784 Quin,
656 734 703 784 si,
744 738 791 774 ut
835 748 963 788 spero,
998 733 1178 775 celeriter
1210 735 1251 775 in
1286 734 1468 790 Epirum,
1505 736 1592 787 hoc,
1627 737 1732 792 quod
1767 753 1827 779 sa-

68 804 216 847 tisdato
248 804 388 857 debeo,
424 810 515 861 peto
548 821 570 848 a
601 811 655 856 te,
691 811 738 847 ut
770 813 861 848 ante
895 806 1102 862 provideas
1137 807 1331 862 planeque
1364 809 1552 864 expedias
1585 815 1625 851 et
1649 810 1826 852 solutum

69 877 283 933 relinquas.
332 882 372 921 4.
417 880 494 922 Sed
541 880 588 922 de
630 880 693 921 his
736 881 847 930 satis,
893 885 1119 936 metuoque,
1155 896 1204 922 ne
1239 886 1283 923 tu
1316 883 1486 924 nimium
1520 888 1649 938 putes.
1704 884 1827 926 Nunc

69 951 355 1008 negligentiam
402 969 528 996 meam
572 969 781 1010 cognosce.
831 955 891 995 De
936 954 1075 996 Gloria
1116 953 1263 996 librum
1308 955 1356 996 ad
1402 961 1439 997 te
1483 956 1595 997 misi:
1632 962 1674 998 at
1704 958 1747 999 in
1781 973 1827 999 eo
1848 971 1882 998 ιο

68 1027 314 1082 prooemium
352 1027 395 1070 id
435 1033 509 1079 est,
555 1027 661 1084 quod
706 1028 748 1068 in
795 1027 1033 1069 Academico
1075 1027 1207 1069 tertio.
1259 1028 1307 1070 Id
1352 1029 1485 1070 evenit
1526 1028 1576 1070 ob
1609 1046 1694 1072 eam
1728 1046 1824 1082 rem,

68 1098 176 1154 quod
218 1099 345 1143 habeo
393 1103 577 1144 volumen
624 1102 930 1158 prooemiorum.
982 1102 1043 1143 Ex
1087 1117 1133 1143 eo
1175 1102 1319 1157 eligere
1352 1102 1472 1153 solen,
1507 1117 1629 1157 quum
1663 1104 1826 1160 aliquod

68 1169 377 1233 σύγγραμμα
421 1176 596 1217 institui.
647 1175 790 1230 Itaque
834 1175 913 1216 iam
957 1175 1000 1216 in
1042 1174 1285 1226 Tusculano,
1332 1175 1401 1230 qui
1444 1191 1524 1217 non
1558 1178 1825 1220 meminissem

68 1261 130 1287 me
173 1245 342 1290 abusum
385 1249 462 1290 isto
510 1249 726 1304 prooemio,
771 1248 923 1290 conieci
969 1248 1011 1289 id
1055 1249 1096 1290 in
1141 1264 1232 1290 eum
1265 1249 1427 1300 librum,
1462 1265 1579 1305 quem
1612 1251 1688 1293 tibi
1721 1252 1827 1294 misi.

71 1320 208 1373 Quum
241 1326 374 1364 autem
407 1322 449 1364 in
483 1323 575 1364 navi
608 1322 778 1377 legerem
814 1321 1088 1371 Academicos,
1124 1323 1268 1376 agnovi
1302 1327 1476 1365 erratum
1505 1339 1650 1366 meum.
1686 1326 1828 1380 Itaque
1852 1339 1882 1365 15

72 1394 206 1436 statim
250 1411 398 1437 novum
443 1397 689 1452 prooemium
735 1395 892 1437 exaravi
936 1399 976 1436 et
1007 1394 1084 1436 tibi
1119 1396 1221 1437 misi.
1271 1397 1332 1437 Tu
1364 1396 1464 1438 illud
1500 1397 1717 1449 desecabis,
1753 1399 1828 1441 hoc

70 1468 356 1524 agglutinabis.
391 1470 515 1513 Piliae
549 1470 718 1512 salutem
752 1469 860 1511 dices
893 1472 934 1510 et
967 1469 1140 1519 Atticae,
1166 1468 1321 1510 deliciis
1343 1475 1462 1525 atque
1487 1471 1689 1514 amoribus
1714 1473 1826 1515 meis.

113 1633 132 1666 3
153 1618 332 1676 diliqent'ia.
357 1634 563 1668 offeremus
570 1659 651 1667 .....
675 1637 710 1666 at
731 1635 792 1672 m,-
816 1645 882 1666 oum
905 1634 1041 1667 Publilio
1066 1652 1106 1659 -
1132 1635 1169 1666 16
1191 1635 1339 1671 marm,-
1363 1635 1418 1666 cz‘oz·
1441 1635 1510 1666 mm
1531 1653 1570 1658 -

73 1794 206 1834 quidem
231 1794 362 1825 nullum
385 1794 481 1826 video
504 1804 573 1826 esse
607 1795 799 1836 periculum,
836 1795 930 1826 cuius
951 1795 954 1800 ’
1019 1794 1052 1825 Si
1075 1813 1114 1818 —-
1139 1795 1284 1826 celeriter
1307 1795 1339 1825 e'n
1363 1794 1487 1834 Epirum
1510 1804 1556 1826 sc.
1570 1796 1772 1836 profecturus
1786 1806 1830 1828 es·

71 1857 169 1879 causa
192 1847 336 1888 fugiam3
364 1853 397 1879 tu
421 1858 500 1880 vero
523 1858 576 1880 me
598 1858 732 1880 revocas
749 1849 789 1879 ad
806 1849 839 1880 id
852 1853 930 1880 tem·
951 1851 953 1875 1
1021 1847 1112 1888 Quod
1131 1847 1289 1878 satisdato
1310 1847 1414 1879 debeo.
1439 1847 1630 1880 1›Satisdat0
1643 1849 1749 1886 debet,
1772 1849 1830 1890 qui

71 1912 140 1942 pus,
164 1911 230 1942 quo
253 1902 286 1932 in
310 1902 417 1942 ipsum
439 1902 622 1942 periculum
642 1903 822 1934 incidan1.”
845 1913 930 1934 com-
950 1908 953 1932 ἵ
976 1915 1034 1945 pro
1056 1904 1122 1935 alio
1145 1905 1231 1935 cavit
1255 1904 1373 1935 idonea
1395 1903 1547 1935 cautione
1581 1904 1651 1945 [vel
1681 1905 1738 1946 qui
1762 1914 1831 1946 spo—

72 1966 189 1996 parans
211 1966 254 1988 ex
277 1966 326 1996 ep.
351 1956 377 1993 ἶ,
403 1957 422 1986 2
444 1957 524 1988 haec
549 1958 662 1988 verba:
696 1957 863 1998 Itafiebut
886 1959 930 1995 ui,
950 1962 953 1986 t
975 1957 1090 1998 pondit
1117 1967 1176 1998 pro
1206 1957 1271 1987 alio
1301 1966 1334 1987 se
1364 1955 1580 1997 soluturum}
1612 1956 1755 1988 Videtur
1785 1958 1832 1989 in·

73 2009 143 2040 (lum
168 2010 270 2040 minvs
285 2010 425 2050 periculi
447 2010 616 2048 videretur,
635 2010 782 2048 abessem,
796 2011 930 2053 inflam-
949 2010 952 2052 Ι
975 2011 1130 2052 telligere
1153 2011 1305 2042 Montani
1329 2020 1460 2047 nomen,
1488 2020 1547 2051 pro
1569 2021 1634 2052 quo
1656 2020 1690 2043 se
1712 2012 1832 2043 solutu-

70 2075 151 2095 mam
171 2065 271 2105 ipsam
294 2065 440 2096 venirem.
475 2065 542 2097 Sed
565 2065 646 2095 enim
668 2066 791 2098 servari
822 2067 928 2104 debet,
975 2077 1048 2098 rum
1071 2067 1300 2108 spoponderat,
1325 2076 1373 2106 ep.
1396 2066 1444 2103 15,
1469 2067 1486 2096 5
1510 2066 1542 2097 h.
1566 2066 1614 2096 l.''
1634 2064 1735 2097 Gron.

70 2123 106 2150 ut
130 2118 204 2150 aliis
229 2119 262 2150 in
287 2119 367 2150 locis
391 2119 449 2151 ubi
471 2120 613 2152 editores
635 2122 739 2150 autem
755 2121 930 2153 substitue·
949 2136 952 2174 ι
1018 2121 1034 2161 ξ
1057 2122 1087 2151 4.
1115 2119 1260 2151 Volumen
1277 2119 1514 2160 prooemiorum.
1537 2118 1594 2151 Sic
1615 2129 1744 2162 quoque
1766 2120 1830 2152 De—

70 2177 156 2204 runt.
180 2172 230 2204 Cf.
253 2173 380 2205 Handii
402 2174 498 2205 Tui-s.
522 2175 569 2205 ΙΙ.
595 2185 626 2215 p.
649 2175 710 2206 382
733 2185 780 2216 sq.
949 2211 951 2215 Ι
973 2175 1161 2206 mosthenes
1185 2173 1351 2214 prooemia
1366 2173 1586 2214 composuisse
1605 2178 1745 2214 putatur,
1761 2175 1830 2216 qui-

112 2223 130 2262 §
154 2224 182 2255 3.
206 2223 255 2255 Cf.
278 2225 388 2256 adnot.
412 2226 453 2256 ad
475 2235 525 2265 ep.
548 2226 576 2262 2,
600 2226 615 2256 1
641 2226 672 2256 h.
697 2226 717 2256 1.
948 2218 951 2255 1
975 2229 1033 2259 bus
1055 2228 1175 2259 deinde
1197 2232 1351 2258 uteretur.
1393 2226 1460 2259 Sed
1485 2227 1518 2258 in
1543 2227 1583 2258 iis
1605 2237 1688 2268 quac
1722 2238 1832 2269 super-

112 2278 307 2309 Persolutum
331 2281 365 2308 ut
387 2279 440 2310 sit.
478 2280 634 2318 Orellius,
656 2291 756 2322 quem
779 2282 928 2323 sequitur
948 2286 950 2315 1
974 2288 1051 2313 sunt
1073 2281 1213 2313 rhetoris
1237 2291 1374 2312 manum
1396 2281 1492 2313 facile
1515 2291 1684 2322 agnoscas.

69 2333 234 2370 Klotzius‚
267 2334 348 2365 haec
380 2334 425 2365 ita
446 2335 632 2375 distinguit,
659 2345 696 2366 ac
718 2337 746 2367 si
769 2337 862 2374 haec,
892 2344 927 2368 ut
949 2324 950 2330 ἵ
1016 2335 1157 2367 Eraravz'
1180 2341 1208 2366 et
1232 2335 1289 2366 cibi
1311 2335 1390 2366 misi.
1415 2335 1552 2366 Rectius
1574 2335 1619 2366 ita
1640 2342 1689 2367 est
1711 2336 1745 2367 in
1761 2342 1828 2368 ant.

69 2397 107 2419 ea
129 2396 212 2428 quae
233 2392 423 2428 sequuntur,
447 2389 627 2428 penderent
649 2399 667 2419 a
698 2389 824 2420 videbis.
862 2390 926 2421 Ve-
972 2390 1073 2427 editt„
1110 2399 1209 2430 quam
1232 2394 1269 2419 ut
1297 2388 1496 2419 recentiores
1529 2388 1729 2430 scripserunt
1757 2389 1829 2422 sine

69 2441 189 2472 riorem
211 2445 291 2481 puto
313 2440 520 2482 superiorum
549 2441 712 2473 editorum
746 2442 927 2474 distinctio·
971 2444 1099 2484 copula.
1121 2443 1162 2474 In
1186 2443 1274 2474 Med.
1298 2442 1415 2474 vitiose
1437 2442 1595 2484 scriptum
1618 2448 1667 2474 est
1681 2445 1828 2474 exaravit

71 2503 146 2526 nem
168 2503 308 2535 eamque
330 2494 492 2526 revocavi.
945 2517 948 2524 ·
972 2498 1037 2530 tibi.

677 2629 774 2671 VII.
839 2631 905 2684 (A.
946 2630 991 2671 [J.
1029 2631 1071 2672 C.
1108 2630 1226 2686 710.)

134 2757 174 2797 1.
209 2769 309 2798 vm.
342 2756 406 2797 Id.
441 2757 550 2798 Sext.
583 2771 706 2811 quum
740 2771 762 2798 a
800 2757 1048 2814 Leucopetra
1080 2758 1282 2814 profectus
1316 2783 1373 2788 ——
1406 2757 1501 2799 inde
1534 2758 1640 2800 enim
1672 2760 1825 2801 tramit-

69 2826 205 2870 tebam
245 2854 302 2859 —
350 2828 479 2870 stadia
522 2829 679 2871 circiter
722 2843 814 2872 ccc.
858 2832 1153 2886 processissem,
1197 2831 1368 2873 reiectus
1412 2847 1498 2873 sum
1542 2836 1676 2873 austro
1710 2831 1825 2873 vehe-

69 2901 195 2943 menti
239 2901 289 2943 ad
331 2901 498 2943 eandem
533 2902 834 2958 Leucopetram.
878 2903 943 2945 Ibi
976 2919 1100 2959 quum
1134 2909 1297 2946 ventum
1330 2909 1613 2960 exspectarem,
1649 2928 1705 2934 ——
1739 2910 1825 2946 erat

112 3077 131 3117 ξ
155 3077 183 3108 l.
209 3076 448 3110 Commentarii
469 3079 574 3110 instar
603 3085 689 3118 sunt,
726 3090 809 3122 quae
838 3080 926 3112 dixit
946 3072 950 3135 ff
972 3081 1042 3112 bus.
1066 3082 1106 3113 In
1130 3082 1274 3113 eiusdem
1299 3081 1346 3112 rei
1368 3081 1534 3112 mentione
1558 3081 1590 3111 in
1615 3079 1702 3110 Phil.
1720 3081 1824 3120 prima

72 3129 189 3162 cicero
210 3130 298 3164 Phil.
320 3132 348 3164 I.
371 3132 398 3165 3.
946 3138 947 3170 1
970 3135 1056 3167 male
1079 3136 1155 3166 addi
1178 3134 1352 3167 Sextilibus
1373 3134 1483 3166 docuit
1504 3132 1693 3174 Madvigius
1716 3132 1755 3166 Ο.
1778 3135 1828 3166 Α.

116 3182 271 3216 Kalendis
299 3195 353 3228 np.
384 3186 554 3227 proximis,
583 3187 616 3219 id
644 3192 694 3220 est
721 3186 924 3231 Septembri·
944 3191 947 3213 ῖ
970 3189 998 3221 Ι.
1021 3200 1052 3231 p.
1079 3189 1139 3220 163
1163 3200 1213 3231 sq.
