2062 3565
110 929 144 956 10

110 1296 143 1321 15

167 120 256 161 334
565 122 649 162 ΕΡ.
683 121 759 162 AD
792 121 838 161 Τ.
872 120 1222 162 POMPONIUM
1255 120 1520 163 ATTICUM.

164 255 296 297 media
328 256 434 297 enim
465 256 573 297 tollit
606 256 823 298 Antonius.
857 256 934 298 ma
966 256 1138 306 infirma,
1173 255 1272 298 haec
1294 256 1463 298 nefaria.
1497 257 1761 313 Properemus
1784 258 1923 312 igitur.

164 329 242 370 Sed
285 330 378 370 iuva
426 344 488 370 me
532 330 699 371 consilio
745 329 1018 372 Brundisione
1060 345 1111 372 an
1154 330 1350 372 Puteolis.
1395 331 1547 372 Brutus
1580 331 1744 387 quidem
1777 330 1926 380 subite,

166 401 235 442 sed
275 401 487 456 sapienter.
533 400 741 461 Πάσχω
784 419 849 445 τι.
893 402 1067 455 Quando
1112 403 1220 444 enim
1252 403 1398 445 iHum?
1431 403 1510 445 Sed
1542 403 1718 445 humana
1750 403 1927 445 ferenda.

164 475 226 515 Tu
257 473 343 530 ipse
376 490 467 516 eum
501 475 634 517 videre
667 491 749 518 non
781 481 909 532 potes.
942 476 1012 517 Dii
1044 476 1105 518 issi
1139 481 1311 526 mortuo,
1346 477 1417 532 qui
1450 491 1632 532 unquam
1655 476 1924 518 Buthrotum!

166 546 244 588 Sed
284 552 372 589 acta
415 549 550 590 missa.
598 549 818 592 Videamus
861 564 964 605 quae
1007 549 1163 605 agenda
1208 550 1304 591 sint.
1351 553 1392 591 4.
1439 549 1630 591 Rationes
1671 550 1818 602 Erotis,
1853 551 1929 593 etsi

165 620 298 675 ipsum
330 620 512 662 nondum
544 621 643 673 vidi,
678 627 813 664 tamen
848 627 888 664 et
922 638 970 663 ex
1002 622 1130 664 literis
1163 623 1250 664 eius
1283 627 1324 664 et
1356 638 1406 664 ex
1439 638 1499 673 e0,
1535 622 1643 677 quod
1674 623 1766 665 Tiro
1784 638 1928 679 cogno-

167 694 237 744 vit,
273 694 560 749 propemodum
593 695 774 750 cognitas
798 695 942 737 habeo.
977 696 1193 737 Versuram
1217 694 1358 736 scribis
1381 710 1465 737 esse
1489 695 1712 737 faciendam
1731 697 1928 738 mensium

167 767 359 822 quinque,
392 767 435 808 id
468 772 542 818 est,
577 768 627 809 ad
660 768 754 809 Kal.
788 769 896 810 Nov.
932 769 1017 810 HS.
1051 777 1132 810 coa
1168 769 1211 810 in
1244 784 1331 810 eam
1365 768 1471 810 diem
1505 769 1646 811 cadere
1678 784 1836 820 numos,
1861 770 1929 824 qui

167 857 189 882 a
234 841 388 893 Quinto
433 841 645 884 debentur.
696 843 829 884 Velim
873 842 1012 898 igitur,
1057 843 1248 898 quoniam
1292 843 1386 884 Tiro
1419 848 1541 898 negat
1571 842 1650 885 tibi
1681 843 1835 899 placere
1868 859 1930 885 me

166 916 251 956 eius
294 916 351 956 rei
396 930 515 956 causa
556 915 724 956 Romam
770 916 919 966 venire,
968 916 1002 956 si
1048 931 1093 956 ea
1132 921 1171 956 te
1205 931 1266 957 res
1299 915 1401 956 nihil
1434 915 1621 966 offendet,
1656 916 1791 958 videas
1824 916 1930 957 uude

167 989 280 1030 numi
314 989 409 1040 sint,
446 988 545 1029 mihi
578 988 680 1030 feras
715 1004 950 1044 expensum.
987 989 1077 1030 Hoc
1111 988 1228 1030 video
1261 989 1303 1029 in
1338 989 1564 1044 praesentia
1597 1004 1696 1044 opus
1722 1004 1820 1030 esse.
1856 989 1931 1031 Re-

166 1061 275 1116 liqua
319 1061 553 1116 diligentius
600 1078 647 1103 ex
688 1062 762 1103 hoc
807 1063 894 1118 ipso
938 1063 1159 1117 exquiram,
1194 1063 1235 1103 in
1270 1062 1333 1102 his
1368 1062 1416 1103 de
1450 1061 1701 1103 mercedibus
1735 1062 1930 1103 dotalium

168 1135 433 1190 praediorum,
471 1152 573 1190 quae
607 1137 640 1177 si
674 1136 844 1178 fideliter
877 1136 1062 1178 Ciceroni
1095 1135 1359 1187 curabuntur,
1394 1151 1640 1192 quamquam
1673 1136 1762 1177 volo
1783 1135 1929 1186 laxius,

166 1214 301 1250 tamen
335 1210 372 1250 ei
404 1209 693 1265 propemodum
727 1209 830 1251 nihil
863 1209 1004 1251 deerit.
1040 1208 1240 1265 Equidem
1273 1209 1389 1250 video
1423 1209 1524 1251 mihi
1547 1225 1704 1265 quoque
1729 1225 1829 1265 opus
1846 1225 1931 1251 esse

169 1282 372 1324 viaticum.
425 1282 501 1324 Sed
547 1284 584 1325 ei
629 1300 676 1325 ex
722 1283 910 1339 praediis,
955 1289 1002 1325 ut
1045 1283 1174 1335 cadet,
1209 1284 1266 1324 ita
1300 1284 1498 1334 solvetur3
1533 1283 1632 1325 mihi
1665 1290 1800 1325 autem
1832 1299 1932 1339 opus

168 1364 228 1397 est
270 1356 470 1398 universo.
523 1357 737 1412 Equidem,
783 1359 857 1399 etsi
900 1358 1001 1398 mihi
1046 1357 1204 1398 videtur
1247 1358 1337 1407 iste,
1387 1358 1456 1413 qui
1500 1357 1662 1398 umbras
1704 1357 1834 1408 timet,
1879 1356 1928 1398 ad

169 1429 328 1471 caedem
378 1435 568 1486 spectare,
618 1437 752 1473 tamen
799 1433 878 1473 nisi
924 1431 1122 1487 explicata
1168 1431 1364 1472 solutione
1411 1446 1491 1472 non
1535 1446 1623 1472 811111
1667 1431 1927 1472 discessurus.

169 1504 281 1545 Sitne
326 1509 460 1545 autem
507 1506 701 1547 extricata
734 1521 858 1548 necne
892 1513 1026 1547 tecum
1061 1520 1312 1560 cognoscam.
1364 1506 1481 1546 Hanc
1513 1505 1652 1560 putavi
1686 1519 1773 1545 mea
1806 1519 1927 1545 manu

170 1577 420 1619 scribendam
453 1579 590 1634 itaque
623 1579 713 1620 feci.
754 1580 808 1620 De
845 1579 982 1629 Fadio,
1018 1584 1064 1620 ut
1097 1578 1252 1629 scribis,
1287 1579 1428 1633 utique
1462 1577 1530 1618 alii
1563 1578 1728 1619 nemini.
1774 1578 1928 1619 Rescri-

112 1673 116 1679 ·
168 1650 238 1692 bas
273 1652 389 1693 velim
423 1652 556 1694 hodie.

208 1787 225 1820 7
248 1797 382 1818 mensum
406 1806 446 1811 —
471 1788 510 1818 14
535 1790 552 1825 †
577 1787 704 1829 Quidem
729 1808 769 1812 «-

205 1907 416 1939 Brzmdisione
437 1919 477 1938 an
503 1907 644 1938 Puteolis
655 1908 783 1938 solvam
801 1908 833 1938 in
847 1907 1018 1939 Graeciam
1042 1916 1046 1970 Ι
1067 1908 1164 1939 modo
1199 1908 1229 1940 ei
1261 1909 1439 1949 quicquam
1472 1908 1584 1939 deesse
1618 1907 1706 1944 nolo,
1736 1907 1793 1937 sed
1827 1906 1924 1938 etiam

164 1963 322 1994 abiturus.
1067 1962 1234 1992 abundare
1257 1962 1346 1993 volo.

204 2015 325 2045 Brutus
345 2014 465 2057 quidem
487 2015 598 2046 subito.
630 2015 768 2047 Collatis
791 2016 840 2052 iis,
864 2025 948 2056 quae
970 2025 1020 2056 ep.
1109 2015 1170 2045 Sed
1197 2016 1226 2046 εἰ
1257 2027 1296 2046 ω·
1318 2016 1464 2056 praediis
1493 2021 1553 2047 cet.
1576 2026 1608 2046 a:
1633 2014 1699 2046 Sed
1720 2015 1835 2046 Marco
1856 2014 1926 2046 filio

163 2068 202 2099 23
225 2073 307 2099 extr.
330 2074 363 2100 et
384 2068 426 2098 24
448 2068 494 2099 in.
518 2069 682 2109 leguntur,
705 2069 867 2100 coniicere
889 2069 967 2100 licet
981 2070 1021 2100 de
1066 2069 1221 2105 solvetur,
1256 2075 1352 2109 prout
1382 2069 1475 2100 numi
1506 2069 1697 2108 redigentur
1731 2077 1749 2099 e
1775 2067 1926 2108 praediis·‚

163 2121 288 2152 itineris
317 2131 336 2151 a
369 2121 474 2152 Bruto
499 2121 699 2162 suscipiendi
721 2122 860 2152 consilio
884 2122 1021 2153 mentio·
1043 2124 1045 2169 ff
1067 2122 1216 2162 pluribus
1238 2122 1468 2163 pensionibus,
1502 2121 1584 2152 mihi
1618 2126 1728 2152 autem
1760 2120 1926 2151 ‘viaticum

163 2185 240 2206 nem
262 2175 374 2216 paucis
395 2175 447 2205 his
470 2175 579 2206 verbis
596 2175 787 2216 significari.
814 2175 930 2207 Cicero
946 2186 1021 2206 con·
1043 2174 1045 2228 1
1067 2175 1168 2205 8611161
1201 2175 1399 2205 solvendum
1438 2179 1497 2205 est.
1537 2172 1656 2204 Cadere
1689 2183 1795 2203 numos
1829 2182 1927 2213 supra

162 2228 248 2259 cedit
274 2227 416 2258 Brutum
438 2227 602 2268 sapienter
614 2228 729 2265 facere,
743 2229 831 2269 quod
842 2229 914 2259 sine
929 2238 1021 2259 mora-

160 2281 361 2311 discessurus
384 2286 463 2317 erat,
486 2280 548 2311 etsi
570 2280 638 2321 ipse
661 2281 773 2312 animo
794 2281 1020 2312 commoveba-

162 2338 213 2364 tm·
231 2334 324 2364 illius
346 2332 559 2374 profectione.

200 2386 256 2417 Dii
280 2386 332 2417 illi
353 2388 483 2424 mortuo,
499 2387 552 2428 qui
567 2397 702 2428 unquam
719 2385 914 2418 Buthrotum.
942 2386 1020 2418 Cae-

160 2449 213 2472 sar
234 2445 381 2471 mortuus
403 2440 490 2472 Deos
513 2440 700 2481 experiatur
730 2440 839 2478 iratos,
876 2441 933 2481 qui
960 2441 1021 2471 Bu-

163 2494 309 2525 throtum
331 2494 412 2525 olim
433 2494 632 2535 proscripsit,
662 2498 745 2534 'quae
768 2503 818 2524 res
842 2500 873 2525 te
896 2494 1020 2525 Romae

160 2548 280 2579 retinet
301 2548 529 2589 prohibetque,
551 2548 727 2589 quominus
751 2548 893 2579 Brutum
911 2549 1020 2580 videre

160 2604 274 2644 possis.

202 2659 221 2698 ξ
253 2659 283 2688 4.
318 2656 480 2689 JIensz‘um.
513 2657 541 2688 E
572 2657 662 2689 Med.
694 2657 847 2689 Alteram
881 2658 1045 2689 formam&

161 2721 296 2743 mensum
318 2712 538 2752 antiquiorem
560 2712 727 2742 iudicabat
757 2719 788 2743 et
811 2712 924 2743 Tullio
947 2713 1021 2743 red-
1042 2715 1044 2718 '

161 2765 244 2796 didit
274 2764 312 2795 P.
347 2764 514 2795 Victorius
549 2765 583 2795 in
618 2763 760 2795 Scholiis
790 2766 831 2796 ad
865 2765 956 2806 epist.
980 2766 1044 2815 ad»

161 2818 280 2849 Famil.
316 2818 358 2848 ab
391 2817 518 2850 Orellio
548 2818 694 2859 repetitis
725 2829 756 2859 p.
780 2819 808 2849 6.
842 2819 928 2850 Mihi
950 2818 1043 2866 proff

163 2872 261 2902 ducta
282 2870 388 2901 forma
410 2871 577 2911 antiquior
604 2872 742 2909 videtur,
770 2881 876 2912 neque
898 2877 1020 2904 temere
1041 2867 1045 2907 i

163 2923 330 2954 mutanda.
353 2921 498 2955 Orellius
520 2924 583 2954 sibi
605 2924 639 2955 10
661 2924 723 2955 hac
745 2934 779 2956 re
801 2934 869 2956 non
881 2930 1019 2956 constat.
1041 2917 1043 2939 ¹

165 2976 250 3006 Nam
273 2976 305 3006 h.
327 2976 349 3007 l.
371 2985 389 3007 e
411 2976 481 3006 cod.
504 2976 539 3007 Z.
554 2977 677 3018 recepit
688 2977 935 3015 memumAEam.
952 2979 1020 3010 ΠΙ.
1040 2981 1043 3021 j

165 3031 193 3067 6,
228 3032 244 3060 5
275 3036 308 3061 et
339 3030 420 3061 vn.
443 3030 491 3067 17,
516 3031 532 3061 1
553 3041 570 3062 e
591 3031 680 3063 Med.
703 3032 841 3064 retinuit
862 3034 1020 3066 mensium.
1040 3024 1043 3074 ξ

166 3082 215 3114 ef.
240 3083 363 3123 Reisig.
385 3081 496 3114 Schol.
519 3084 537 3124 ξ
560 3084 608 3116 74.
1040 3077 1043 3089 ‘

211 3135 399 3175 Quamquam
434 3136 501 3166 volo
529 3136 636 3166 lazius
665 3147 700 3167 οε
730 3147 930 3178 quamquam
954 3149 1019 3169 non

1067 2238 1196 2268 quoque
1219 2229 1356 2269 scripsit.
1381 2228 1518 2268 Belgice
1540 2227 1698 2258 dicimus:
1723 2227 1775 2257 leet
1794 2226 1873 2267 qeld
1893 2226 1934 2266 of

1066 2281 1105 2312 de
1127 2284 1214 2312 rente
1238 2282 1367 2312 vervalt.

1113 2337 1270 2369 Universa.
1302 2336 1459 2378 Equidem,
1491 2337 1551 2368 etsi
1579 2343 1640 2368 cet.
1673 2335 1813 2376 Quidem,
1836 2336 1926 2377 quod

1043 2422 1045 2425 r
1067 2392 1169 2431 vulgo
1192 2391 1402 2432 praecedenti
1430 2391 1613 2422 sententiae
1635 2390 1798 2427 adhaeret,
1822 2399 1926 2432 quum

1066 2444 1164 2484 plane
1194 2445 1335 2475 otiosum
1365 2444 1416 2481 sit,
1452 2444 1568 2475 leviter
1600 2450 1784 2474 correctum
1811 2443 1852 2474 ad
1879 2452 1926 2474 se-

1043 2528 1045 2533 ,
1066 2499 1201 2539 quentia
1230 2497 1405 2529 transferre
1439 2508 1506 2529 non
1529 2497 1685 2528 dubitavi.
1722 2497 1763 2528 In
1786 2497 1925 2528 eandem

1043 2587 1045 2591 Α
1066 2553 1264 2584 sententiam
1285 2552 1561 2592 Wesenbergium
1585 2562 1615 2592 p.
1639 2551 1678 2583 77
1701 2551 1855 2583 incidisse
1876 2551 1924 2582 lu-

1044 2603 1045 2635 }
1070 2606 1148 2637 bens
1170 2606 1249 2636 vidi.

1110 2661 1187 2699 Iste,
1210 2661 1262 2702 qui
1284 2661 1407 2691 umbras
1428 2660 1525 2690 timet.
1550 2659 1730 2697 Antonius,
1752 2659 1809 2700 qui
1828 2659 1926 2700 fingit

1068 2723 1103 2746 se
1124 2714 1249 2751 timere,
1273 2723 1375 2754 quum
1397 2713 1482 2743 nihil
1505 2713 1548 2743 sit
1569 2712 1764 2743 timendum.

1108 2766 1286 2803 Eztrz'cata,
1320 2771 1355 2797 ut
1385 2765 1506 2797 Bosius
1537 2765 1665 2806 scripsit
1693 2775 1752 2806 pro
1774 2764 1923 2803 excitata,

1066 2820 1206 2851 Ernesto
1242 2818 1431 2859 glossatoris
1473 2827 1543 2849 esse
1578 2818 1760 2849 videbatur.
1797 2817 1925 2849 Retulit

1067 2873 1170 2914 igitur
1202 2873 1243 2903 ad
1265 2872 1457 2912 explicatam
1478 2870 1673 2902 solutionem.
1707 2871 1793 2902 Mihi
1813 2871 1922 2912 potius

1066 2935 1154 2957 nunc
1176 2934 1284 2956 sermo
1306 2934 1376 2956 esse
1397 2925 1438 2955 de
1460 2934 1589 2954 versura
1603 2923 1762 2965 facienda
1783 2924 1923 2956 videtur.

1066 2979 1181 3012 Cicero
1203 2984 1297 3018 rogat
1319 2978 1463 3018 possitne
1484 2977 1616 3008 Atticus
1628 2977 1669 3008 ab
1680 2976 1792 3017 aliquo
1805 2987 1923 3009 numos

1066 3032 1236 3064 extricare.

1107 3084 1156 3120 De
1177 3083 1286 3115 Fadio.
1311 3082 1362 3115 Cf.
1386 3083 1478 3124 epist.
1503 3082 1551 3120 17,
1575 3083 1603 3113 1.
