2062 3565
150 178 171 215 6
549 172 633 213 ΕΡ.
667 172 743 212 ΑΒ
776 171 820 210 Τ.
855 168 1206 210 POMPONIFM
1238 167 1503 208 ATTICUM.

147 310 234 351 Nos
285 309 438 349 interea
470 321 520 348 ne
552 306 713 361 Capuae
745 304 921 361 quidem,
956 302 1024 345 sed
1069 303 1276 352 Luceriae,
1322 307 1363 343 et
1405 316 1514 343 oram
1555 301 1717 357 quidem
1761 301 1912 343 mariti-

147 397 254 423 mam
295 382 377 422 iam
417 380 702 435 relinquemus,
748 377 962 420 Afranium
1009 374 1330 432 exspectabimus
1375 379 1416 417 et
1458 375 1677 417 Petreium.
1727 374 1834 416 Nam
1867 375 1911 416 in

146 453 326 496 Labieno
359 467 500 508 parum
533 456 594 493 est
627 450 853 505 dignitatis.
888 450 969 491 Hic
1001 454 1047 490 tu
1079 449 1122 490 in
1155 463 1218 489 me
1250 447 1354 489 illud
1387 447 1604 490 desideras.
1638 447 1757 489 Nihil
1776 447 1825 489 de
1847 463 1910 490 me

145 526 249 576 dico,
296 525 365 567 alii
412 523 601 566 viderint.
654 523 734 564 Hic
779 521 942 577 quidem
986 536 1088 577 quae
1136 521 1222 562 est?
1256 520 1377 562 Domi
1412 524 1565 562 vestrae
1598 520 1695 562 estis
1728 524 1769 561 et
1801 520 1912 562 eritis

109 614 123 639 5
144 614 280 641 omnes
313 596 423 640 boni.
457 597 558 649 Quis
591 600 678 637 tum
711 610 752 636 se
786 594 886 635 mihi
920 610 1001 636 non
1036 593 1240 635 ostendit?
1274 594 1366 648 quis
1399 608 1508 635 nunc
1543 593 1658 635 adest
1679 593 1756 634 hoc
1779 592 1912 636 bello?

97 658 103 659 ἶ
143 672 201 713 516
234 671 340 712 enim
371 670 453 712 iam
485 668 767 726 appellandum
801 673 874 710 est.
913 671 952 709 4.
986 667 1159 709 Vibullii
1181 683 1245 709 res
1267 672 1403 723 gestae
1427 672 1523 709 sunt
1545 667 1677 709 adhuc
1701 667 1911 709 maximae.

144 744 192 786 Id
234 758 281 784 ex
326 743 508 798 Pompeii
549 743 677 784 literis
722 756 951 797 cognosces,
996 742 1039 782 in
1085 741 1232 796 quibus
1278 741 1586 783 animadvertito
1618 741 1734 782 illum
1765 740 1913 792 locum,

143 815 214 857 ubi
248 815 325 856 erit
360 808 520 868 διπλῆ.
583 814 753 857 Videbis
787 815 835 856 de
868 815 1003 856 Gnaeo
1036 820 1174 856 nostro
1206 815 1291 870 ipse
1326 813 1531 856 Vibullius
1567 814 1663 869 quid
1697 813 1913 855 existimet.

143 889 234 941 Quo
267 888 393 943 igitur
426 888 523 930 haec
558 893 713 944 spectat
745 889 899 930 oratio?
933 890 1020 944 Ego
1053 903 1124 944 pro
1158 888 1350 943 Pompeio
1382 886 1568 929 lubenter
1591 887 1714 929 emori
1735 902 1913 942 possum.

90 981 125 1008 10
143 961 264 1003 Facio
296 961 423 1017 pluris
456 962 637 1003 omnium
670 961 882 1004 hominum
915 961 1131 1012 neminem,
1166 961 1234 1002 sed
1259 976 1339 1002 non
1362 961 1441 1001 ita:
1494 988 1512 1012 U
1528 961 1619 1002 Uno
1642 961 1685 1002 111
1709 975 1755 1001 60
1778 959 1914 1002 iudico

143 1050 252 1091 spem
286 1035 334 1076 de
369 1035 496 1076 salute
530 1035 587 1076 rei
620 1034 853 1091 publicae.”

143 1108 266 1160 lebas,
300 1113 347 1150 ut
375 1108 500 1154 etiam
533 1108 667 1160 Italia,
714 1110 747 1150 si
780 1109 847 1150 ille
882 1109 1012 1160 cedat,
1048 1113 1166 1164 putes
1200 1108 1464 1149 cedendum.'
1490 1106 1610 1159 Quod
1643 1122 1717 1163 ego
1750 1121 1825 1149 nec
1857 1109 1915 1149 rei

143 1181 326 1238 publicae
371 1186 469 1237 puto
515 1196 600 1223 esse
633 1181 733 1223 utile
767 1196 842 1223 nec
875 1180 1012 1223 liberis
1047 1181 1160 1231 meis,
1195 1185 1400 1237 praeterea
1434 1195 1563 1235 neque
1598 1185 1753 1222 rectum
1785 1195 1915 1236 neque

927 1035 1139 1090 Significas
1172 1035 1277 1076 enim
1313 1034 1519 1089 aliquanto
1556 1049 1670 1075 secus
1703 1049 1822 1089 quam
1856 1049 1916 1076 so-

186 1345 205 1377 3
226 1344 326 1377 illud.-
349 1344 412 1384 des,
435 1346 471 1377 id
483 1346 590 1387 feras.
614 1364 654 1369 —-
675 1347 696 1376 4
717 1356 795 1387 quae
817 1348 863 1376 es(
888 1346 956 1376 **?
979 1365 1020 1369 -
1042 1349 1058 1376 5
1087 1345 1147 1387 Qui
1175 1345 1250 1377 istic
1272 1354 1304 1376 se
1328 1345 1403 1376 milii
1428 1364 1465 1368 —

144 1516 232 1538 nunc
254 1513 383 1548 praesto
413 1505 488 1543 sint,
522 1515 588 1536 non
619 1513 746 1545 semper
776 1504 853 1536 fore.
888 1505 1004 1545 Itaque
1028 1526 1030 1553 ἱ
1052 1515 1130 1546 porc
1166 1505 1328 1536 Clodiano
1364 1515 1431 1537 11011
1462 1505 1580 1536 obtulit
1611 1514 1645 1536 se
1677 1504 1757 1535 mihi
1793 1504 1915 1535 adiuto-

144 1560 228 1592 redit
261 1560 301 1590 ad
330 1559 373 1596 id,
408 1559 495 1600 quod
527 1558 657 1599 scripsit
688 1558 722 1588 in
753 1567 801 1598 ep.
831 1568 900 1598 sup.
935 1558 953 1598 ξ
977 1559 1006 1588 3.
1028 1559 1031 1587 l
1053 1558 1146 1590 rem?
1170 1559 1242 1600 quis
1266 1569 1353 1590 nunc
1376 1560 1416 1590 ad
1438 1568 1491 1590 me
1514 1558 1690 1596 concurrit,
1714 1568 1818 1599 quum
1852 1557 1917 1590 bel-

145 1611 214 1643 Ecsz'
229 1611 413 1653 propediem
433 1611 524 1642 video
545 1616 605 1642 cet.
1029 1608 1031 1611 ’

145 1717 316 1760 Afranium
339 1720 369 1749 et
391 1717 560 1756 Petreium,
579 1717 729 1759 Pompeii
742 1718 867 1757 legatos
880 1717 914 1748 in
930 1717 1007 1748 His-

146 1770 253 1812 pania,
276 1770 334 1811 qui
357 1770 440 1802 bene
475 1770 521 1801 ibi
549 1779 714 1811 pugnasse
749 1770 943 1801 dicebantur
976 1776 1008 1801 et

147 1825 213 1855 iam
235 1824 424 1856 adventare.
448 1822 498 1855 Cf.
521 1823 603 1854 VII.
628 1823 677 1860 26,
702 1824 729 1853 1.
753 1823 897 1860 V111.3‚
916 1822 945 1855 7.
968 1822 1009 1854 In

145 1876 283 1908 Labieno
298 1886 414 1916 parum
436 1878 482 1907 est
504 1874 684 1917 diqnz‘taffis,
716 1876 801 1916 quia,
837 1875 893 1916 qui
928 1875 1009 1906 olim

145 1932 238 1964 fortis
261 1932 295 1963 in
327 1931 424 1962 armis
458 1930 606 1962 Caesaris
640 1931 755 1967 fuerat,
786 1940 873 1961 1111116
906 1938 1008 1962 trans-

146 1986 226 2027 fuga
246 1986 323 2016 vilis
346 1991 424 2023 erat,
447 1991 483 2016 ut
505 1985 615 2016 scribit
638 1985 802 2022 Lucanus,
827 1984 941 2016 Phars.
966 1985 1010 2015 V.

153 2040 213 2071 345
238 2049 286 2080 sq.

188 2092 255 2123 Hic
276 2093 311 2122 tu
332 2091 364 2122 2¹71
389 2102 435 2122 me
456 2090 541 2122 illud
561 2089 734 2122 desidera-r.
757 2090 813 2122 Sic
836 2090 926 2122 Med.
944 2101 1011 2131 spa-

149 2148 195 2178 tio
218 2150 293 2186 post
315 2154 361 2175 me
383 2153 488 2175 vacuo
511 2144 636 2180 relicto,
668 2143 754 2184 quod
785 2143 891 2174 critici
920 2153 1013 2174 voea-

149 2195 228 2227 bulo
261 2194 372 2235 aliquo
402 2192 540 2230 Graeco,
580 2193 673 2224 velut
707 2191 851 2237 πρέπον,
892 2189 1011 2234 καλόν,

149 2247 270 2293 σέμνον
294 2246 503 2287 implendum
524 2246 695 2286 putabant.
719 2245 822 2277 Miras
846 2255 925 2277 vero
948 2251 1012 2276 tur-

150 2307 206 2336 bas
229 2304 388 2336 excitavit
423 2302 607 2335 Bosianum
637 2306 861 2333 coninientmn
892 2303 925 2333 in
960 2313 1013 2343 op-

149 2360 231 2390 t-i1no
252 2359 322 2390 eod.
347 2367 381 2389 se
403 2357 526 2388 vidisse
548 2356 602 2387 des
624 2356 659 2387 z‘cl
672 2357 782 2397 seras.
804 2357 877 2388 Iam
893 2357 1013 2388 scimus

149 2418 311 2455 quantum
334 2411 439 2442 codici
461 2410 511 2441 illi
529 2410 741 2442 tribuendum
758 2410 808 2441 sit.
833 2410 901 2442 Sed
916 2411 1014 2442 Lani—

150 2467 246 2498 binus
269 2470 369 2506 negat
392 2464 546 2495 lacunam
569 2473 638 2495 esse
654 2464 688 2494 in
705 2464 814 2507 Toni„
839 2464 896 2505 qui
913 2464 947 2495 in
965 2474 1013 2495 ce-

150 2523 227 2555 teris
263 2531 339 2552 cum
367 2521 456 2552 Med.
487 2520 659 2551 consentit.
683 2519 855 2551 Praeclare
884 2519 1011 2551 Grono—

151 2577 241 2608 vius:
269 2590 281 2601 υ
295 2574 429 2606 Scribe:
461 2572 528 2604 Hic
550 2576 583 2603 ta
607 2583 653 2603 me
673 2572 761 2604 illum
794 2572 957 2604 desideras
980 2583 1012 2604 a:

155 2630 302 2671 quereris
326 2637 379 2660 me
402 2637 470 2659 non
496 2636 566 2658 esse
589 2627 693 2664 illum,
710 2627 767 2667 qui
787 2627 925 2658 debeam
945 2637 1014 2659 esse

152 2690 186 2715 et
207 2683 265 2724 qui
286 2682 367 2713 fui?

194 2737 258 2769 Hie
278 2735 402 2779 quidem
423 2745 504 2777 quae
527 2736 604 2765 est?
640 2750 652 2760 u
666 2744 739 2766 mea
770 2735 925 2775 dig-nitas,
958 2737 1015 2767 ubi

153 2801 206 2823 me
228 2800 326 2824 nemo
348 2788 527 2821 consilium
557 2792 652 2828 rogat
660 2802 666 2824 3
698 2787 726 2819 si
759 2795 874 2828 sponte
904 2789 1014 2826 offero,

156 2856 255 2878 nemo
278 2844 402 2876 audit.”
431 2842 575 2874 Gronov.

1028 1620 1031 1659 ξ
1055 1613 1127 1644 111111
1148 1613 1215 1644 iani
1237 1613 1309 1644 sit?

186 1664 252 1696 Nos
275 1680 312 1687 —-
336 1663 489 1695 Luceriae
507 1673 552 1695 sc.
576 1673 698 1701 sumus,
730 1670 814 1695 stare
839 1663 1005 1694 volumus.
1030 1666 1031 1674 ¹

1097 1668 1113 1707 ἓ
1137 1669 1166 1698 4.
1195 1666 1322 1698 Vibulliz'
1345 1676 1395 1698 res
1414 1669 1525 1709 qestae
1547 1667 1581 1698 in
1606 1667 1741 1698 Piceno.
1766 1665 1816 1698 Cf.
1839 1666 1872 1697 h.
1896 1666 1917 1696 l.

1056 1721 1082 1758 1,
1107 1721 1123 1751 1
1146 1728 1178 1753 et
1202 1721 1238 1752 11
1264 1721 1314 1758 Β.,
1339 1721 1367 1751 1.
1392 1720 1484 1752 Caes⁴
1509 1721 1548 1752 B.
1573 1720 1608 1752 C.
1634 1721 1664 1752 Ι.
1681 1721 1730 1751 15.
1755 1720 1796 1750 In
1820 1719 1917 1751 Pom-

1055 1775 1119 1815 peii
1144 1775 1256 1812 literis,
1280 1784 1364 1815 quae
1386 1775 1446 1805 illo
1468 1779 1615 1815 tempore
1641 1774 1779 1815 scriptae
1809 1782 1935 1815 super-.

1056 1833 1144 1867 sunt,
1167 1829 1252 1860 nihil
1275 1829 1315 1860 de
1339 1829 1379 1859 iis
1412 1829 1544 1869 legitur.
1582 1828 1765 1865 Perierunt,
1797 1827 1918 1869 quibus

1057 1883 1114 1914 ille
1131 1883 1320 1914 intexuerat
1335 1882 1445 1913 locum
1458 1892 1475 1913 e
1491 1882 1636 1913 Vibullii
1656 1882 1802 1923 epistola,
1819 1891 1917 1923 quem

1058 1940 1136 1966 nota
1160 1935 1201 1966 ad
1222 1934 1408 1975 marginem
1436 1935 1597 1975 adscripta
1620 1935 1785 1966 indicabat
1819 1934 1920 1965 eonti-

1058 1995 1136 2017 nere
1168 1985 1277 2016 aliena
1304 1985 1415 2016 verba.
1463 1981 1571 2019 Διπλῆ
1599 1984 1690 2015 enim
1711 1988 1742 2018 >
1778 1984 1920 2015 eundem

1060 2043 1226 2074 veteribus
1251 2051 1349 2073 usum
1370 2041 1565 2083 praestabat,
1589 2044 1685 2081 atque
1706 2040 1806 2071 hodie
1823 2044 1920 2072 notae

1059 2094 1191 2131 citandi,
1217 2104 1298 2135 quas
1327 2092 1415 2125 Galli
1445 2093 1614 2134 appellant
1642 2092 1698 2124 des
1726 2091 1918 2134 quillemets.

1059 2147 1151 2178 Hinc
1174 2153 1307 2188 apparet
1330 2156 1369 2177 ea·
1392 2145 1528 2186 Pompeii
1551 2145 1656 2177 literis
1679 2145 1824 2176 Vibullii
1838 2145 1918 2176 iudi-

1063 2202 1151 2233 cium
1189 2202 1229 2233 de
1258 2202 1318 2232 illo
1345 2200 1501 2241 cognosci
1530 2200 1676 2241 potuisse
1705 2205 1737 2231 et
1766 2200 1920 2231 inutilem

1060 2265 1130 2287 esse
1152 2255 1310 2286 Lambini
1333 2254 1417 2285 coni.
1442 2264 1480 2284 ex
1509 2253 1576 2284 ez'us
1604 2252 1649 2283 ad
1674 2251 1849 2293 Pompeium
1882 2252 1920 2283 li-

1059 2308 1148 2339 teris.

1102 2360 1166 2402 Eyo
1184 2370 1245 2400 pro
1262 2359 1406 2399 Pompeio
1421 2359 1442 2389 l.
1459 2359 1553 2390 emori
1559 2369 1696 2399 possum.
1719 2359 1813 2390 Idem
1825 2358 1923 2398 scrip-

1061 2414 1101 2445 sit
1124 2414 1164 2445 ad
1186 2413 1233 2445 M.
1258 2412 1418 2450 Caelium,
1444 2412 1531 2443 Fam.
1556 2413 1603 2443 II.
1629 2412 1677 2449 15,
1702 2413 1732 2449 3,
1755 2411 1810 2442 ubi
1830 2410 1921 2444 Orel-

1061 2467 1123 2498 lius
1147 2476 1164 2498 6
1186 2466 1276 2498 Med.
1301 2465 1420 2497 edidit:
1454 2464 1556 2496 Faveo
1580 2464 1728 2496 Curioni:
1757 2463 1921 2496 Caesarem

1060 2521 1217 2551 honestum
1242 2530 1309 2551 esse
1331 2519 1438 2560 cupio:
1465 2529 1523 2560 pro
1554 2518 1699 2559 Pompeio
1731 2517 1827 2549 emori
1852 2527 1921 2558 pos—

1059 2583 1142 2609 sum.-
1172 2572 1229 2603 sed
1261 2575 1366 2603 lamen
1394 2572 1465 2612 ipsa
1494 2582 1528 2602 re
1544 2582 1579 2612 p.
1603 2571 1686 2602 nihil
1707 2570 1782 2602 milti
1804 2572 1850 2601 est
1873 2581 1922 2601 ca—

1060 2627 1137 2664 rim,
1160 2628 1216 2658 sed
1248 2627 1319 2658 sine
1348 2626 1450 2657 dubio
1480 2636 1496 2657 6
1527 2635 1634 2666 marg.
1663 2624 1751 2657 Crat.
1780 2624 1921 2656 scriben—

1061 2682 1141 2712 dum
1164 2687 1220 2718 est,
1243 2682 1332 2722 quod
1355 2681 1504 2721 gradatio
1526 2680 1687 2720 postulat:
1716 2678 1848 2710 Caesari
1866 2679 1920 2709 Ιιο·

1061 2734 1237 2765 nestissime
1258 2734 1356 2774 cupio.
1379 2734 1536 2765 Alterum
1551 2733 1690 2764 debetur
1704 2731 1841 2763 librario
1858 2731 1921 2763 for-

1062 2788 1188 2818 mulam
1210 2797 1320 2827 cupere
1343 2787 1441 2818 alicui
1463 2786 1641 2827 ignoranti.

1106 2841 1172 2874 Sed
1192 2852 1254 2873 non
1276 2841 1335 2879 ila,
1359 2848 1397 2873 ut
1412 2849 1448 2873 tu
1466 2841 1592 2873 scribis.
1614 2839 1806 2881 Sequuntur
1822 2840 1921 2871 verba

201 2899 279 2940 Quis
302 2900 364 2929 tum
386 2906 420 2928 se
441 2895 517 2927 mihi
546 2905 606 2926 non
639 2895 786 2927 ostendit.
826 2896 964 2937 Propius
999 2908 1016 2928 a
1065 2903 1108 2925 ex
1130 2895 1267 2935 epistola
1289 2894 1407 2932 Attici,
1431 2903 1532 2934 quam
1554 2893 1659 2934 ipsam
1674 2891 1792 2924 Cicero
1803 2892 1922 2923 deinde

156 2962 234 2984 vero
257 2951 358 2988 abest,
383 2949 472 2991 quod
493 2949 550 2979 dat
571 2947 659 2979 Med.
689 2947 758 2988 quis
788 2950 831 2985 tw,
861 2959 920 2989 pro
949 2949 1018 2991 quis
1065 2947 1177 2978 scribit
1200 2956 1234 2978 se
1255 2947 1483 2984 combussisse,
1506 2956 1549 2978 ne
1570 2946 1606 2977 in
1635 2945 1776 2976 aliorum
1804 2954 1922 2975 manus

155 3011 200 3044 Ιῐι,
221 3016 320 3048 quain
344 3005 415 3036 cod.
436 3003 563 3040 Lamb„
595 3012 612 3033 6
635 3012 701 3042 quo
723 3002 792 3042 quis
820 3002 895 3033 istie
926 3008 1015 3034 nota—

157 3067 220 3090 tur.
244 3058 419 3090 Manifesta
443 3060 490 3088 est
516 3055 677 3096 oppositio
700 3055 884 3085 interhane
905 3065 1016 3095 quaes·
1040 3081 1042 3096 ,

160 3113 324 3143 tionemet
333 3115 532 3152 sequentem,
544 3108 576 3140 in
589 3117 654 3149 qua
667 3116 750 3137 nunc
761 3108 861 3138 adest.
880 3107 1016 3139 Senten-
1040 3101 1042 3139 ἶ

161 3165 204 3196 tia
228 3165 323 3196 haec:
349 3163 421 3204 quis
444 3163 549 3194 bonus
559 3161 676 3193 inmeo
687 3161 860 3192 consulatu
872 3168 925 3193 aut
939 3167 1015 3193 tem-

1066 2999 1224 3030 incideret
1246 3005 1277 3030 et
1299 2999 1415 3029 Attico
1438 2999 1522 3039 apud
1545 2998 1719 3030 Caesarem
1738 3005 1880 3028 noceret.

1106 3051 1270 3093 ›S'iynffieas
1294 3070 1330 3074 --
1357 3051 1535 3083 cedendum.
1556 3052 1701 3092 Negavit
1714 3052 1847 3082 Atticus
1862 3052 1922 3081 1101·

1066 3116 1098 3138 56
1122 3107 1243 3138 sentire
1265 3107 1299 3137 in
1331 3107 1424 3147 epist.
1449 3107 1503 3138 XI
1525 3108 1601 3138 Kal.
1631 3107 1730 3138 Mart.
1761 3107 1844 3144 data,
1879 3117 1920 3138 ex

1040 3154 1042 3166 '
1064 3170 1127 3200 qua
1149 3159 1247 3192 verba
1271 3160 1447 3193 laudantur
1469 3160 1554 3192 infra
1580 3160 1642 3192 IX.
1667 3161 1714 3198 10,
1740 3160 1767 3191 6.
