2062 3565
458 157 641 201 INDEX
675 155 1103 200 VOCABULORUM
1137 160 1205 202 ET
1237 161 1660 205 GRAMMATICUS.

162 291 326 332 Quartum
351 292 434 324 nihil
459 300 571 332 sapere
596 290 676 322 XII.
699 293 728 328 5,
754 290 782 320 l.

163 346 267 385 Quasi
289 346 444 378 numerali
465 345 541 377 add.
565 345 646 376 VII.
672 345 702 384 8,
727 344 756 376 3.

203 414 218 427 n
285 405 512 432 consecratum
534 398 617 430 XII.
641 399 689 436 19,
714 398 743 430 1.

161 453 377 492 Quatuorviri
403 453 446 484 V.
470 453 499 490 2,
523 452 552 483 3.

159 506 234 546 Que
248 508 322 548 post
343 505 530 537 sententiam
555 506 717 546 neqanlem
743 504 823 535 VII.
846 504 899 535 25.

162 560 297 599 Quercu
321 559 532 601 (exsculpere
555 558 586 597 e)
611 558 713 589 XIII.
735 557 786 596 28,
810 558 838 589 l.

162 614 266 652 Queri
289 623 366 644 cum
389 613 501 654 aliquo
523 612 568 644 X.
591 612 610 643 3
633 622 661 649 a,
685 612 714 643 2.

161 665 229 706 Qui
250 666 285 698 in
307 665 519 698 asseverando
541 665 606 697 I-V.
632 665 660 702 7,
685 665 716 696 1.

165 720 312 759 Quicum
334 722 364 751 et
387 730 531 761 quocum
556 719 583 750 Ι.
607 719 659 757 18,
683 718 711 749 1.

159 773 250 812 Quid
272 774 314 804 ad
335 773 398 804 hoc
422 772 484 804 IV.
509 772 537 809 5,
560 772 598 809 23
622 771 702 812 quid
723 769 811 812 ago?
836 770 976 806 VII.20,
994 770 1024 800 2.

202 841 216 853 u
272 827 373 858 alicui
395 836 470 858 cum
493 824 631 867 aliquo?
657 824 740 856 XII.
764 823 815 861 21,
840 826 869 854 5.

203 895 216 906 u
274 881 343 912 eius
366 879 438 912 est?
465 879 557 912 XVI.
580 881 610 917 4,
635 880 663 910 3.

202 949 215 960 υ
273 934 352 966 ero?
372 947 412 962 2:
435 933 520 965 nihil
543 943 598 965 ero
618 932 720 964 VIII.
743 932 762 963 2
788 938 874 964 extr.

202 1002 214 1013 υ
273 987 354 1018 mihi
377 997 452 1018 cum
475 986 535 1017 re?
558 985 641 1017 XII.
665 986 715 1023 21,
738 986 768 1016 5.

201 1055 215 1066 u
273 1039 427 1082 quaeris?
452 1040 478 1070 Ι.
503 1040 552 1077 14,
576 1040 612 1077 6;
637 1039 684 1070 ΙΙ.
710 1039 738 1076 1,
761 1039 790 1069 2.

201 1107 215 1120 u
273 1092 397 1124 refert?
422 1092 526 1124 XIII.
551 1092 601 1130 33,
622 1093 652 1123 4.

200 1162 213 1173 u
271 1147 299 1179 si
320 1147 383 1178 hoc
406 1147 526 1178 melius
551 1146 628 1178 VII.
653 1147 683 1184 3,
707 1147 738 1177 2.

157 1202 305 1242 Quidam
328 1201 485 1234 adiectivo
508 1201 665 1233 adiectam
691 1200 787 1232 VIII.
810 1202 843 1240 4,
866 1201 895 1232 1.

157 1256 301 1295 Quidem
332 1254 388 1286 VI.
419 1256 448 1294 1,
484 1255 541 1292 143
557 1254 737 1296 pronomini
759 1253 935 1285 abundanti
955 1254 1022 1284 sub-

329 1310 443 1340 iectum
485 1308 582 1339 VIII.
618 1309 668 1345 11,
706 1308 742 1346 13
775 1317 833 1348 pro
870 1304 1048 1349 equidemff'

1046 1376 1048 1392 I
1071 1363 1176 1395 Reiiei
1199 1363 1274 1393 XV.
1298 1363 1327 1401 5,
1350 1361 1463 1402 331210
1487 1362 1611 1394 differri
1636 1363 1661 1394 l.
1686 1367 1715 1401 4,
1741 1363 1769 1394 1.

329 1362 509 1394 restituitur
530 1363 597 1394 III.
623 1362 651 1393 3.

159 1418 304 1456 Quidem
325 1423 413 1448 certe
436 1417 465 1448 I.
489 1417 517 1455 1,
540 1419 571 1448 4.

155 1472 327 1512 Quidnam
349 1472 377 1503 Ι.
402 1472 454 1510 13,
477 1473 506 1503 6.

157 1526 248 1566 Quin
270 1527 446 1567 suspectum
475 1526 503 1558 Ι.
527 1526 576 1565 17,
599 1527 634 1563 9;
663 1526 862 1558 eat-hortantis
891 1525 947 1557 IV.
973 1525 1023 1563 19,

273 1582 306 1626 1;
339 1581 483 1613 vitiosum
513 1592 572 1622 pro
595 1582 652 1622 qui
675 1581 704 1613 I.
731 1581 780 1622 13,
804 1581 840 1618 23
864 1581 948 1612 XII.
970 1581 1021 1619 23,

273 1635 308 1673 1,
331 1635 435 1667 XIII.
457 1635 508 1673 26,
535 1635 563 1666 1.

154 1690 247 1729 Quin
270 1690 369 1722 etiam
393 1691 569 1731 corruptum
592 1689 639 1720 II.
663 1689 692 1727 6,
716 1689 732 1720 1
745 1703 753 1726 ;
777 1689 854 1719 VII.
879 1689 926 1720 19.

154 1743 247 1783 Quin
270 1743 373 1775 immo
394 1753 457 1774 non
483 1742 662 1774 Tullianum
685 1743 716 1774 Ι.
738 1743 787 1780 13,
810 1742 840 1773 2.

159 1799 263 1838 Quini
287 1807 323 1824 =
347 1808 462 1830 omnes
485 1798 632 1839 quinque
653 1797 754 1829 simul
778 1797 814 1828 V.
839 1797 872 1833 7,
896 1797 924 1827 1.

157 1852 379 1894 Quinqueviri
400 1852 447 1883 II.
470 1851 499 1889 7,
523 1852 552 1882 4.

161 1906 293 1947 Quippe
316 1905 354 1937 V.
378 1905 428 1943 15,
451 1905 480 1936 1.

156 1958 305 2000 Quisque
327 1958 420 1989 initio
442 1957 622 1988 sententiae
637 1955 858 1996 maleponilnr
872 1955 929 1985 IV.
941 1954 970 1992 2,
989 1955 1019 1985 4.

157 2013 369 2054 Quisquiliae
392 2012 420 2043 I.
444 2012 492 2048 16,
519 2011 546 2042 6.

157 2067 234 2106 Quo
256 2068 286 2097 et
308 2066 362 2098 cui
383 2066 514 2106 confusa
539 2064 636 2095 VIII.
659 2064 687 2101 2,
714 2063 740 2094 1.

154 2119 230 2158 Quo
252 2119 378 2151 itineris
403 2118 500 2148 VIII.
523 2118 572 2155 14,
595 2117 624 2148 3.

156 2173 275 2212 Quoad
298 2173 355 2203 VI.
383 2172 422 2203 16
458 2172 493 2208 3,
518 2170 606 2202 varia
621 2173 760 2212 tempora
773 2169 922 2201 admittit.
936 2170 1015 2201 ibid.

154 2228 255 2267 Quod
277 2236 345 2258 cum
367 2226 520 2258 coniunct.
536 2235 645 2266 praes.
662 2239 694 2254 ε
710 2229 873 2266 quatenus
898 2225 923 2255 Ι.
947 2225 974 2261 1,
990 2225 1018 2257 1.

199 2294 213 2306 u
281 2280 395 2311 licebit
417 2279 498 2310 XII.
522 2279 578 2310 48.

284 2333 349 2365 nisi
372 2333 433 2363 IV.
460 2331 490 2370 2,
513 2332 543 2363 6.

199 2401 214 2413 ν
280 2404 323 2410 -
343 2385 465 2427 poteris
486 2385 514 2415 I.
539 2385 567 2422 5,
590 2385 620 2418 7.

197 2454 212 2468 u
278 2445 370 2482 potes
392 2441 422 2471 et
445 2439 554 2480 quoad
575 2442 681 2479 potest
702 2437 751 2468 II.
773 2437 805 2475 7,
828 2438 857 2469 3.

154 2494 331 2535 Quomodo
350 2503 408 2534 pro
430 2497 467 2524 ut
488 2491 666 2523 restrictive
691 2490 788 2521 VIII.
812 2490 852 2521 10
873 2490 917 2526 A,
944 2490 974 2521 3.

158 2548 327 2588 Quoniam
350 2557 430 2578 corr.
452 2546 487 2576 in
509 2555 612 2587 quum
634 2544 694 2576 IV.
717 2544 766 2582 17,
783 2544 819 2582 13
837 2544 1017 2576 restituitur

349 2600 406 2632 IV.
430 2600 479 2637 17,
504 2600 533 2630 3.

158 2655 317 2695 Quotidie
338 2657 369 2685 el
391 2655 425 2686 in
449 2653 599 2694 singulos
621 2652 690 2684 dies
715 2651 784 2694 dzjff.
810 2651 847 2682 V.
874 2652 902 2690 7,
928 2652 956 2682 1.

156 2710 271 2749 Quum
297 2708 477 2741 mutandum
500 2708 534 2738 in
559 2706 716 2748 quoniam
740 2704 794 2736 IV.
820 2704 868 2742 17,
893 2706 921 2736 1.

157 2923 402 2959 Raudusculum
425 2925 486 2956 IV.
511 2924 530 2955 8
551 2932 581 2962 a,
606 2924 641 2961 13
667 2923 725 2953 VI.
751 2923 778 2958 8,
804 2924 831 2952 5.

156 2978 331 3010 Rationem
352 2978 472 3008 ducere
493 2974 590 3008 VIII.
616 2976 652 3007 11
678 2975 721 3014 D,
743 2975 771 3008 7.

155 3028 311 3064 Rationes
333 3031 394 3062 IV.
416 3030 445 3068 2,
469 3033 498 3062 6.

155 3080 322 3116 Recedere
343 3085 374 3114 et
396 3082 502 3114 redire
523 3081 654 3123 confusa
679 3081 762 3112 XII.
786 3080 836 3118 21,
859 3080 889 3110 2.

155 3134 314 3169 Recidere
338 3136 418 3168 XII.
442 3136 492 3174 21,
516 3137 544 3166 5.

1846 167 1926 206 >Im

1075 292 1232 335 Recipere
1255 293 1352 326 Ildcm
1382 295 1429 326 11.
1457 296 1508 333 22,
1537 295 1576 332 2;
1599 297 1639 328 de
1661 305 1696 328 so
1722 296 1822 328 VIII.
1844 300 1873 334 11,
1898 299 1929 333 2,

1255 347 1428 387 pecuniam
1453 347 1535 379 XII.
1559 348 1608 386 32,
1631 348 1662 379 2.

1075 398 1264 430 Reclamare
1289 399 1333 430 II.
1356 400 1406 437 24,
1431 401 1461 432 2.

1074 452 1320 493 Recognosccre
1345 469 1376 484 =
1402 465 1578 495 agnoscere
1605 455 1705 487 VIII.
1736 457 1768 487 ll
1796 458 1830 486 ('.

1073 505 1172 537 Recte
1194 512 1242 538 cst
1264 507 1292 538 I.
1315 508 1348 544 7;
1371 508 1412 538 sit
1439 507 1518 540 VII.
1543 508 1592 546 22,
1615 509 1645 540 2.

1074 559 1234 590 Recusnre
1258 559 1352 591 senus
1374 565 1407 591 et
1429 561 1632 601 impendium
1658 561 1718 593 VI.
1746 562 1774 600 l,
1797 564 1826 592 4.

1074 611 1191 644 Redire
1216 614 1257 644 ad
1280 623 1313 645 se
1340 614 1418 644 V11.
1445 614 1472 651 3,
1497 614 1533 650 83
1558 615 1598 645 ad
1610 624 1701 645 suam
1717 625 1849 646 manum
1869 616 1930 645 XI.

1221 666 1270 703 524,
1294 667 1321 697 l.

1073 718 1207 750 Referre
1230 720 1271 749 ad
1294 719 1436 760 aliquem
1463 719 1545 750 VII.
1571 720 1618 758 16,
1643 720 1671 751 3.

1073 771 1345 806 Refractariolum
1367 772 1497 803 dicendi
1519 782 1624 813 genus
1650 773 1698 804 11.
1724 774 1750 811 1,
1776 776 1805 805 3.

1073 824 1219 856 Refricat
1242 825 1403 866 lippitudo
1430 823 1473 856 X.
1497 826 1545 864 17,
1569 826 1599 858 2.

1048 904 1049 907 ,
1073 878 1297 919 Refrigescere
1318 880 1359 911 de
1392 880 1462 911 foro
1492 885 1523 911 et
1552 881 1593 912 ‹10
1625 881 1698 921 lege
1732 882 1756 912 1.
1783 882 1808 919 l,
1832 883 1867 918 2;
1890 883 1929 914 de

1321 932 1456 964 homine
1482 934 1539 964 IV.
1565 934 1614 970 17,
1639 934 1669 965 3.

1048 959 1235 1043 ΞΙῖοἲιιςειῈ
1268 985 1310 1016 ab
1339 985 1448 1026 aliquo
1478 986 1559 1016 XII.
1595 986 1643 1024 31,
1676 987 1712 1023 1,
1744 987 1928 1028 incipiendo

1259 1042 1432 1080 suspectum
1457 1041 1515 1071 IV.
1539 1040 1568 1078 6,
1592 1040 1621 1071 3.

1048 1079 1049 1092 ἵ
1071 1093 1199 1134 Regere
1221 1103 1291 1125 rem
1315 1093 1482 1135 publicam
1507 1094 1583 1126 VII.
1607 1096 1658 1125 25.

1048 1152 1049 1172 1
1071 1146 1175 1187 Regia
1197 1146 1240 1178 X.
1263 1150 1281 1177 3
1303 1156 1330 1184 a,
1355 1147 1383 1177 1.

1046 1235 1049 1243 .
1071 1200 1201 1240 Regina
1227 1200 1320 1231 XIV.
1347 1200 1374 1238 8,
1400 1200 1427 1230 ].

1046 1255 1048 1291 ,Ρ
1070 1253 1217 1285 Reiectio
1239 1254 1385 1285 iudicum
1411 1254 1436 1284 I.
1462 1253 1512 1289 16,
1537 1253 1566 1284 3.

1070 1307 1219 1339 Reiicere
1240 1316 1274 1338 se
1297 1307 1407 1348 aliquo
1433 1306 1528 1337 VIII.
1554 1307 1590 1337 15
1613 1308 1656 1344 A,
1681 1308 1707 1338 1.

1071 1417 1334 1457 Relanguescere
1354 1416 1455 1447 XIII.
1479 1416 1528 1454 41,
1554 1416 1581 1447 1.

1071 1470 1225 1512 Reliquia
1246 1474 1295 1502 est
1317 1471 1493 1509 corruplum
1516 1469 1577 1500 1V.
1604 1470 1632 1506 6,
1656 1470 1684 1500 2.

1070 1524 1250 1565 Reliquum
1271 1528 1321 1556 est
1342 1523 1446 1554 XIII.
1469 1523 1520 1561 29,
1543 1523 1572 1556 2.

1071 1576 1226 1618 Repelitio
1247 1575 1380 1607 nominis
1404 1576 1448 1607 acl
1468 1586 1602 1616 pronon.
1627 1577 1721 1607 relat.
1746 1577 1793 1608 11.
1819 1578 1864 1613 11,
1892 1578 1926 1615 1,

1245 1629 1386 1661 vocabuli
1408 1630 1435 1661 Ι.
1461 1630 1509 1667 13,
1534 1630 1562 1667 23
1589 1630 1635 1661 ΙΙ.
1659 1630 1689 1668 7,
1712 1630 1741 1661 3.

1068 1684 1241 1725 Reponere
1263 1684 1366 1715 XIII.
1390 1684 1441 1723 12,
1465 1684 1497 1715 3.

1068 1739 1248 1780 Reportare
1271 1738 1446 1770 Britannia
1468 1741 1642 1780 suspectum
1667 1739 1726 1770 IV.
1752 1740 1799 1777 18,
1823 1741 1851 1770 5.

1072 1793 1331 1833 Repraesentare
1353 1792 1438 1823 XII.
1462 1793 1513 1831 25,
1538 1793 1574 1829 1;
1600 1793 1808 1833 metaphorice
1830 1793 1923 1824 XVI.

1349 1846 1379 1883 2,
1406 1846 1437 1876 3.

1044 1892 1046 1896 ι
1070 1897 1263 1941 Reprimere
1286 1900 1404 1931 itinera
1424 1899 1471 1931 X.
1495 1900 1524 1937 9,
1550 1900 1577 1930 1.

1044 1948 1045 1955 ’
1068 1954 1192 1985 Rerum
1214 1954 1354 1995 prolatio
1380 1954 1456 1985 VII.
1481 1954 1531 1993 12,
1554 1954 1572 1985 2

1044 2014 1045 2047 j
1068 2009 1142 2045 Res,
1173 2008 1338 2049 indefinite
1359 2009 1420 2039 IV.
1448 2009 1495 2047 IS,
1521 2009 1555 2046 35
1580 2009 1619 2040 de
1642 2008 1716 2040 cibis
1740 2009 1797 2039 IV.
1815 2008 1863 2044 10,
1890 2009 1921 2043 I,

1173 2071 1224 2092 res
1248 2067 1296 2093 est
1318 2062 1384 2093 XI.
1408 2062 1460 2100 14,
1482 2062 1518 2099 33
1542 2071 1593 2093 res
1615 2062 1783 2102 redempta
1805 2071 1822 2092 a
1844 2062 1923 2092 iudi-

1171 2115 1265 2146 cibus
1298 2116 1422 2147 dubium
1455 2116 1482 2147 Ι.
1518 2116 1567 2154 16,
1599 2115 1654 2152 10;
1685 2124 1735 2147 res
1759 2115 1841 2146 sedit
1865 2115 1922 2146 IV.

1173 2168 1223 2205 17,
1247 2169 1278 2199 3.

1064 2223 1256 2254 Rescribere
1275 2222 1375 2254 XVI.
1398 2223 1428 2260 2,
1454 2223 1482 2253 1.

1064 2275 1244 2317 ResipiSco‚
1268 2275 1335 2307 eius
1350 2275 1529 2318 perfectum
1553 2274 1612 2306 IV.
1635 2276 1665 2314 5,
1690 2275 1716 2306 1.

1064 2328 1284 2370 Respondere,
1308 2329 1343 2359 in
1370 2328 1489 2360 iudicio
1523 2328 1633 2360 adesse
1662 2328 1724 2360 IV.
1756 2328 1805 2366 18,
1828 2327 1846 2358 3
1855 2340 1862 2363 3
1885 2328 1918 2358 in

1303 2382 1434 2413 delectu
1462 2382 1607 2413 militum
1641 2380 1721 2413 VII.
1744 2380 1795 2418 14,
1816 2380 1852 2417 2,
1875 2390 1921 2410 re-

1304 2438 1464 2478 spondere
1486 2438 1517 2466 et
1539 2444 1694 2476 reponere
1703 2436 1837 2475 permut.
1861 2433 1920 2463 IV.

1311 2489 1358 2524 10,
1380 2489 1418 2526 2;
1441 2499 1499 2530 par
1521 2489 1595 2530 pari
1620 2486 1711 2518 XVI.
1736 2487 1772 2525 7'¹
1788 2487 1819 2517 6.

1063 2531 1243 2563 Rostrictus
1265 2530 1311 2562 X.
1337 2531 1388 2569 11,
1411 2531 1444 2563 2.

1062 2585 1165 2617 Retur
1184 2586 1359 2625 suspectam
1381 2584 1465 2615 XII.
1489 2584 1539 2621 32,
1565 2584 1578 2614 1
1591 2597 1598 2619 ;
1624 2583 1693 2613 ilem
1717 2588 1829 2614 rentur
1842 2582 1918 2613 VII.

1190 2650 1220 2688 3,
1242 2651 1293 2681 12.

1064 2704 1153 2736 Reus
1175 2704 1217 2734 ab
1239 2703 1352 2744 aliquo
1374 2713 1435 2734 non
1458 2705 1504 2734 est
1531 2701 1707 2732 Tullianum
1730 2699 1790 2730 IV.
1816 2699 1846 2737 3,
1869 2700 1897 2728 5.

1062 2756 1137 2788 Rex
1158 2757 1198 2788 de
1222 2756 1368 2787 Cicerone
1386 2756 1415 2786 Ι.
1432 2756 1481 2793 16,
1500 2754 1770 2792 103voxsuspecla
1782 2750 1828 2782 X.
1843 2751 1871 2789 7,
1891 2752 1916 2781 1.

1062 2809 1246 2840 Rhetorum
1266 2809 1360 2849 pueri
1384 2808 1412 2840 I.
1436 2807 1485 2845 13,
1510 2807 1538 2838 1.

1062 2862 1192 2903 Rogare
1217 2875 1250 2892 :-
1273 2861 1413 2892 invitare
1436 2860 1483 2891 ΙΙ.
1508 2859 1535 2896 3,
1560 2859 1589 2890 3.

1062 2916 1169 2948 Ruere
1192 2916 1239 2946 ΙΙ.
1263 2915 1313 2951 14,
1336 2915 1369 2951 13
1395 2915 1445 2953 15,
1469 2914 1506 2949 2;
1530 2912 1587 2943 IV.
1612 2912 1642 2951 3,
1665 2912 1682 2941 2
1706 2917 1737 2942 et
1760 2911 1844 2942 Add.

1062 2969 1192 3001 Ruinae
1214 2967 1258 3000 X.
1283 2968 1310 3004 1,
1336 2967 1365 2998 1.

1061 3021 1252 3054 Ruminatio
1276 3020 1322 3051 11.
1347 3020 1398 3059 12,
1420 3020 1451 3051 2.

1062 3074 1145 3107 Ruri
1168 3073 1271 3105 XIII.
1297 3072 1349 3111 49,
1373 3072 1401 3103 1.

1038 3119 1041 3180 f
1062 3129 1186 3161 Rursus
1209 3128 1255 3159 ΙΙ.
1280 3128 1312 3166 9,
1335 3127 1367 3157 1.
