2062 3565
210 168 294 208 128
600 163 684 204 ΕΡ.
718 162 795 203 ΑΙ)
827 161 873 200 Τ.
908 157 1258 200 POMPONIUM
1293 155 1560 198 ATTICUM.

752 422 1228 477 LIBER
1333 424 1441 480 ΧΙ.

845 681 882 721 J.
950 681 1014 731 (A.
1057 681 1102 721 U.
1141 682 1182 721 C.
1226 681 1342 734 706).

277 811 315 848 1.
366 807 510 862 Accepi
557 822 579 847 a
622 815 661 847 te
710 807 913 861 signatum
956 804 1152 856 libellum,
1196 821 1313 861 quem
1361 808 1533 847 Anteros
1581 806 1784 859 attulerat,
1819 823 1865 849 ex
1901 823 1980 864 quo

210 881 311 922 nihil
345 881 443 921 scire
476 881 589 935 potui
625 880 674 921 de
707 880 854 921 nostris
887 879 1117 920 domesticis
1151 879 1284 930 rebus,
1319 879 1368 920 de
1402 879 1550 934 quibus
1576 879 1831 922 acerbissime
1857 880 1986 922 afflic-

210 958 286 1005 tor,
333 953 454 1009 quod,
496 955 565 1009 qui
608 970 673 996 eas
721 953 981 1010 dispensavit,
1026 968 1155 1008 neque
1201 953 1314 994 adest
1357 953 1447 994 istic
1494 969 1623 1009 neque
1673 952 1744 995 ubi
1792 959 1986 995 terrarum

180 1041 193 1065 5
212 1027 265 1068 sit
304 1027 399 1068 scio.
450 1028 622 1069 Omnem
667 1033 801 1069 autem
852 1042 962 1083 spem
990 1025 1117 1067 habeo
1150 1026 1460 1067 existimationis
1493 1026 1820 1082 privatarumque
1853 1041 1985 1068 rerum

213 1100 254 1140 in
288 1105 358 1141 tua
391 1114 483 1155 erga
516 1117 579 1143 me
612 1101 713 1143 mihi
746 1100 1070 1157 perspectissima
1106 1099 1399 1151 benevolentia,
1436 1115 1555 1153 quam
1589 1101 1623 1141 si
1656 1100 1720 1141 his
1737 1099 1987 1157 temporibus

213 1173 368 1214 miseris
413 1178 453 1214 et
486 1177 674 1217 extremis
706 1176 968 1231 praestiteris,
1003 1174 1099 1215 haec
1136 1174 1325 1230 pericula,
1363 1188 1462 1228 quae
1497 1174 1596 1215 mihi
1630 1174 1860 1215 communia
1892 1178 1988 1216 sunt

214 1263 304 1289 cum
357 1249 511 1299 ceteris,
562 1248 705 1289 fortius
749 1247 886 1297 feram,
937 1246 1057 1301 idque
1103 1253 1148 1288 ut
1193 1247 1329 1297 facias,
1374 1252 1414 1287 te
1447 1245 1625 1287 obtestor
1659 1251 1778 1301 atque
1811 1246 1988 1288 obsecro.

216 1324 256 1362 2.
302 1322 389 1376 Ego
432 1323 475 1363 in
519 1321 747 1377 cistophoro
788 1323 832 1363 in
864 1321 963 1362 Asia
995 1319 1124 1362 habeo
1158 1320 1207 1361 ad
1242 1320 1328 1362 HS.
1362 1319 1424 1361 bis
1457 1326 1498 1361 et
1529 1321 1666 1362 vicies.
1702 1321 1839 1362 Huius
1871 1334 1990 1375 pecu·
2042 1300 2062 1335 Ἰ

162 1396 303 1440 ioniae
351 1397 643 1452 permutatione
692 1395 812 1436 fidem
856 1399 1033 1436 nostram
1075 1393 1190 1436 facile
1235 1392 1412 1444 tuebere,
1449 1408 1569 1449 quam
1603 1393 1766 1448 quidem
1801 1407 1875 1448 ego
1908 1393 1988 1435 nisi

214 1468 441 1524 expeditam
483 1469 706 1523 relinquere
749 1470 840 1522 (me)
883 1472 1100 1523 putassem,
1146 1466 1311 1508 credens
1345 1468 1395 1517 ei,
1441 1468 1505 1507 cui
1538 1471 1584 1507 tu
1618 1467 1696 1507 scis
1729 1468 1808 1507 iam
1839 1465 1993 1522 pridem

216 1541 380 1582 minime
417 1541 590 1593 credere,
627 1546 894 1583 commoratus
938 1556 1064 1582 essem
1099 1541 1313 1596 paulisper,
1348 1555 1421 1582 1166
1456 1540 1695 1581 domesticas
1727 1555 1790 1581 res
1823 1538 1992 1596 impedi-

215 1619 277 1655 tas
310 1613 584 1668 reliquissem;
621 1614 871 1672 ob⁴ea1nque
905 1628 1063 1654 causam
1113 1614 1239 1655 serius
1273 1613 1322 1654 ad
1356 1618 1396 1654 te
1431 1611 1575 1664 scribo,
1611 1612 1719 1667 quod
1753 1627 1840 1654 sero
1872 1611 1991 1654 intel-

215 1687 295 1728 lexi
329 1687 426 1742 quid
459 1687 684 1729 timendum
719 1693 836 1728 esset.
890 1687 945 1728 Te
979 1688 1099 1728 etiam
1131 1692 1251 1742 atque
1275 1688 1395 1728 etiam
1430 1701 1512 1737 010,
1550 1691 1594 1727 ut
1626 1701 1689 1727 me
1723 1690 1854 1728 totum
1877 1691 1991 1728 tuen-

166 1760 314 1802 151111111
349 1762 557 1818 suscipias,
593 1766 651 1813 ut,
687 1763 719 1803 si
754 1763 783 1803 ii
817 1761 914 1803 salvi
949 1766 1081 1812 erunt,
1118 1759 1357 1816 quibuscum
1393 1775 1496 1811 sum,
1534 1774 1613 1801 una
1646 1774 1739 1801 cum
1771 1760 1821 1801 iis
1844 1759 1994 1815 possim

219 1835 433 1877 incolumis
466 1850 550 1877 esse
585 1835 833 1890 salutemque
867 1849 996 1876 meam
1031 1832 1333 1876 benevolentiae
1366 1839 1459 1875 tuae
1493 1837 1697 1889 acceptam
1730 1832 1888 1874 referre.

263 2004 299 2035 11
325 2003 504 2045 relinquere
519 2004 681 2044 putassem
706 2019 746 2024 —

261 2163 417 2203 Longum
439 2162 609 2193 silentium
639 2167 688 2192 est
710 2161 797 2191 inter
820 2160 974 2191 ultimam
996 2159 1078 2200 epis·

221 2217 321 2249 tolam
344 2217 422 2247 libri
442 2215 476 2247 X
499 2221 531 2247 et
553 2216 677 2256 priores
699 2214 852 2255 epistolas
874 2214 974 2244 huius
992 2213 1079 2244 libri.

219 2271 338 2303 Paucis
370 2271 486 2302 diebus
516 2275 689 2310 postquam
723 2269 825 2305 illam,
848 2277 932 2309 quae
955 2273 1026 2308 post
1049 2267 1080 2298 d.

218 2323 309 2356 XIV
331 2323 408 2354 Kal
431 2323 544 2353 Iunias
567 2332 595 2352 a.
618 2320 742 2352 DCCV
755 2321 875 2361 scripta
891 2326 949 2357 est,
965 2319 1082 2351 Attico

218 2377 361 2414 miserat,
391 2376 507 2407 Cicero
535 2374 714 2406 consilium
745 2373 804 2403 diu
836 2373 996 2413 agitatum
1020 2372 1081 2403 lin-

1171 2162 1189 2202 §
1220 2162 1249 2192 2.
1280 2160 1345 2202 qu
1377 2178 1419 2184 —
1450 2160 1483 2190 in
1518 2160 1599 2191 Asia
1622 2159 1719 2191 habeo
1741 2159 1786 2190 ad
1808 2158 1874 2192 HS.
1897 2159 1943 2190 bis
1963 2161 1995 2191 et

1129 2215 1233 2246 vicies.
1260 2214 1484 2255 Cogitandum
1507 2214 1579 2245 sine
1598 2214 1700 2244 dubio
1718 2214 1758 2245 de
1773 2213 1832 2245 illa
1843 2213 1995 2255 pecunia,

1128 2269 1221 2300 cuius
1244 2268 1396 2300 meminit
1419 2268 1453 2299 in
1477 2277 1528 2308 ep.
1550 2268 1591 2298 ad
1606 2266 1701 2298 Fam.
1715 2267 1759 2299 V.
1771 2267 1820 2304 20,
1838 2267 1866 2305 9,
1882 2276 1997 2299 mense

1128 2322 1283 2353 Ianuario
1312 2321 1392 2352 anni
1421 2320 1480 2353 705
1505 2320 1633 2361 scripta.
1665 2334 1679 2346 υ
1691 2319 1791 2350 Simul
1812 2319 1897 2350 illud
1916 2319 1997 2360 coffi-

1129 2378 1199 2405 tare
1227 2374 1318 2405 debes
1351 2385 1397 2404 me
1430 2384 1545 2404 omnem
1570 2372 1748 2414 pecuniam,
1779 2382 1859 2414 quae
1889 2371 1934 2403 ad
1951 2381 1998 2403 me

219 2431 369 2473 quel-'ldae
397 2430 513 2461 Itflllflss
545 2428 682 2470 perficit·
717 2428 805 2458 Nam
837 2437 867 2458 a·
899 2428 930 2458 d·
953 2427 1010 2457 ῙΠ
1033 2427 1082 2457 Id·
1129 2428 1227 2461 salvis
1249 2428 1368 2470 leyz'bus
1382 2427 1589 2469 pervenisset,
1613 2426 1729 2467 Ephesi
1751 2425 1838 2467 apud
1851 2425 1995 2466 publica-

218 2489 295 2522 Iun.
318 2498 335 2520 e
357 2488 436 2519 navi
458 2487 549 2518 dedit
569 2487 680 2517 literas
703 2486 744 2516 ad
759 2494 899 2516 uxoiem
919 2484 1081 2521 6111118111,
1129 2494 1185 2515 nos
1217 2482 1398 2524 deposuisse
1405 2495 1414 2517 ;
1446 2481 1481 2512 id
1503 2481 1612 2522 fuisse
1633 2479 1699 2511 HS.
1722 2479 1858 2511 ΧΧῙΙ.”
1898 2478 1999 2518 Quod

219 2551 304 2584 quae
333 2545 479 2572 servatae
507 2544 584 2570 sunt
614 2538 707 2569 Fam.
737 2537 836 2569 XIV.
871 2537 900 2570 7.
934 2536 1083 2568 Contulit
1131 2543 1241 2568 autem
1266 2536 1372 2567 addit:
1397 2545 1464 2566 eam
1498 2544 1613 2565 omnem
1629 2534 1797 2574 pecuniam
1819 2531 1998 2573 Pompeium

1130 2589 1298 2620 abstulisse
1319 2597 1436 2619 verum
1458 2596 1527 2617 non
1551 2586 1653 2617 fuisse
1675 2595 1718 2616 ex
1740 2585 1801 2616 hac
1824 2589 1858 2616 et
1868 2584 1998 2616 duabus

1130 2652 1218 2683 seqq.
1242 2641 1389 2682 epistolis
1412 2638 1626 2670 manifestum
1649 2643 1708 2669 est.
1730 2637 1872 2669 Addidit
1886 2642 1998 2668 autem

1132 2706 1170 2727 eo
1199 2694 1348 2731 consilio=
1388 2698 1424 2723 ut
1453 2691 1568 2728 Rufus,
1591 2691 1648 2731 qui
1677 2690 1747 2721 eius
1779 2698 1933 2730 quaestor
1964 2689 1999 2720 in

1104 2749 1108 2767 ¹
1133 2748 1251 2780 Cilicia
1273 2747 1388 2783 fuerat,
1412 2745 1571 2775 iacturam
1592 2742 1663 2774 HS.
1686 2749 1820 2774 centum
1843 2742 1997 2783 aequiore

1134 2803 1246 2833 animo
1275 2800 1382 2837 ferret,
1412 2799 1441 2829 si
1474 2797 1602 2829 audiret
1637 2796 1868 2838 proconsulem
1901 2805 1999 2827 suum

1134 2855 1240 2886 multo
1262 2853 1368 2884 maius
1390 2852 1550 2882 damnum
1565 2849 1692 2881 fecisse.
1713 2848 1866 2889 Iniquius
1882 2849 1923 2880 de
1937 2847 2001 2879 hac

1134 2921 1169 2943 re
1191 2909 1349 2942 iudicavit
1370 2907 1568 2939 Wielandus
1591 2906 1626 2937 in
1649 2905 1863 2936 adnotatione
1879 2904 2000 2935 811111-

1136 2967 1213 2998 Vol.
1236 2964 1299 2996 IV.
1322 2974 1352 3005 p.
1373 2963 1432 2994 515
1455 2972 1543 3003 seqq.
1569 2961 1704 3002 interpr.
1725 2959 1836 2992 Germ.

1178 3018 1365 3060 Relinquere
1395 3017 1470 3057 (me)
1495 3017 1669 3057 putassem.
1701 3013 1756 3044 Me
1783 3013 1893 3045 addidi
1925 3024 2002 3045 cum

1137 3073 1314 3110 Lambino,
1337 3080 1441 3112 quum
1463 3070 1533 3101 cod.
1552 3069 1643 3101 Med.
1653 3068 1774 3099 habeat
1786 3067 2002 3110 relinquerem.

1138 3127 1264 3159 Iterum
1280 3125 1366 3156 hanc
1382 3122 1657 3165 praepositionem
1667 3121 1801 3161 requiro
1808 3120 2003 3152 inter-verba

1139 3177 1264 3209 minime
1284 3176 1421 3208 credere.

221 2604 256 2627 se
288 2595 322 2626 in
352 2594 490 2635 Epirum
519 2593 560 2623 ad
590 2591 796 2632 Pompeium,
826 2591 915 2622 unde
945 2590 1083 2631 scriptae

221 2653 299 2681 sunt
333 2653 473 2689 quatuor
501 2646 625 2688 priores
659 2645 773 2676 literae
803 2644 902 2675 huius
931 2644 1009 2675 libri
1043 2644 1084 2674 ad

221 2702 385 2734 Atticum.
417 2700 498 2732 Post
535 2708 682 2740 pugnam
718 2698 944 2729 Pharsalicam
978 2703 1084 2728 688118

221 2755 357 2797 reliquit
379 2760 409 2786 et
439 2755 472 2785 in
497 2753 633 2785 Italiam
654 2752 760 2783 rediit.
794 2751 966 2783 Brundisii
988 2752 1085 2792 scrip-

224 2809 267 2840 sit
288 2808 430 2849 leliquas
453 2806 606 2848 epistolas
627 2805 726 2836 huius
748 2805 925 2835 librianno
941 2803 1085 2835 DCCVI

225 2869 257 2895 et
279 2863 450 2895 DCCVII.

269 2919 286 2959 ξ
310 2919 339 2950 1.
371 2917 431 2958 Qui
464 2926 518 2948 eas
543 2915 746 2957 dispensavit.
779 2916 812 2946 Is
834 2915 965 2946 videtur
985 2914 1086 2945 fuisse

226 2971 442 3008 Philotimus,
480 2970 521 3000 ad
554 2968 760 3009 eundemque
791 2967 963 2999 referenda
995 2966 1085 3004 haec,

226 3034 311 3066 quae
333 3024 351 3063 ξ
373 3024 393 3055 2
414 3023 589 3063 leguntur:
613 3021 743 3052 credens
765 3021 804 3059 ei,
828 3020 878 3052 eui
900 3022 934 3050 tu
952 3019 1014 3050 scis
1025 3019 1086 3050 iam

219 3077 344 3119 pridem
366 3076 491 3108 minime
511 3075 649 3108 credere.

271 3130 524 3163 Existimationis
546 3140 590 3162 86.
604 3130 754 3166 tuendae,
769 3135 807 3160 ut
830 3129 954 3160 bonum
965 3137 1088 3159 nomen

233 3185 411 3218 existimer.
