2062 3565
650 175 752 215 1213.
793 176 863 216 M.
906 175 982 216 MP.
1023 178 1087 216 ll
1151 178 1215 216 13.
1740 178 1817 215 ΗΓ»

45 317 216 364 „tamen
263 310 421 352 audebo
472 315 604 366 petere
649 309 720 352 abs
764 317 818 361 te,
863 310 970 366 quod
1022 318 1061 352 te
1096 327 1179 362 oro,
1216 327 1265 352 ne
1299 311 1397 367 quid
1432 312 1635 353 existimes
1668 311 1718 353 ab
1751 312 1820 353 illo

9 438 14 443 .
46 385 232 438 „factum
276 398 377 435 esse,
419 399 499 440 quo
543 385 679 427 minus
723 400 811 427 mea
851 384 894 426 in
944 390 983 427 te
1017 386 1147 427 officia
1180 390 1411 427 constarent
1443 385 1626 427 minusve
1653 391 1693 426 te
1727 384 1819 426 dili-

0 455 231 542 }ngerem‚
276 458 495 514 potiusque
543 473 699 515 semper
743 459 859 501 illum
904 464 1107 501 auctorem
1147 465 1306 501 nostrae
1352 459 1650 501 coniunctionis
1697 458 1819 500 fuisse

0 545 18 571 ε
47 559 68 584 ,s
82 531 240 587 meique
286 531 445 573 itineris
489 532 690 582 comitem,
736 547 819 574 non
860 532 1018 574 ducem.
1069 532 1205 579 Quare
1250 532 1392 574 ceteris
1426 533 1469 573 in
1503 531 1626 574 rebus
1663 536 1824 573 tantum

0 581 12 619 ³
48 604 119 657 „ei
158 603 327 655 tribues,
376 609 573 658 quantum
615 604 846 646 humanitas
889 610 961 646 tua
1004 605 1262 660 amicitiaque
1312 609 1443 646 vestra
1489 604 1680 660 postulat.
1734 605 1822 659 Ego
1864 619 1877 642 5

0 621 18 739 Ξ
49 678 119 729 nei
133 665 202 720 ⁸ne
236 677 336 732 quid
369 678 477 734 apud
512 684 554 719 te
590 678 735 729 obsim,
770 678 811 719 id
845 684 885 719 te
927 679 1180 720 vehementer
1213 679 1334 720 etiam
1370 684 1490 734 atque
1525 678 1646 719 etiam
1682 678 1823 732 1·ogo.”

0 740 19 872 Ξ
107 753 147 792 3.
192 750 340 804 Quare,
392 752 425 793 si
471 752 562 808 quis
615 767 853 808 congressus
897 752 1019 794 fuerit
1061 752 1162 794 mihi
1195 768 1287 794 cum
1325 752 1493 794 Caesare
1527 752 1602 793 etsi
1636 767 1718 793 non
1752 750 1825 792 du-

0 814 10 872 i
43 825 145 876 bite,
196 825 296 880 quin
344 825 380 867 is
430 825 533 868 lenis
581 827 625 868 in
672 826 788 868 illum
838 826 998 868 futurus
1042 827 1096 868 sit
1137 825 1259 882 idque
1302 827 1383 868 iam
1427 825 1701 875 declaraverit,
1752 839 1826 879 ego

0 873 179 961 {tamen
226 898 262 940 is
307 914 389 951 ero,
436 899 507 954 qui
555 915 710 956 semper
753 900 828 942 fui.
884 899 976 951 Sed,
1022 905 1070 941 ut
1113 899 1243 951 video,
1290 899 1417 941 multo
1451 900 1579 954 magis
1613 903 1675 940 est
1707 897 1827 940 nobis

44 970 311 1014 laborandum
356 972 406 1014 de
448 972 600 1024 Africa,
632 983 765 1027 ‘quam
812 972 978 1029 quidem
1012 978 1059 1014 tu
1093 971 1235 1014 scribis
1269 972 1495 1014 confirmari
1529 971 1711 1027 quotidie
1747 987 1827 1013 ma·
1848 987 1880 1012 ιο

44 1045 107 1101 gis
151 1045 202 1087 ad
246 1046 491 1088 conditionis
540 1062 650 1103 spem
690 1062 811 1102 quam
851 1047 1056 1088 victoriae.
1120 1046 1241 1098 Quod
1282 1046 1439 1087 utinam
1483 1046 1540 1087 ita
1583 1046 1711 1087 esset!
1749 1045 1828 1086 Sed

47 1119 167 1174 longe
216 1119 331 1161 aliter
379 1135 463 1162 esse
512 1120 710 1175 intelligo,
760 1125 880 1175 teque
928 1120 1061 1176 ipsum
1112 1120 1170 1161 ita
1214 1119 1441 1161 existimare
1484 1118 1669 1169 arbitror,
1714 1117 1831 1159 aliter

51 1197 186 1234 autem
218 1193 406 1245 scribere,
440 1209 523 1236 non
556 1193 723 1236 fallendi
757 1193 827 1235 sed
861 1194 1126 1235 confirmandi
1161 1194 1239 1235 mei
1273 1208 1409 1245 causa,
1447 1192 1680 1249 praesertim
1706 1206 1830 1247 quum

50 1265 295 1320 adiungatur
337 1266 388 1308 ad
432 1267 610 1308 Africam
658 1267 781 1308 etiam
826 1267 1040 1322 Hispania.
1105 1269 1145 1308 4.
1181 1266 1302 1319 Quod
1336 1282 1398 1308 me
1433 1265 1624 1341 aques
1657 1271 1705 1306 ut
1737 1265 1832 1306 scri-

52 1337 144 1381 bam
178 1339 230 1381 ad
263 1339 489 1382 Antonium
534 1344 574 1382 et
606 1339 656 1381 ad
690 1343 856 1390 ceteros,
891 1339 926 1380 si
959 1339 1057 1393 quid
1090 1339 1296 1380 videbitur
1327 1338 1406 1380 tibi
1439 1353 1540 1394 opus
1574 1352 1674 1388 esse,
1708 1337 1827 1378 velim
1850 1353 1884 1378 ιε

51 1411 174 1454 facias
217 1412 275 1464 id,
320 1412 427 1468 quod
470 1428 588 1469 saepe
629 1412 775 1454 fecisti.
824 1411 943 1454 Nihil
987 1412 1095 1454 enim
1139 1412 1240 1453 mihi
1273 1412 1385 1453 venit
1417 1411 1461 1452 in
1494 1416 1685 1462 mentem,
1721 1411 1828 1467 quod

52 1485 311 1529 scribendum
355 1491 510 1543 putem.
560 1485 681 1539 Quod
721 1501 785 1527 me
829 1485 946 1528 audis
985 1487 1218 1528 erectiorem
1261 1501 1346 1528 esse
1380 1485 1529 1535 animo,
1565 1484 1664 1540 quid
1697 1489 1832 1541 putaS,

52 1574 175 1615 quum
208 1559 346 1602 videas
378 1560 592 1602 accessisse
627 1559 677 1600 ad
712 1559 937 1614 superiores
970 1558 1245 1614 aegritudines
1283 1558 1506 1614 praeclaras
1538 1558 1677 1612 generi
1710 1559 1833 1600 actio-

53 1634 152 1676 nes?
195 1633 259 1675 Tu
286 1634 438 1676 ‘tamen
483 1632 601 1675 velim
635 1648 685 1674 ne
717 1632 976 1683 intermittas,
1012 1631 1144 1686 quoad
1177 1632 1264 1673 eius
1297 1631 1426 1672 facere
1460 1631 1622 1687 poteriS,
1658 1630 1833 1672 scribere

53 1707 102 1749 ad
136 1722 213 1758 me,
247 1708 369 1749 etiam
404 1706 438 1748 si
469 1721 567 1757 rem,
601 1705 651 1747 de
684 1720 764 1760 qua
796 1704 962 1756 scribas,
995 1721 1078 1747 non
1110 1704 1294 1747 habebis.
1329 1707 1493 1760 Semper
1526 1705 1635 1746 enim
1659 1706 1835 1747 afferunt
1851 1724 1886 1750 20

53 1779 207 1836 aliquid
249 1780 353 1822 mihi
394 1780 533 1822 literae
566 1784 675 1822 tuae.
725 1779 920 1821 Galeonis
952 1779 1217 1821 hereditatem
1250 1780 1371 1821 crevi.
1405 1779 1513 1820 Puto
1546 1779 1654 1819 enim
1689 1779 1832 1820 cretio-

52 1869 147 1896 nem
179 1854 403 1911 simplicem
435 1853 574 1904 fuisse,
608 1854 798 1909 quoniam
843 1853 895 1894 ad
926 1869 990 1894 me
1023 1853 1136 1894 nulla
1169 1853 1290 1894 missa
1323 1857 1397 1894 est.
1435 1864 1534 1893 VIII.
1569 1851 1634 1892 Id.
1677 1851 1800 1893 Mart.

97 1985 116 2026 ξ
137 1985 167 2017 2.
193 1984 284 2026 Quod
303 1986 335 2016 te
346 1994 410 2016 oro.
434 1983 536 2016 Orare
551 1994 655 2026 quum
671 1985 745 2026 plus
769 1985 811 2016 sit
822 1994 923 2026 quam
943 2004 946 2031 l
972 1985 1020 2017 las
1042 1986 1084 2016 ad
1106 1995 1161 2016 eos
1184 1995 1258 2017 meo
1282 1986 1428 2017 nomine.
1440 1986 1480 2018 cf.
1500 1996 1550 2028 ep.
1562 1997 1629 2029 seq.
1646 1988 1709 2019 sub
1719 1988 1832 2020 finem.

48 2041 169 2081 petere,
192 2039 268 2071 vide
290 2049 332 2071 ne
354 2039 565 2070 scribendum
587 2039 645 2070 sit:
669 2037 742 2080 quin
767 2041 798 2069 te
821 2049 875 2070 oro
891 2045 924 2070 et
1013 2038 1201 2070 Erectiorem
1225 2049 1293 2070 esse
1314 2040 1428 2071 animo.
1463 2041 1516 2072 Ita
1548 2042 1642 2073 codd.
1678 2042 1768 2073 Med.
1801 2048 1833 2074 et

18 2139 21 2141 Α
55 2095 158 2127 audeo
190 2105 249 2137 pro
277 2095 409 2126 audebo.
431 2094 582 2126 Kochins
603 2094 688 2126 illud
712 2094 923 2126 intolerabile
943 2083 946 2103 ³
970 2095 1066 2136 lIisp.
1088 2095 1132 2126 Et
1153 2096 1311 2126 standum
1329 2100 1378 2126 est
1389 2095 1452 2126 hac
1469 2096 1549 2127 Mss.
1565 2097 1734 2138 scriptura,
1746 2106 1831 2138 quae

56 2148 206 2180 iudicans
227 2149 386 2180 coniecit:
409 2147 515 2190 quoad
535 2150 567 2178 te
590 2147 708 2186 videro,
735 2148 814 2179 coll.
838 2156 922 2189 quae
942 2146 945 2191 f
969 2149 1172 2180 correctione
1195 2148 1389 2180 Victoriana
1413 2149 1596 2181 rrae-liorem
1611 2150 1711 2190 longe
1723 2150 1832 2191 potior

57 2211 146 2244 seqq.
169 2202 267 2234 initio
289 2203 308 2242 ξ
331 2203 360 2233 3.
942 2204 945 2234 ἔ
969 2207 1026 2233 est..
1050 2202 1213 2244 Sequenti
1233 2203 1323 2234 enim
1336 2203 1529 2244 quaestione
1545 2204 1690 2235 ostendit
1704 2203 1830 2242 Cicero,

100 2256 119 2296 ξ
142 2256 172 2287 3.
195 2255 248 2286 Ad
283 2255 474 2286 conditionis
507 2265 590 2296 spem
628 2266 719 2297 quam
756 2255 922 2287 victoriae.
942 2251 943 2254 ¹
967 2267 1068 2298 quare
1091 2268 1158 2288 non
1182 2257 1286 2298 possit
1308 2258 1420 2288 animo
1443 2267 1514 2290 esse
1538 2264 1665 2290 erectus
1689 2264 1720 2290 et
1755 2269 1831 2290 con-

57 2306 223 2343 ,Victort‘ae
245 2315 332 2340 recte
355 2309 477 2350 opponi
501 2308 715 2339 conditionem
732 2314 866 2350 apparet
880 2319 924 2341 ex
942 2308 944 2311 ’
967 2313 1126 2344 firmatus.

57 2362 110 2394 his
132 2363 242 2394 verbis
263 2362 359 2394 Fam.
382 2363 446 2394 V1.
469 2363 498 2400 2,
528 2364 548 2394 2
569 2362 597 2393 si
618 2362 716 2394 armis
738 2365 794 2394 aut
819 2363 923 2394 condi·
943 2377 945 2382 ι
1013 2364 1128 2396 Generi
1150 2366 1299 2397 actiones.
1323 2366 1363 2397 cf.
1387 2375 1437 2407 ep.
1463 2367 1512 2404 14,
1535 2367 1555 2398 2
1577 2373 1610 2398 et
1632 2376 1717 2408 quae
1732 2367 1831 2398 adno-

56 2416 142 2449 tione
157 2417 272 2459 positis
294 2418 350 2448 au't
372 2417 599 2459 deferiyalione
620 2417 752 2449 abiectis
773 2420 831 2448 aut
861 2418 922 2449 vic-
942 2412 945 2469 ;
969 2420 1046 2451 tabo
1069 2421 1110 2451 ad
1131 2430 1181 2461 ep.
1204 2421 1254 2457 23,
1279 2423 1306 2450 13.

40 2470 143 2510 ‚toria
165 2470 319 2502 detractis
342 2470 457 2502 civitas
478 2470 694 2511 respiraverit,
729 2471 787 2502 ubi
809 2471 923 2502 simili·
942 2475 945 2519 1
1014 2474 1186 2506 (fretionem
1208 2474 1375 2516 simplicem
1393 2474 1503 2513 fuisse
1521 2485 1551 2505 a:
1578 2484 1703 2506 meram
1716 2474 1829 2505 cretio-

61 2529 112 2556 ter
132 2530 232 2566 atque
253 2524 287 2556 h.
311 2524 333 2555 1.
356 2523 618 2555 transactionem
640 2525 808 2564 quandam
840 2524 945 2579 indi-j
969 2539 1057 2567 nem,
1088 2529 1172 2561 nihil
1204 2534 1332 2570 praeter
1365 2529 1557 2567 cretionem,
1591 2539 1694 2570 quum
1727 2528 1831 2560 Galeo

61 2582 123 2610 eat.
153 2578 195 2610 cf.
219 2577 369 2610 Gronov·
399 2578 440 2609 ad
472 2577 547 2609 Liv-
571 2577 744 2609 XXXIV·
766 2578 806 2610 23
839 2584 945 2620 extu}
972 2582 1057 2613 nihil
1081 2583 1255 2623 reliquerit
1277 2588 1310 2614 et
1331 2582 1497 2614 hereditas
1521 2583 1623 2623 igitur
1652 2582 1748 2613 nulla
1778 2582 1829 2613 sit.

63 2630 174 2670 Quare
196 2632 237 2664 de
258 2631 469 2672 confirmandi
493 2632 594 2663 verbo
613 2631 803 2663 dubitarent
823 2623 946 2676 Επεὶ-1
970 2635 1104 2677 Ineptas
1133 2636 1274 2667 aliorum
1302 2636 1483 2667 sententias
1511 2636 1552 2668 de
1581 2636 1728 2667 cretione
1757 2635 1832 2666 sim-

35 2712 37 2714 .
63 2690 135 2717 stus
157 2691 190 2717 et
211 2684 367 2723 Orellius‚
389 2695 505 2717 causae
527 2685 611 2716 nihil
635 2685 742 2716 video.
944 2683 947 2722 ἰ
971 2687 1050 2728 plici
1074 2688 1157 2719 bene
1179 2688 1293 2719 reiecit
1316 2687 1538 2730 Sehillingius
1573 2689 1606 2719 in
1631 2687 1767 2720 observ.
1791 2688 1830 2717 ad

103 2739 123 2779 ξ
145 2741 175 2770 4.
205 2738 301 2770 Velim
306 2733 600 2779 facias—fecisti,
614 2744 652 2770 ut
666 2739 791 2770 scribas
808 2723 948 2780 episto-l
976 2740 1133 2782 Hugonis
1155 2741 1230 2773 hist.
1254 2741 1314 2772 iur.
1340 2741 1438 2774 Rom.
1460 2752 1490 2782 p.
1516 2741 1586 2772 201.

655 2845 784 2888 XIII.
849 2847 915 2900 (A.
957 2847 1002 2888 U.
1041 2848 1083 2888 G.
1120 2848 1240 2902 707.)

129 2961 170 3002 1.
203 2962 240 3002 A
284 2959 479 3002 Murenae
512 2958 657 3002 liberto
706 2961 809 3003 nihil
842 2960 975 3003 adhuc
1008 2976 1238 3018 acceperam
1270 2961 1491 3005 literarum.
1528 2963 1574 3003 P.
1609 2963 1714 3004 Siser
1748 2962 1833 3002 red-

107 3089 398 3131 2†1>.Siser-

115 3197 134 3236 ξ
149 3197 178 3228 1.
191 3195 228 3227 Ρ.
240 3195 337 3229 siser.
347 3197 479 3228 Nomen
492 3196 637 3227 hominis
651 3196 805 3237 ignotum
819 3197 934 3227 multis
979 3195 1153 3228 offensioni
1177 3196 1247 3233 fuit,
1260 3197 1316 3227 sed
1331 3197 1402 3228 libr⁴
1417 3206 1578 3227 consensu
1596 3195 1836 3236 comprobatur.

136 3249 197 3292 ΙΙ.
1597 3253 1648 3293 10
