2062 3565
232 166 284 202 98
636 165 712 204 ΕΡ.
747 164 823 204 ΑΒ
856 165 901 204 Τ.
938 162 1286 203 POMPONIFM
1321 162 1586 203 ATTICUM.

226 298 410 352 promisit
422 316 433 349 ;
468 298 517 338 ad
551 312 612 337 me
646 311 774 351 nuper
801 312 841 337 se
877 296 962 337 HS.
996 300 1086 336 ff.
1121 296 1284 346 emisse3
1320 301 1366 336 ut
1399 294 1611 337 scriberem
1650 297 1717 338 cui
1749 295 1888 337 vellem
1923 297 1991 339 ad-

228 369 308 410 dici
321 388 332 420 3
380 370 482 411 diem
528 369 721 424 pecuniae
765 368 829 409 Id.
872 368 1092 410 Novembr.
1127 383 1225 410 esse.
1271 368 1473 423 Rescripsi
1506 369 1540 409 ei
1576 369 1866 410 stomachosius
1899 384 1991 411 cum

227 442 314 482 ioco
347 446 480 482 tamen
513 440 713 482 familiari.
764 441 901 491 Nunc,
948 441 1137 495 quoniam
1171 440 1255 495 agit
1287 439 1520 490 liberaliter,
1554 440 1657 482 nihil
1690 456 1832 482 accuso
1865 441 1992 484 homi-

229 530 319 555 nem
354 515 572 569 scripsique
606 513 656 554 ad
691 529 781 554 eum
816 530 878 555 me
912 530 935 555 a
967 519 1006 555 te
1040 513 1249 554 certiorem
1283 528 1367 554 esse
1401 513 1566 554 factum.
1600 514 1663 554 Tu
1685 513 1735 554 de
1756 518 1827 554 tuo
1850 514 1992 556 itinere

192 601 204 625 5
229 587 325 641 quid
359 593 400 627 et
433 587 592 641 quando
627 587 778 641 cogites
811 587 929 628 velim
962 603 1025 628 me
1060 587 1269 628 certiorem
1303 586 1439 628 facias.
1474 589 1524 627 A.
1559 587 1598 627 d.
1634 600 1706 627 xv.
1731 587 1824 628 Kal.
1849 587 1992 629 Maias.
2025 638 2030 642 .

230 772 338 803 verbis
361 772 427 813 aqit
450 771 627 802 liberaliter
652 782 683 802 o:
714 773 898 812 longiorem
915 772 1002 803 diem
1019 773 1087 813 pol·
1109 779 1112 830 1

229 828 351 858 licetur.
1109 864 1112 877 ι

275 881 311 911 {Ji
346 881 508 912 scriberem
532 882 583 912 cui
607 882 714 913 vellem
738 881 857 912 addici.
901 880 984 912 s'um
1008 881 1087 912 Ern.
1110 884 1112 894 ¹
1132 881 1280 912 Rudorfii
1307 882 1388 911 ri‘nn.
1414 881 1645 919 Rechtsgcscli.
1670 882 1715 912 ΙΙ.
1742 882 1760 920 ξ
1784 881 1834 912 36.
1854 881 1929 912 adn.
1945 882 1995 913 24.

229 938 262 965 ul
284 936 463 966 delendum
486 945 613 967 censeo.

1177 774 1232 803 Cui
1257 773 1364 804 vellem
1389 773 1496 804 addici
1519 783 1551 803 o:
1576 774 1630 804 cui
1664 774 1785 805 vellem
1813 774 1906 811 tradi,
1938 774 1995 815 qui

859 1066 929 1106 VJ.
996 1067 1060 1118 (A.
1103 1065 1147 1105 U.
1186 1066 1227 1105 e.
1267 1065 1383 1118 705.)

296 1194 332 1232 l.
385 1193 451 1233 Me
501 1191 631 1232 adhuc
681 1191 783 1232 nihil
827 1197 982 1246 praeter
1026 1198 1304 1248 tempestatem
1355 1197 1545 1233 moratur.
1595 1195 1738 1233 Astute
1773 1193 1875 1234 nihil
1910 1207 1997 1234 sum

230 1272 404 1316 acturus,
440 1268 508 1306 fiat
540 1265 582 1306 in
617 1265 816 1320 Hispania
850 1264 1072 1319 quidlibet:
1109 1272 1149 1306 et
1181 1271 1315 1306 tamen
1349 1265 1529 1306 reticete.
1583 1266 1696 1306 Meas
1731 1265 1996 1319 cogitationes

230 1354 367 1380 omnes
400 1337 595 1393 explicavi
628 1337 704 1379 tibi
739 1337 1012 1393 superioribus
1045 1339 1186 1380 literis.
1222 1339 1421 1391 Quocirca
1455 1338 1528 1379 hae
1561 1345 1656 1380 sunt
1691 1338 1842 1390 breves,
1877 1338 1997 1379 etiam

194 1427 207 1450 5
231 1413 324 1466 quia
356 1410 594 1453 festinabam
629 1426 814 1466 eramque
849 1413 1094 1467 occupatior.
1133 1417 1172 1453 2.
1207 1413 1268 1453 De
1303 1412 1460 1458 Quinto
1494 1412 1590 1462 filio,
1624 1414 1669 1453 iit
1702 1426 1808 1453 ame
1838 1410 1999 1466 quidem
2032 1462 2034 1465 y

231 1484 383 1535 sedulo,
419 1484 486 1525 sed
508 1517 516 1525 .
540 1518 547 1525 .
576 1518 583 1525 .

231 1565 290 1599 ter
322 1573 474 1607 mones,
509 1558 577 1599 sed
611 1565 730 1599 erunt
763 1559 898 1599 omnia
931 1558 1077 1609 facilia,
1114 1560 1147 1600 si
1181 1559 1230 1600 ab
1262 1574 1344 1600 uno
1378 1558 1448 1600 illo
1482 1573 1635 1599 cavero.
1670 1558 1868 1613 Magnum
1901 1573 2001 1613 opus

233 1637 316 1682 est;
365 1630 562 1672 mirabilia
608 1631 748 1682 multa,
794 1631 898 1672 nihil
941 1631 1122 1687 simplex,
1166 1632 1268 1674 nihil
1302 1632 1517 1672 sincerum.
1573 1630 1727 1672 Vellem
1761 1631 2001 1686 suscepisses

234 1706 418 1747 iuvenem
452 1704 686 1759 regendum.
737 1705 856 1746 Pater
890 1705 997 1746 enim
1030 1706 1150 1747 nimis
1183 1705 1413 1760 indulgens,
1449 1704 1645 1758 quidquid
1681 1719 1754 1760 ego
1789 1704 2001 1755 adstrinxi,
2038 1731 2044 1749 2

180 1793 215 1818 10
236 1775 399 1816 relaxat.
434 1776 476 1816 Si
511 1778 594 1818 sine
627 1778 697 1819 illo
731 1793 901 1833 possem,
937 1792 1135 1832 1·egerem;
1178 1777 1286 1834 quod
1320 1783 1367 1818 tu
1400 1782 1528 1832 potes.
1564 1777 1641 1819 Sed
1674 1778 1861 1832 ignosco:
1896 1791 2004 1832 mag—

278 1944 296 1973 3
320 1942 417 1974 retice
439 1953 523 1973 meas
547 1942 762 1983 coqitationes.
791 1941 903 1972 Omnes
928 1959 967 1964 —
990 1943 1008 1971 4
1031 1943 1060 1971 et
1084 1942 1197 1976 tamen,
1222 1941 1296 1980 quia
1318 1958 1352 1964 --
1383 1942 1401 1972 6
1424 1941 1481 1971 sed
1504 1942 1587 1972 nosti·
1609 1941 1730 1983 reliqua
1751 1957 1794 1964 —

281 2101 299 2140 ξ
323 2100 351 2130 1.
374 2100 488 2130 Astute
511 2099 593 2129 m'liil
626 2109 691 2129 sum
721 2102 863 2137 acturus,
883 2101 949 2140 siat
979 2100 1011 2129 in
1045 2098 1104 2128 Hi-
1151 2109 1306 2132 ceronem
1328 2101 1487 2141 respicere
1511 2102 1550 2132 ad
1579 2099 1728 2131 Terentii
1749 2099 1921 2140 Adelphos
1942 2099 2008 2131 111.

238 2155 350 2195 spania
374 2154 535 2196 quidlibet.
581 2155 675 2186 Idem
706 2156 876 2196 scripserat
900 2156 1014 2186 eodem
1038 2154 1103 2185 fere
1154 2154 1182 2189 3,
1200 2153 1249 2190 60,
1261 2153 1306 2193 fil
1319 2152 1437 2190 sedulo,
1452 2153 1501 2183 nil
1505 2152 1738 2193 praetermitto,
1751 2150 1963 2192 consuefacit),
1978 2155 2010 2183 et

240 2214 386 2248 tempore
409 2207 530 2244 Caelio,
555 2206 648 2238 Fam.
673 2208 720 2238 ΙΙ.
757 2208 805 2245 16,
837 2208 864 2240 7.
910 2207 1015 2248 Neque
1048 2217 1103 2247 eqo
1128 2238 1129 2244 ἵ
1153 2206 1209 2245 qui
1231 2204 1335 2245 igitur
1357 2206 1414 2236 illa
1437 2206 1521 2236 nosli
1535 2205 1657 2246 reliqua
1675 2215 1692 2236 a
1706 2204 1865 2236 Cicerone
1883 2204 2009 2235 adiecta

617 1486 724 1526 nosti
758 1485 925 1540 reliqua.
961 1485 1080 1537 Quod
1114 1486 1207 1527 dein
1242 1502 1303 1527 me
1338 1501 1489 1536 mones,
1524 1492 1563 1526 et
1597 1486 1722 1527 amice
1755 1490 1796 1526 et
1828 1484 2002 1540 pruden-
2038 1492 2041 1493 ⁷

241 2262 324 2292 lianc
351 2260 595 2301 Hispaniensem
631 2271 735 2292 casum
772 2264 915 2302 exspecto
933 2279 983 2298 -,
1006 2270 1104 2301 neque
1128 2256 1129 2265 ³

241 2314 406 2355 quidquam
430 2316 536 2344 astute
565 2313 676 2354 coqilo.
721 2315 869 2354 Vtroque
899 2314 971 2344 loco
1004 2318 1103 2352 negat

245 2378 279 2399 se
315 2374 507 2408 exspect-are
539 2366 658 2398 callide
692 2373 850 2398 eventum
885 2366 1103 2407 expeditionis

246 2421 455 2462 Hispanicae,
481 2420 590 2460 aitque
614 2430 647 2451 se
682 2421 904 2461 profecturum
934 2421 968 2451 in
1002 2419 1101 2451 Grae-

246 2476 341 2511 ciam,
364 2475 433 2505 sive
455 2473 592 2504 vineant
613 2473 683 2504 sive
698 2474 873 2504 vincantur
890 2473 991 2513 legati
1008 2472 1104 2503 Pom-

247 2528 312 2569 peii
334 2527 370 2557 in
391 2525 565 2566 Hispania.
588 2525 687 2556 Nune
710 2526 810 2557 etiam
832 2532 925 2566 rogat
943 2525 1104 2561 Atticum,

246 2589 290 2611 ne
309 2579 373 2610 hoc
396 2577 570 2618 divulgare
593 2577 683 2608 velit.

288 2634 328 2664 Et
355 2636 458 2664 tamen
479 2631 620 2663 reticelo.
644 2631 734 2663 Meas
757 2642 822 2673 eoq.
846 2641 948 2663 omnes
964 2637 1025 2663 cet.
1049 2631 1105 2662 Sic

247 2687 386 2718 distinxi
409 2696 485 2716 cum
511 2685 673 2715 Victorio.
708 2685 759 2716 De
781 2685 910 2715 reticeto
932 2684 1008 2715 vide
1029 2683 1105 2715 We-

249 2738 463 2779 senbergium
483 2737 624 2768 Emend.
647 2747 677 2777 p.
701 2737 729 2767 9.
764 2737 893 2767 Deinde
916 2746 974 2777 pro
996 2737 1107 2777 inepto

247 2794 277 2822 et
306 2794 409 2822 tamen
443 2789 516 2831 quia
551 2807 591 2811 —
628 2789 735 2829 recepi
768 2789 973 2830 Malaspinae
1014 2788 1108 2819 etiam

245 2847 319 2888 quia
332 2844 537 2886 festinabam.

288 2899 306 2938 ξ
330 2899 359 2929 2.
381 2897 430 2928 De
455 2895 570 2936 Quinlo
582 2895 668 2935 filio,
691 2906 759 2926 non
793 2896 833 2927 de
867 2895 1038 2936 Q.fralre,
1073 2900 1109 2926 ut

249 2957 281 2987 in
305 2955 398 2986 codd.
423 2953 579 2994 scriptum
602 2961 672 2983 esse
701 2952 850 2989 traditur,
879 2952 933 2982 hic
965 2952 1019 2992 agi
1043 2962 1108 2983 cer—

248 3016 318 3040 tum
340 3013 399 3039 est.
433 3007 534 3038 Recte
563 3005 647 3036 illud
683 3004 797 3036 editur.
835 3005 988 3036 Fortasse
1026 3005 1108 3037 olim

249 3061 312 3092 fuit
333 3062 373 3092 de
400 3060 438 3096 Q.
460 3058 496 3090 F.

290 3114 341 3144 Fit
363 3124 383 3144 a
412 3123 458 3144 me
484 3111 604 3154 quidem
631 3111 750 3148 sedulo,
781 3111 889 3142 sed...

247 3179 318 3208 qna.
342 3168 419 3197 Non
443 3165 602 3198 assentior
624 3164 673 3201 iis,
700 3164 757 3204 qui
782 3164 962 3204 opinantur
982 3163 1037 3194 hic
1054 3163 1107 3195 Ci-

918 3110 1001 3141 nosti
1031 3110 1105 3140 reli-

1152 2264 1276 2299 putant,
1301 2265 1337 2290 nt
1361 2260 1497 2290 Atticus
1520 2259 1634 2300 primis
1657 2259 1766 2290 verbis
1778 2259 1872 2290 lectis
1883 2258 2011 2299 reliqua

1152 2314 1221 2354 ipse
1244 2314 1422 2354 suppleret.
1459 2312 1576 2345 Obstat
1598 2313 1743 2354 primum
1764 2311 2009 2353 particula-sed,

1152 2377 1251 2408 quam
1274 2372 1445 2407 propterea
1467 2367 1637 2398 Victorius
1660 2366 1832 2397 induxisse
1860 2366 2007 2403 videtur3
2040 2386 2044 2387 γ

1128 2446 1130 2448 .
1153 2427 1224 2451 tum
1246 2421 1334 2461 quod
1357 2420 1499 2451 formula
1522 2420 1580 2450 illa
1601 2420 1709 2450 sedulo
1724 2420 1842 2460 facere
1853 2425 1886 2450 et
1900 2418 2010 2449 sedulo
2060 2437 2062 2465 ἱ

1151 2472 1223 2511 fieri
1246 2483 1307 2503 usu
1331 2479 1400 2504 erat
1421 2473 1507 2509 trita,
1531 2482 1598 2503 non
1621 2473 1747 2513 poetica
1768 2478 1825 2502 aut
1853 2471 1916 2502 soli
1945 2471 2006 2502 Te·
2060 2489 2062 2512 :

1155 2525 1263 2556 rentio
1284 2525 1412 2556 usitata.
1447 2525 1557 2556 Immo
1588 2525 1751 2555 sententia
1778 2530 1854 2564 post
1879 2523 1938 2554 sed
1965 2522 2012 2554 ita
2060 2542 2062 2555 ÷

1156 2578 1263 2619 potius
1286 2579 1413 2619 expleri
1436 2579 1552 2610 debet:
1577 2579 1634 2609 sed
1656 2578 1741 2609 nihil
1762 2578 1816 2608 vel
1838 2587 1906 2608 non
1928 2575 2011 2609 mul-

1154 2637 1226 2662 tum
1248 2632 1400 2672 profici0;
1425 2633 1515 2672 quod
1536 2631 1626 2662 facili
1648 2631 1782 2671 negotio
1803 2630 1938 2662 Atticus
1963 2629 2011 2660 in·
2032 2670 2034 2672 Υ
2060 2668 2062 2676 2

1157 2684 1330 2724 telligeret,
1359 2684 1413 2715 cui
1442 2684 1661 2715 divinandum
1689 2683 1856 2723 relinquit,
1890 2682 2012 2714 addens

1156 2737 1239 2768 nosti·
1261 2738 1382 2779 reliqua
1405 2748 1438 2769 οι
1462 2738 1496 2769 id
1518 2738 1606 2778 quod
1618 2738 1726 2769 dicere
1741 2737 1817 2768 volo
1831 2736 1901 2777 ipse
1913 2735 2012 2767 nosti.
2039 2739 2042 2741 ’
2060 2778 2062 2785 Ι

1198 2791 1236 2823 Si
1258 2791 1296 2821 ab
1317 2802 1379 2822 uno
1399 2792 1458 2822 illo
1477 2801 1597 2828 cavero,
1621 2802 1640 2822 a
1661 2791 1788 2830 Quinto
1805 2790 1885 2827 filio,
1897 2799 1941 2821 ne
1955 2789 2013 2821 ille
2060 2809 2062 2820 1

1155 2853 1209 2876 me
1236 2845 1361 2885 prodat.

1198 2894 1260 2926 Sed
1271 2896 1397 2937 iqnoseo
1412 2907 1456 2927 se.
1466 2896 1550 2937 patri
1567 2896 1665 2928 nimis
1679 2895 1878 2936 indulgenti,
1891 2894 2010 2925 filium-

1157 2957 1221 2989 que
1243 2958 1311 2979 non
1334 2950 1473 2990 regenti.

1200 3000 1359 3042 Maynum,
1381 3002 1518 3043 inquam,
1541 3011 1615 3043 opus
1637 3003 1693 3033 est.
1720 3000 1851 3042 Inquam
1871 2999 2015 3040 interpo-
2034 3023 2045 3030 ..

1157 3054 1231 3091 suit,
1265 3064 1369 3094 quum
1400 3055 1501 3086 verba
1531 3055 1598 3086 iam
1625 3059 1701 3085 ante
1730 3044 2015 3093 scripta'maqnum
2043 3089 2048 3093 ¹

1156 3117 1231 3148 opus
1251 3109 1299 3138 est
1319 3108 1464 3148 graviter
1481 3113 1649 3149 repeteret.
1675 3106 1772 3146 Quod
1795 3106 1854 3137 ubi
1874 3106 1920 3144 fit,
1946 3115 2014 3137 non
2057 3102 2062 3116 ²

1156 3171 1249 3202 posse
1278 3162 1440 3201 geminari
1471 3162 1670 3194 vocabulum
1697 3160 1895 3201 praecedens
1925 3168 2015 3200 prae·

1110 837 1111 845 ¹
1133 837 1208 858 meo
1243 828 1483 858 nomiueillud
1509 828 1734 858 deversorium
1763 828 1931 869 acciperet.
1956 828 1996 859 cf.
2050 820 2054 824 Δ
