2062 3565
690 170 797 214 LIB.
831 171 908 214 XI.
943 173 1027 215 ΕΡ.
1067 175 1105 214 7.
1142 179 1182 214 8.
1739 178 1823 218 139

3 349 7 355 ,
54 307 159 365 quod
203 319 290 348 eam
337 304 488 359 diligis.
539 305 578 346 7.
623 306 742 358 Quod
789 307 937 358 literas,
983 309 1130 363 quibus
1162 315 1280 365 putas
1313 325 1413 366 opus
1446 326 1545 361 esse,
1579 325 1696 352 curas
1730 310 1825 352 ‹lan-

28 399 33 441 Ἰ
51 381 136 432 das,
179 377 277 421 facis
320 378 541 419 commode.
585 378 786 431 Quintum
832 380 957 422 filium
993 381 1076 423 vidi
1110 383 1180 437 qui
1215 383 1322 424 Sami
1358 383 1537 434 vidisset,
1572 387 1724 438 patrem
1762 384 1822 423 Si-

52 467 199 511 cyone;
233 465 405 508 quorum
439 450 668 506 deprecatio
702 461 763 494 est
796 454 939 495 facilis.
976 454 1142 496 Utinam
1177 455 1252 506 illi,
1277 456 1347 511 qui
1372 457 1483 511 prius
1501 455 1617 497 illum
1635 455 1824 506 viderint,

0 524 38 573 7}-
50 542 114 571 me
146 525 252 582 apud
285 539 377 566 eum
410 523 538 566 velint
570 524 755 566 adiutum
788 531 962 578 tantum,
1006 534 1201 582 quantum
1235 543 1308 583 ego
1343 528 1432 570 illos
1467 528 1623 579 vellem,
1658 529 1689 569 si
1725 529 1821 583 quid

0 574 226 658 §posseml
275 601 316 638 8.
362 596 482 649 Quod
527 612 657 652 rogas,
703 604 750 640 ut
793 599 835 641 in
870 599 1015 641 bonam
1053 605 1206 655 partem
1240 602 1449 657 accipiam,
1484 602 1517 642 si
1551 616 1630 656 qua
1663 601 1746 643 sint
1779 602 1821 643 in
1865 616 1878 638 ⁵

0 648 318 733 {tuiss'literiffi
363 685 466 726 quae
514 685 576 712 me
620 671 843 723 mordeant,
889 687 962 728 ego
1010 688 1102 714 vero
1143 674 1186 715 in
1227 675 1418 730 optimam
1465 680 1583 729 teque
1636 690 1745 729 rogo,
1780 682 1825 715 ut

0 740 200 826 ’ἕψει-16,
249 743 589 801 quemadmodum
641 745 754 796 facis,
800 746 950 788 scribas
991 746 1040 788 ad
1086 762 1148 789 me
1193 748 1328 790 omnia
1371 748 1492 803 idque
1538 748 1660 789 facias
1706 763 1822 802 qnam

0 819 27 874 f}
52 819 298 876 saepissime.
337 818 453 859 Vale.
489 831 582 860 ΧΠ.
617 819 792 862 Kalend.
828 819 990 862 Ianuar.

0 871 24 917 *ὲ

0 916 26 1006 ἔω

0 1002 18 1021 ³·
51 995 91 1032 te,
114 993 267 1035 idemque
290 993 435 1025 habeant
456 992 575 1025 Seidae
612 993 730 1032 Wirz.,
764 994 916 1027 manifes·
1008 998 1025 1037 ξ
1049 997 1077 1030 7.
1108 996 1264 1028 Viderint.
1287 997 1375 1028 Med.
1399 996 1556 1034 viderunt,
1579 997 1666 1038 quod
1684 1007 1748 1027 non
1768 997 1826 1027 11ιί-

0 1068 6 1075 -
52 1052 123 1080 tum
142 1041 306 1079 habemus
328 1047 490 1078 indicium
511 1047 569 1078 isti
592 1057 627 1078 οι
663 1048 806 1086 Tulliae,
830 1049 919 1089 quod
967 1061 1031 1083 nus
1065 1051 1161 1083 facile
1189 1051 1335 1082 videbunt
1374 1051 1558 1091 con-igitur.
1598 1051 1640 1081 In
1670 1050 1827 1091 subscrip-

0 1098 23 1146 ξξ
52 1100 216 1134 sententia
236 1100 374 1141 flagitat,
401 1110 471 1133 esse
493 1109 620 1132 verum.
965 1105 1056 1137 tione
1079 1104 1238 1146 epistolae
1260 1104 1378 1145 fragm.
1401 1103 1507 1134 XVirz.
1530 1103 1629 1134 habet
1652 1103 1753 1134 xlli.

94 1154 134 1186 In
156 1155 213 1187 hoe
227 1155 302 1196 ‚loeo
325 1165 358 1186 a:
390 1155 423 1186 in
447 1155 508 1186 hac
531 1165 565 1187 re
588 1157 897 1188 commemoranda.

0 1026 23 1045 )

662 1262 786 1304 Vm.
852 1263 918 1316 (A.
961 1263 1005 1303 U.
1041 1261 1083 1303 0.
1123 1264 1240 1316 706.)
1515 1319 1542 1374 ἱ

120 1378 158 1418 1.
203 1377 379 1430 Quantis
421 1378 528 1419 curis
574 1377 776 1428 conficiar,
827 1377 903 1418 etsi
951 1378 1128 1432 profecto
1174 1376 1298 1428 vides,
1348 1385 1481 1418 tamen
1531 1391 1746 1431 cognosces
1781 1393 1825 1417 cx

0 1461 2 1468 ’
59 1450 186 1506 Lepta
228 1454 270 1491 et
310 1449 512 1492 Trebatio.
563 1450 764 1492 Maximas
808 1464 956 1505 poenas
1000 1449 1132 1504 pendo
1177 1449 1416 1491 temeritatis
1462 1464 1587 1499 meae,
1633 1464 1750 1504 quam
1786 1457 1829 1490 tu

56 1521 399 1578 (im)prudentiam
433 1524 534 1565 mihi
568 1523 695 1565 videri
728 1523 803 1575 vis,
837 1537 967 1578 neque
1000 1528 1040 1564 te
1074 1523 1269 1573 deterreo,
1306 1537 1386 1578 quo
1427 1523 1562 1564 minus
1584 1521 1626 1563 id
1651 1522 1830 1577 disputes

56 1593 291 1651 scribasque
327 1595 377 1637 ad
422 1612 484 1638 me
530 1611 650 1650 quam
692 1595 938 1652 saepissime.
988 1595 1191 1637 Nonnihil
1237 1595 1345 1636 enim
1385 1610 1448 1636 me
1492 1595 1627 1637 levant
1659 1600 1751 1636 tuae
1785 1595 1830 1635 li·
1871 1614 1884 1637 .·‚

56 1673 163 1710 terae
205 1668 281 1710 hoc
324 1676 517 1725 tempore.
567 1669 644 1710 Per
688 1684 768 1720 eos,
815 1669 884 1724 qui
927 1674 1064 1711 nostra
1117 1683 1237 1710 causa
1278 1668 1420 1710 volunt
1461 1668 1674 1724 valentque
1724 1668 1830 1723 apud

56 1742 185 1794 illum,
231 1742 538 1798 diligentissime
588 1742 807 1784 contendas
857 1757 957 1798 opus
1008 1746 1083 1792 est,
1138 1756 1206 1796 per
1251 1740 1422 1782 Balbum
1467 1745 1507 1781 et
1540 1741 1717 1796 Oppium
1752 1757 1832 1783 ma-

57 1815 177 1866 xime,
220 1820 268 1857 ut
311 1815 360 1858 de
403 1831 466 1858 me
512 1815 693 1858 scribant
741 1830 863 1871 quam
906 1814 1230 1870 diligentissime.
1285 1814 1578 1869 Oppugnamur
1619 1814 1740 1864 enim,
1790 1823 1833 1856 ut

15 1919 18 1922 -
57 1887 192 1938 audio,
226 1894 268 1929 et
299 1903 322 1930 a
354 1888 633 1944 praesentibus
666 1887 908 1943 quibusdam
943 1893 984 1929 et
1015 1902 1085 1942 per
1128 1886 1278 1927 literas,
1330 1885 1406 1927 His
1439 1885 1496 1926 ita
1529 1891 1590 1927 est
1622 1901 1831 1928 occurren-

59 1959 170 2012 dum,
204 1965 251 2002 ut
282 1962 340 2003 rei
359 1962 612 2018 ,magnitudo
646 1962 840 2018 postulat.
879 1965 919 2002 2.
954 1962 980 2004 †
1003 1960 1180 2002 Furnius
1198 1959 1364 2001 estillic
1388 1958 1489 2000 mihi
1511 1959 1829 2002 inimicissimus.
1851 1977 1886 2004 ιο

60 2032 240 2084 Quintus
270 2034 383 2077 misit
420 2035 546 2077 filium
583 2051 662 2077 non
698 2035 828 2077 solum
860 2034 924 2076 sui
957 2033 1268 2089 deprecatorem,
1303 2032 1373 2074 sed
1407 2032 1527 2074 etiam
1560 2041 1831 2075 accusatorem

60 2105 153 2146 mei.
203 2105 376 2151 Dictitat
419 2123 459 2149 se
501 2123 524 2149 a
565 2123 627 2150 me
673 2107 780 2164 apud
826 2107 1037 2149 Caesarem
1082 2105 1320 2162 oppugnari,
1367 2104 1476 2160 quod
1509 2105 1654 2147 refellit
1687 2106 1830 2148 Caesar

18 2171 19 2174 ¹
60 2178 146 2234 ipse
185 2193 402 2235 omnesque
443 2181 529 2223 eius
573 2182 706 2223 amici.
757 2182 902 2237 Neque
949 2195 1041 2222 vero
1086 2179 1258 2229 desistit,
1304 2178 1535 2234 ubicunque
1578 2184 1652 2229 est,
1698 2179 1828 2220 omnia

61 2251 104 2293 in
147 2267 210 2293 me
258 2253 471 2296 maledicta
520 2255 712 2297 conferre.
767 2254 884 2296 Nihil
934 2254 1034 2295 mihi
1068 2269 1246 2309 unquam
1280 2259 1364 2295 tam
1396 2252 1633 2294 incredibile
1667 2252 1829 2302 accidit,

19 2318 23 2323 ’
62 2323 165 2365 nihil
202 2323 247 2366 in
285 2324 349 2368 his
388 2327 503 2368 malis
545 2334 627 2369 tam
675 2328 877 2370 acerbum.
927 2327 1010 2379 Qui
1045 2342 1093 2368 ex
1125 2327 1213 2382 ipso
1247 2325 1468 2377 audissent,
1503 2341 1629 2381 quum
1662 2325 1830 2380 Sicyone
1854 2343 1887 2369 15

31 2396 190 2453 *palam
242 2398 381 2441 multis
431 2399 692 2442 audientibus
740 2401 985 2456 loqueretur,
1034 2398 1187 2441 nefaria
1230 2398 1428 2454 quaedam
1472 2398 1522 2440 ad
1567 2414 1627 2439 me
1662 2397 1832 2453 pertule-

107 2564 126 2593 9
148 2561 196 2593 Iis
218 2563 265 2594 ita
288 2562 511 2595 occurrendum
535 2581 576 2587 —
602 2564 638 2594 10
660 2563 775 2605 Fufius
798 2582 838 2587 ——

110 2708 128 2748 ξ
153 2707 182 2738 1.
207 2707 378 2750 Coynoeces
401 2719 439 2740 ese·
463 2709 561 2750 Lepta
584 2711 615 2740 et
642 2709 796 2741 Trebatio.
836 2710 930 2741 Idem
976 2710 1068 2743 diose
1091 2710 1191 2741 nimis
1212 2710 1364 2742 Moserus
1398 2708 1513 2750 Symb,
1550 2709 1630 2741 Crit.
1666 2709 1704 2738 V.
1743 2720 1770 2749 p,
1799 2709 1832 2740 Π

68 2761 184 2791 eodem
206 2759 275 2792 fere
296 2765 444 2802 tempore
465 2762 595 2803 scripsit
617 2762 804 2800 Terentiae,
834 2762 928 2794 Fam.
976 2768 1032 2795 aut
1053 2763 1162 2805 priore
1183 2763 1258 2794 loco
1286 2761 1536 2799 accuratissime,
1569 2766 1623 2792 aut
1657 2762 1834 2802 posteriore

69 2811 169 2844 XIV.
193 2812 243 2845 17.
952 2801 1066 2857 ³quam
1097 2814 1326 2846 studiosissime
1358 2814 1517 2855 scriptum
1557 2813 1656 2845 fuisse
1686 2813 1834 2844 coniecit.

111 2864 317 2896 Prudentiam
347 2876 451 2907 quum
486 2867 603 2898 darent
637 2867 714 2898 libri
749 2867 862 2908 scripti
899 2872 932 2899 et
977 2866 1093 2899 Potuit
1113 2877 1192 2899 sane
1214 2868 1261 2899 ita
1282 2867 1398 2903 scribi3
1430 2867 1487 2898 sed
1516 2875 1614 2898 nemo
1647 2872 1714 2896 tani
1736 2866 1835 2896 anxie

24 2923 26 2925 ’
69 2917 162 2956 editi,
199 2917 441 2959 imprudentiam
475 2919 571 2950 scrib.
610 2928 681 2951 esse
715 2929 769 2951 me
802 2919 932 2952 monuit
978 2921 1013 2952 in
1036 2921 1192 2952 familiari
1215 2921 1356 2962 epistola
1377 2920 1551 2952 scribenda
1573 2920 1673 2951 verba
1703 2919 1835 2959 singula

72 2970 333 3012 Peerlkampius.
356 2972 479 3003 Vicina
501 2977 580 3009 sunt
609 2973 776 3005 temeritas
805 2979 838 3005 et
873 2974 932 3004 im·
979 2976 1149 3016 ponderat.

23 3040 26 3045 ·
71 3024 254 3064 prudentia,
277 3025 335 3056 sed
357 3025 523 3056 temeritas
545 3025 647 3066 longe
676 3026 776 3058 distat
806 3035 825 3057 a
858 3036 933 3067 pru-
1022 3026 1086 3059 His
1107 3027 1156 3058 ita
1178 3029 1225 3058 est
1247 3027 1482 3058 occurrendum.
1506 3025 1630 3067 Scripsi
1646 3024 1837 3056 cumScidis

29 3074 34 3078 ’
71 3075 194 3107 centia.
224 3076 358 3108 Atticus
381 3077 548 3109 iudicabat
577 3076 772 3110 Ciceronem
804 3078 933 3110 incaute
979 3079 1084 3112 Wirz.
1108 3085 1141 3112 et
1171 3078 1365 3111 Cratandro.

73 3127 200 3159 fecisse.
224 3127 266 3160 cf.
287 3129 422 3160 initium
443 3130 536 3170 epist.
559 3139 626 3171 seq.
834 3137 839 3140 '
1024 3134 1043 3173 ς
1065 3133 1095 3164 2.
1118 3135 1136 3170 †
1157 3132 1307 3163 Furnius.
1336 3132 1451 3164 Unum
1481 3132 1518 3163 C.
1552 3131 1714 3162 Furnium
1746 3131 1837 3161 novi·

113 3180 363 3225 Diliqentissime
389 3202 426 3207 —-
448 3194 537 3226 quam
557 3183 807 3228 diliqentissime.
831 3184 933 3218 Fasti·
956 3178 959 3235 l
982 3196 1065 3224 mus,
1088 3195 1232 3227 eumque
1255 3194 1384 3226 semper
1416 3183 1569 3216 Ciceroni
1591 3182 1837 3214 amicissimum.
