2062 3565
680 172 786 215 LIB.
822 174 896 216 IX.
934 174 1015 216 ΕΡ.
1056 175 1124 215 10.
1164 176 1232 215 11.
1791 177 1847 212 65»

73 315 147 363 est,
180 310 249 353 sed
282 309 454 352 consciis
488 323 585 364 egeo
619 309 722 351 aliis.
757 310 858 365 Ego,
894 311 926 351 si
961 309 1062 352 nihil
1096 310 1273 366 peccavi,
1309 309 1462 365 reliqua
1495 308 1650 351 tuebor.
1704 311 1765 351 Ad
1801 326 1845 351 ea

73 385 158 426 tute
190 381 349 424 hortare
376 387 418 424 et
450 398 512 425 me
546 384 710 425 omnino
743 388 813 426 tua
846 384 1090 440 cogitatione
1114 384 1274 426 adiuva.
1312 384 1390 426 Hic
1413 383 1614 426 nihildum
1639 384 1688 425 ‹le
1712 384 1842 427 reditu

72 453 252 498 Caesaris
300 454 552 498 audiebatur.
603 457 690 512 Ego
734 458 797 499 his
841 458 965 500 literis
1011 459 1085 500 hoc
1129 464 1262 500 tamen
1317 457 1484 513 profeci:
1521 456 1669 513 perlegi
1703 472 1842 499 omnes

74 532 164 585 tuas
196 532 237 570 et
269 527 312 570 in
346 543 392 570 eo
427 530 624 584 acquievi.

79 639 163 679 ‘-

115 692 306 724 ltute—

17 834 29 877 3
72 838 188 873 Cicero
207 839 270 870 hoc
292 839 388 871 dicit:
412 841 494 872 mihi
516 850 598 882 opus
621 847 680 879 est,
704 847 740 873 ut
752 843 808 873 alii
825 843 930 874 sciant
977 850 1050 884 epte
1072 844 1225 874 scribitur
1247 846 1280 873 tu
1304 846 1334 873 te
1357 843 1496 873 hortare.
1532 842 1620 874 Illud
1638 845 1704 872 tale
1720 842 1840 882 legitur

26 900 33 901 ’
72 901 126 926 me
145 892 208 924 hac
229 892 264 924 in
289 902 324 924 re
346 893 492 934 paruisse
512 894 698 926 auctoritati
720 899 805 928 tuae.
951 895 954 926 Ι
976 896 1076 928 Vm.
1098 897 1127 934 3,
1151 896 1181 928 2.
1204 896 1298 928 Fam.
1325 897 1350 928 1.
1373 896 1402 933 8,
1426 895 1456 927 2.

117 944 194 977 Tute
215 945 344 978 hortare
366 956 399 978 a:
423 952 459 978 tu
480 947 550 989 ipse
571 948 711 986 hortare,
735 958 802 980 non
825 955 860 980 ut
884 950 930 980 in-

691 1047 766 1088 XI.
832 1048 898 1100 (Α.
940 1047 985 1089 U.
1023 1049 1065 1088 C.
1104 1048 1222 1101 705.)

137 1142 176 1182 1.
220 1141 439 1184 Lentulum
481 1149 663 1185 nostrum
706 1145 784 1185 scis
829 1144 1009 1186 Puteolis
1053 1159 1160 1196 esse3
1205 1143 1312 1199 quod
1345 1159 1470 1199 quum
1503 1160 1523 1185 e
1560 1145 1707 1185 viatore
1744 1158 1840 1198 quo-

72 1213 164 1256 dam
197 1220 301 1257 esset
333 1215 531 1268 auditum,
567 1218 637 1273 qui
670 1233 728 1259 se*
744 1217 895 1259 diceret
927 1232 1018 1259 eum
1050 1218 1092 1259 in
1128 1217 1274 1273 Appia,
1310 1232 1435 1272 quum
1460 1218 1494 1258 is
1526 1217 1704 1273 paullum
1728 1218 1839 1259 lecti-

76 1301 163 1330 cam
196 1288 447 1344 apemisset„
464 1304 671 1345 cognosse,
705 1290 780 1332 etsi
813 1290 878 1331 vix
914 1290 995 1331 veri
1029 1289 1171 1340 simile,
1211 1289 1301 1331 misi
1325 1294 1460 1331 tamen
1485 1290 1674 1332 Puteolos
1698 1305 1840 1346 pueros

77 1362 146 1417 qui
178 1362 493 1418 pervestigarent
534 1368 574 1405 et
616 1363 665 1405 ad
715 1379 807 1405 eum
841 1363 990 1404 literas.
1025 1363 1220 1404 Inventus
1240 1367 1315 1420 ,est
1349 1362 1490 1438 νὶᾈίιι
1523 1362 1649 1404 hortis
1684 1363 1767 1404 suis
1802 1378 1841 1405 se
1885 1377 1898 1399 ⁵

76 1434 282 1476 occultans
323 1435 538 1492 literasque
583 1436 683 1479 mihi
727 1437 880 1479 remisit
920 1437 1085 1478 mirifice
1129 1437 1278 1492 gratias
1311 1451 1432 1493 agens
1466 1436 1650 1478 Caesari:
1687 1437 1735 1478 de
1770 1452 1842 1478 suo

31 1538 37 1570 A·
77 1514 210 1552 autem
243 1511 410 1553 consffio
443 1511 489 1553 C.
525 1512 669 1554 Caecio
702 1512 893 1554 mandata
925 1511 976 1553 ad
1009 1527 1071 1553 me
1105 1510 1277 1552 dedisse.
1312 1510 1419 1552 Eum
1442 1525 1515 1566 ego
1538 1509 1658 1551 hodie
1682 1525 1843 1565 exspec-

31 1643 33 1646 .
75 1581 224 1635 tabam,
258 1583 301 1632 id
333 1588 407 1636 est,
444 1598 545 1627 xiii.
580 1585 673 1627 Kal.
709 1584 838 1641 April.
875 1588 915 1626 2.
951 1585 1074 1626 Venit
1107 1585 1229 1626 etiam
1263 1583 1312 1626 ad
1353 1599 1414 1625 me
1449 1583 1602 1625 Matius
1635 1583 1844 1637 Quinqua-

76 1655 220 1708 tribus,
255 1657 374 1699 homo
406 1658 647 1710 mehercule,
682 1663 729 1700 ut
762 1658 861 1700 mihi
896 1658 1004 1699 visus
1037 1661 1111 1709 est,
1144 1661 1390 1712 temperatus
1421 1661 1462 1698 et
1484 1655 1660 1712 prudens
1674 1674 1684 1707 3
1709 1656 1845 1697 existi-

76 1736 207 1773 matus
239 1731 402 1788 quidem
435 1736 497 1774 est
528 1747 683 1788 semper
716 1737 855 1774 auctor
890 1732 976 1773 otii.
1022 1731 1153 1783 Quam
1198 1730 1264 1772 ille
1298 1730 1396 1772 haec
1430 1745 1512 1772 non
1545 1728 1711 1786 probare
1745 1728 1845 1770 mihi
1866 1746 1901 1771 10

75 1804 237 1861 quidem
283 1806 393 1848 visus
437 1811 510 1857 est,
567 1821 686 1861 quam
728 1805 838 1847 illam
882 1803 1103 1858 νεκυίαν,
1151 1809 1197 1845 ut
1229 1809 1276 1845 tu
1309 1803 1498 1860 appellas,
1534 1803 1697 1844 timere!
1734 1802 1845 1844 Huic

75 1893 149 1934 ego
196 1879 239 1920 in
288 1879 415 1921 multo
461 1894 640 1920 sermone
686 1879 895 1934 epistolam
941 1877 991 1919 ad
1037 1892 1098 1918 me
1143 1877 1327 1918 Caesaris
1375 1875 1533 1918 ostendi
1577 1890 1679 1926 eam,
1729 1875 1844 1916 cuius

75 1953 301 2008 exemplum
351 1953 401 1994 ad
450 1958 490 1994 te
535 1957 651 1994 antea
700 1953 805 2004 misi,
852 1952 1083 2008 rogavique,
1134 1956 1180 1992 ut
1222 1951 1552 2006 interpretaretur
1595 1948 1693 2005 quid
1740 1952 1845 1989 esset

74 2025 182 2081 quod
215 2027 283 2068 ille
316 2025 520 2077 scriberet,
561 2053 581 2077 ,s
592 2025 759 2067 consilio
792 2040 880 2067 meo
910 2040 951 2066 se
984 2024 1045 2066 uti
1079 2023 1192 2074 velle,
1216 2023 1359 2078 gratia,
1385 2022 1597 2078 dignitate,
1621 2036 1695 2077 ope
1712 2035 1844 2062 rerum

75 2100 301 2142 omnium.”
350 2099 574 2155 Respondit
615 2114 654 2141 se
696 2114 777 2140 non
821 2098 1020 2149 dubitare,
1065 2098 1162 2153 quin
1207 2102 1248 2138 et
1292 2111 1406 2152 opem
1440 2100 1480 2136 et
1512 2095 1683 2150 gratiam
1716 2108 1846 2135 meam
1869 2108 1902 2135 15

29 2162 31 2167 Ι
74 2171 141 2214 ille
180 2172 230 2214 ad
274 2173 590 2229 pacificationem
636 2178 857 2228 quaereret.
906 2173 1074 2214 Utinam
1107 2171 1270 2226 aliquod
1305 2171 1347 2212 in
1382 2169 1456 2211 hac
1491 2168 1651 2210 miseria
1683 2167 1740 2209 rei
1772 2182 1845 2223 pu-

74 2243 202 2287 blicae
236 2241 496 2289 πολιτικὸν
528 2260 628 2301 opus
661 2246 813 2286 efficere
848 2250 888 2286 et
921 2260 1065 2286 navare
1099 2243 1200 2286 mihi
1231 2243 1372 2284 liceat!
1417 2241 1572 2284 Matius
1605 2240 1768 2296 quidem
1806 2245 1846 2282 et

75 2317 190 2360 illum
232 2319 275 2360 in
319 2333 366 2360 ea
407 2319 607 2360 sententia
653 2334 737 2360 esse
783 2318 1012 2360 confidebat
1055 2323 1095 2359 et
1138 2333 1178 2358 se
1212 2322 1414 2358 auctorem
1449 2316 1531 2357 fore
1566 2313 1842 2370 pollicebatur.

77 2392 118 2432 3.
162 2390 298 2432 Pridie
341 2396 475 2433 autem
523 2391 631 2447 apud
675 2407 737 2433 me
787 2391 992 2448 Crassipes
1026 2391 1169 2442 fuerat,
1206 2390 1276 2446 qui
1310 2405 1350 2431 se
1384 2388 1513 2445 pridie
1546 2389 1686 2430 Nonas
1719 2386 1841 2428 Mart.

74 2462 292 2506 Brundisio
334 2463 556 2520 profectum
600 2469 719 2519 atque
752 2463 809 2506 ibi
845 2464 1082 2520 Pompeium
1116 2462 1322 2518 reliquisse
1356 2460 1530 2510 dicebat,
1567 2459 1672 2515 quod
1706 2458 1840 2509 etiam,
1866 2470 1900 2494 20

76 2537 145 2592 qui
178 2550 262 2579 nx.
295 2536 395 2579 Idus
426 2537 539 2579 illinc
583 2536 750 2594 profecti
782 2543 909 2591 erant,
943 2537 1208 2580 nuntiabant:
1245 2537 1271 2578 †
1288 2535 1357 2577 illa
1395 2550 1486 2576 vero
1520 2549 1657 2576 omnes
1693 2557 1749 2563 —-
1798 2533 1840 2573 in

119 2703 138 2744 ξ
161 2703 188 2734 1.
211 2702 377 2734 Lentulum
398 2702 460 2733 scis
487 2700 623 2732 Puteolis
645 2709 722 2732 esse.
757 2702 934 2740 Quomodo
955 2719 957 2728 ι
1023 2701 1042 2741 ξ
1064 2701 1094 2732 2.
1124 2699 1322 2732 Venit—ad
1347 2710 1393 2731 me
1418 2698 1547 2730 Matius.
1571 2698 1648 2729 Huc
1670 2697 1839 2738 respicitur

29 2746 32 2752 ¹
75 2755 208 2787 Atticus
229 2755 354 2788 Romae
374 2754 436 2785 hoc
465 2753 531 2784 iam
560 2758 640 2785 tunc
669 2753 753 2784 scire
782 2754 934 2794 potuerit,
955 2743 958 2771 Ι
980 2753 1015 2784 in
1039 2754 1130 2795 epist.
1152 2754 1194 2785 ad
1216 2753 1357 2785 Matium
1392 2762 1422 2784 a.
1444 2751 1506 2784 710
1535 2751 1622 2788 data,
1649 2749 1744 2782 Fam.
1774 2748 1838 2780 XI.

76 2818 144 2840 non
166 2809 273 2847 video,
294 2818 397 2850 qutun
419 2806 536 2839 Cicero
565 2807 599 2838 in
630 2806 810 2838 Formiano
839 2807 935 2838 citius
980 2805 1031 2843 27,
1055 2807 1084 2837 3.

75 2858 214 2892 Lentuli
233 2860 413 2891 adventum
435 2858 608 2890 audiverit.
647 2857 742 2895 Vide,
773 2867 815 2889 ne
846 2868 935 2889 nunc
1025 2859 1164 2891 Consilio
1186 2870 1252 2890 meo
1273 2869 1307 2891 se
1327 2859 1376 2890 uti
1397 2859 1488 2896 velle,
1512 2864 1573 2890 cet.
1596 2856 1637 2888 cf.
1663 2856 1694 2887 h.
1718 2856 1737 2886 1.
1763 2854 1782 2885 6
1795 2854 1838 2885 Λ.

77 2912 185 2954 ipsum
203 2913 268 2944 hoc
290 2912 422 2944 nuntiet
443 2912 559 2949 amieo,
594 2916 630 2942 ut
659 2911 702 2943 sit
723 2912 933 2943 scribendum
980 2918 1012 2945 et
1035 2914 1065 2952 9,
1089 2913 1118 2945 3.

76 2964 164 3003 wito,
186 2971 244 2997 aut
263 2965 343 2996 scin.
1024 2967 1107 3008 Opus
1129 2968 1250 3010 efficere
1271 2969 1302 2999 ec
1324 2976 1454 2998 navare.
1482 2966 1524 2997 cf.
1546 2965 1640 2996 Fam.
1671 2963 1732 2994 VI.
1759 2962 1784 2998 1,
1809 2961 1836 2997 7,

121 3017 256 3061 Minfice
279 3018 406 3060 yratias
434 3027 531 3059 ayens
561 3017 692 3048 Caesari
725 3028 784 3049 nn:
827 3018 934 3049 Valde
980 3030 1100 3051 navare
1131 3020 1255 3062 aliquid
1281 3022 1312 3051 et
1342 3020 1473 3061 efficere.
1505 3020 1545 3050 (le
1581 3022 1645 3059 pet.
1673 3025 1767 3047 cons.
1800 3015 1838 3044 18

77 3072 214 3104 laudans
233 3082 312 3114 erga
333 3082 368 3104 se
392 3072 632 3112 benignitatem
654 3074 812 3110 Caesaris,
837 3083 854 3103 a
870 3082 935 3113 quo
979 3075 1182 3117 suffraqandi
1201 3074 1309 3106 studia
1332 3084 1451 3105 navare
1467 3072 1606 3114 petitori.

37 3167 39 3170 Α
77 3129 190 3166 captus
224 3124 363 3157 Corfinii
402 3124 579 3156 incolumis
616 3125 773 3157 dimissus
817 3125 935 3157 esset.”
1023 3128 1041 3167 ξ
1065 3127 1084 3158 3
1117 3129 1134 3159 †
1156 3126 1223 3158 Illa
1244 3137 1322 3158 vera
1341 3136 1445 3158 omnes
1473 3130 1533 3157 cet.
1567 3124 1659 3155 Haec
1688 3122 1734 3153 ita
1761 3122 1837 3153 scri.

82 3177 108 3209 Ι.
130 3177 168 3210 F.
188 3177 290 3210 Gron.
377 3197 382 3203 ·
958 3210 961 3213 .
986 3181 1089 3212 benda
1112 3186 1206 3222 puto:
1231 3181 1298 3212 illic
1321 3190 1392 3211 vero
1413 3178 1607 3210 onmes—in
1621 3176 1727 3218 quibus
1742 3176 1835 3206 etiam
