2062 3565
138 139 224 180 268
481 140 564 182 ΕΡ.
600 140 675 182 ΑΒ
708 140 754 182 T.
788 139 1139 184 POMPONIUM
1172 139 1435 183 ATTICUM.

746 330 847 371 LII.
912 330 975 382 (A.
1017 328 1062 370 U.
1100 329 1142 370 C.
1181 329 1301 382 709.)

204 446 243 486 l.
289 446 325 486 O
368 443 566 500 hospitem
610 445 711 486 mihi
753 450 834 486 tam
885 459 1045 500 gravem
1093 439 1488 501 ἀμεταμέλητον·
1522 444 1601 486 fuit
1633 444 1739 485 enim
1771 444 1902 500 periu-

138 517 283 559 cunde.
333 518 411 559 Sed
454 531 579 573 quum
621 518 810 561 secundis
859 516 1139 561 Saturnalibus
1173 517 1223 559 ad
1256 517 1492 573 Philippum
1526 517 1681 574 vesperi
1712 517 1902 570 venisset,

138 590 231 632 villa
262 590 321 632 ita
353 591 550 647 completa
582 607 604 633 a
636 591 836 634 militibus
869 596 944 643 est,
987 596 1035 633 ut
1066 591 1134 633 vix
1165 591 1402 643 triclinium,
1436 590 1509 633 ubi
1543 595 1784 633 coenaturus
1815 592 1902 648 ipse

99 675 114 699 5
137 663 281 705 Caesar
324 670 441 717 esset,
489 671 670 718 vacaret3
719 667 866 722 quippe
906 665 1117 708 hominum
1163 679 1233 709 010
1267 679 1353 708 010.
1403 666 1506 708 Sane
1540 681 1629 707 sum
1663 670 1901 717 commotus,

81 1043 115 1070 10

136 736 234 792 quid
278 737 459 780 futurum
503 745 607 783 esset
649 740 858 797 postridie,
894 755 940 782 ac
972 739 1074 782 mihi
1107 739 1239 782 Barba
1271 740 1435 782 Cassius
1468 739 1680 782 subvenit:
1716 739 1903 782 custodes

137 809 264 852 dedit.
314 810 455 855 Castra
499 814 542 856 in
587 830 697 871 agro,
744 814 839 856 villa
882 813 1046 856 defensa
1089 818 1163 855 est.
1211 813 1285 855 Ele
1318 814 1448 856 tertiis
1482 813 1763 857 Saturnalibus
1796 814 1903 870 apud

138 883 372 940 Philippum
415 886 466 928 ad
511 886 649 930 horam
699 901 795 939 VII„
829 903 904 930 nec
937 901 1179 943 quemquam
1211 886 1396 939 admisit3
1428 888 1603 929 rationes
1637 887 1778 944 opinor
1810 902 1903 929 cum

137 957 279 999 Balbo.
313 958 416 1001 Inde
449 960 671 1003 ambulavit
697 962 740 1004 in
772 962 903 1004 litore.
938 962 1037 1002 Post
1067 960 1207 1003 horam
1240 973 1341 1002 VIII.
1373 961 1417 1002 in
1440 959 1629 1002 balneum
1641 979 1652 1013 3
1675 965 1765 1002 tum
1791 959 1902 1002 audi-

137 1031 196 1072 vit
233 1030 283 1073 de
327 1032 534 1076 Mamurra
546 1053 558 1086 3
608 1034 765 1076 vultum
797 1050 880 1076 non
912 1034 1097 1075 mutavit.
1131 1034 1291 1075 Unctus
1324 1038 1398 1085 est,
1433 1032 1638 1085 accubuit,
1673 1031 1905 1091 ἐμετικὸν

137 1104 295 1160 agebat.
338 1106 482 1162 Itaque
526 1118 567 1150 et
609 1108 694 1150 edit
736 1115 777 1151 et
808 1107 915 1150 bibit
949 1101 1111 1159 ἀδεῶς
1144 1112 1185 1150 81
1215 1107 1406 1158 iucunde,
1441 1107 1602 1164 opipare
1636 1122 1731 1149 sane
1764 1111 1806 1149 et
1835 1122 1904 1164 ap-

137 1184 288 1235 parate,
321 1196 396 1223 nec
428 1180 471 1223 id
504 1181 634 1224 solum
667 1182 736 1224 sed

1101 1289 1157 1294 —
1193 1265 1283 1305 bene
1314 1269 1431 1314 coeto,

359 1337 534 1389 Condito,
568 1353 738 1380 sermone
770 1341 862 1380 bono
895 1344 946 1390 et,
980 1339 1016 1380 δέ
1049 1337 1217 1394 quaeri',
1254 1339 1432 1380 libenter.

140 1431 180 1468 2.
225 1428 436 1470 Praeterea
480 1429 612 1472 tribus
645 1431 833 1473 tricliniis
866 1432 1020 1487 accepti
1053 1433 1107 1474 οἱ
1137 1428 1242 1490 περὶ
1277 1427 1436 1474 αὐτὸν
1469 1430 1582 1471 valde
1617 1430 1789 1486 copiose.
1836 1429 1902 1470 Li-

138 1501 260 1544 bertis
293 1502 427 1545 minus
460 1503 582 1546 lautis
615 1505 818 1561 servisque
850 1505 953 1548 nihil
987 1505 1130 1547 defuit.
1166 1506 1274 1548 Nam
1297 1504 1487 1547 lautiores
1511 1505 1714 1560 eleganter
1733 1503 1901 1559 accepti.

180 1675 199 1706 2
217 1677 366 1718 gyravem!
389 1667 663 1723 Ἀμεταμέλητον
685 1697 727 1702 -
750 1681 771 1710 4
791 1679 944 1720 completa
967 1678 1119 1712 militibus
1141 1698 1176 1704 ——
1205 1679 1244 1711 10
1265 1676 1422 1725 ἐμετικὴν
1451 1697 1489 1703 —

180 1827 260 1859 Plus
283 1837 383 1869 quam
404 1834 547 1869 quatuor
579 1837 709 1859 menses
739 1827 874 1860 fuerunt
909 1829 996 1861 inter

137 1881 223 1912 hanc
245 1881 419 1923 epistolam
442 1888 475 1914 et
493 1882 644 1923 proxime
660 1882 873 1923 superiorem.
895 1883 996 1914 Illam

1087 1830 1133 1860 Ac
1155 1830 1230 1860 mihi
1252 1829 1292 1860 B.
1309 1829 1342 1861 C.
1363 1829 1514 1860 subvenit.
1538 1829 1697 1860 Ernestus
1712 1828 1900 1869 adscripsit:

1047 1897 1059 1907 υ
1073 1892 1114 1913 an
1137 1885 1172 1913 at
1195 1883 1323 1914 mihi&
1345 1883 1403 1914 Nil
1426 1883 1546 1919 minus,
1569 1881 1761 1923 respondeo.
1785 1879 1902 1912 Cicero

139 1937 228 1968 enim
252 1937 389 1978 scripsit,
413 1947 514 1979 quum
539 1936 660 1968 Caesar
682 1938 831 1969 nondum
853 1947 896 1969 ex
918 1937 994 1968 His—

139 1993 237 2034 pania
259 1993 409 2031 redierat,
429 2002 543 2025 mense
564 1992 726 2031 Quintili3
748 1993 835 2024 hanc
854 2000 929 2034 post
940 1993 995 2026 Sa-

139 2048 293 2086 turnalia,
317 2058 401 2090 quae
417 2049 600 2089 agebantur
615 2058 730 2080 mense
741 2048 918 2080 Decembri
931 2048 996 2081 fere

139 2102 258 2133 medio.
282 2101 360 2132 Vid.
385 2102 425 2133 ad
444 2102 487 2132 V.
504 2102 553 2139 20,
572 2102 600 2133 1.
622 2102 720 2133 Hanc
733 2102 888 2143 scriptam
900 2102 998 2133 credo

140 2156 173 2187 in
196 2155 376 2187 Formiano
399 2161 570 2197 propterea
599 2157 688 2197 quod
717 2156 764 2186 ibi
786 2155 998 2187 Dolabellam

139 2209 256 2240 villam
276 2208 431 2240 habuisse
453 2209 576 2240 scimus
599 2218 642 2240 ex
665 2218 713 2249 ep.
730 2208 780 2246 13,
797 2210 827 2239 5.
845 2208 903 2239 lib.
916 2207 997 2239 XV.

140 2263 237 2294 Certe
261 2272 367 2304 neque
390 2262 425 2293 in
448 2262 649 2300 Tusculano,
680 2271 789 2304 neque
811 2262 845 2293 in
879 2261 998 2293 Puteo-

138 2317 216 2348 lano
237 2316 319 2348 haec
345 2316 466 2357 scripta
488 2320 572 2347 sunt.

179 2368 198 2408 ξ
222 2368 251 2399 1.
277 2367 304 2399 0
326 2368 475 2409 hospitem
499 2366 574 2399 mihi
594 2371 657 2399 tam
668 2379 806 2408 9ravem,
826 2365 995 2412 ἀμεταμέ-

137 2416 252 2454 λητον.
288 2419 424 2452 Retinui
446 2419 642 2459 scripturam
665 2420 759 2450 codd.
793 2425 825 2452 et
857 2421 997 2452 distinxi

137 2488 215 2509 cum
237 2476 480 2518 Wesenbergio
502 2477 643 2508 Emend.
667 2487 697 2518 p.
720 2478 772 2515 49,
796 2488 998 2520 quamquam

137 2531 301 2563 sententia
322 2531 429 2562 multo
452 2530 582 2561 facilior
606 2531 653 2568 fit,
683 2531 710 2562 si
740 2533 805 2562 tam
834 2532 870 2563 in
893 2535 997 2564 tamen

137 2589 284 2617 mutatus
314 2590 346 2617 et
383 2585 427 2616 ita
467 2584 631 2616 scribitur.
678 2583 704 2614 O
737 2585 885 2626 hospitem
923 2586 999 2617 mihi

133 2648 270 2678 yravem,
302 2639 407 2668 tamen
435 2634 693 2683 ἀμεταμέλητον
713 2647 747 2669 o:
771 2648 872 2679 quem
885 2645 997 2671 tamen

137 2693 302 2736 hospitem
313 2693 467 2725 habuisse
491 2704 559 2725 non
581 2694 739 2735 poenitet.
762 2693 813 2725 Cf.
825 2694 916 2726 Fam.
932 2695 997 2727 IX.

137 2749 187 2787 48,
212 2749 241 2779 1.
264 2747 411 2779 Facilius
432 2748 533 2779 etiam
563 2759 641 2780 cum
668 2747 840 2780 Gronovio
871 2750 997 2782 delebis

140 2803 176 2842 0,
199 2803 288 2845 quod
306 2812 374 2834 non
394 2803 479 2834 bene
501 2803 658 2835 convenit
678 2813 756 2834 cum
777 2805 851 2834 tam.
873 2804 925 2835 Ita
947 2815 998 2836 ac-

136 2867 202 2888 cus.
234 2855 382 2897 hospitem
413 2867 453 2886 m.
477 2858 500 2887 t.
526 2866 652 2896 yravem
688 2856 846 2897 pendebit
867 2857 909 2888 ab
938 2857 996 2889 im-

138 2910 302 2952 personali
333 2906 602 2954 ἀμεταμέλητον.

178 2965 330 2997 Secundis
351 2964 573 2996 Saturnalibus
594 2978 629 2998 a:
653 2969 797 2999 secundo
819 2968 871 3000 die
887 2967 996 3000 Satur-

138 3019 274 3051 nalium.
298 3018 340 3049 cf.
363 3018 404 3049 ad
426 3017 470 3049 V.
492 3018 541 3056 20,
566 3019 595 3050 1.

182 3070 339 3111 Completa
361 3080 381 3100 a
404 3068 555 3100 militibus
577 3080 612 3102 o:
649 3078 807 3114 occupata
837 3083 854 3103 a
885 3073 997 3104 militi·

140 3125 208 3156 bus.
232 3122 517 3165 Praepositionem
540 3132 557 3154 e
579 3125 650 3156 cod.
673 3125 762 3157 Med.
785 3125 888 3158 adieci
920 3135 995 3157 cnm

140 3178 286 3211 Klotzio.
309 3177 423 3218 Vulgo
445 3177 613 3210 omittunt.

1043 1936 1070 1967 si
1088 1936 1150 1967 hoc
1164 1937 1437 1978 praecedentibus
1448 1945 1613 1978 opponere
1625 1935 1791 1972 voluisset,
1803 1934 1903 1976 scrip-

1042 1989 1137 2021 sisset
1158 1990 1225 2021 sed.
1251 1990 1298 2021 Ac
1318 1990 1351 2021 h.
1375 1990 1397 2020 l.
1419 1989 1579 2030 explicari
1600 1992 1708 2030 potest
1735 1989 1766 2018 ec
1784 1986 1902 2024 statim,

1043 2042 1084 2073 de
1106 2052 1171 2083 quo
1194 2053 1256 2074 usu
1278 2043 1361 2084 disp.
1385 2038 1546 2073 Handius‘
1561 2042 1596 2072 in
1619 2041 1717 2072 Turs.
1741 2041 1770 2071 Ι.
1791 2050 1813 2080 p
1839 2039 1902 2070 480

1043 2104 1134 2136 seqq.
1158 2114 1198 2118 -—
1220 2095 1330 2126 Barba
1358 2095 1497 2133 Cassius,
1533 2093 1683 2126 Caesaris
1705 2099 1738 2124 et
1758 2092 1901 2124 Antonii

1045 2148 1180 2186 amicus,
1205 2148 1396 2179 nominatur
1417 2156 1549 2188 quoque
1572 2146 1660 2177 Phil.
1683 2145 1785 2177 XIII.
1809 2147 1838 2177 3.

1089 2200 1204 2231 Castra
1225 2200 1260 2231 in
1282 2210 1371 2241 (ιφ-ο,
1392 2201 1470 2231 villa
1493 2199 1628 2240 defensa
1650 2201 1697 2230 est
1719 2208 1754 2230 o:
1778 2198 1901 2230 milites

1045 2255 1078 2286 in
1102 2256 1190 2296 agris
1212 2256 1299 2287 circa
1319 2256 1436 2287 villam
1458 2256 1679 2292 deverterunt,
1712 2254 1747 2285 in
1783 2254 1900 2285 villam

1043 2319 1110 2340 non
1133 2315 1209 2340 sunt
1231 2310 1377 2341 admissi.

1084 2365 1216 2395 Audivit
1238 2365 1277 2396 de
1300 2364 1475 2396 Mamurra.
1519 2365 1552 2396 Is
1584 2363 1692 2396 fuerat
1719 2362 1902 2405 praefectus

1042 2418 1172 2450 fabrum
1182 2418 1331 2451 Caesaris
1343 2419 1378 2450 in
1386 2417 1505 2450 Gallia.
1514 2418 1602 2449 Plin.
1615 2417 1663 2449 H.
1674 2417 1719 2449 N.
1727 2416 1902 2448 XXXVI.

1042 2473 1093 2504 48.
1116 2473 1298 2504 Hominem
1321 2472 1479 2504 infamem
1506 2483 1573 2503 non
1596 2472 1668 2503 sine
1684 2481 1807 2512 magna
1822 2469 1900 2502 Cae-

1043 2527 1124 2558 saris
1147 2527 1347 2559 contumelia
1369 2526 1519 2558 versibus
1542 2525 1735 2567 perstrinxit
1747 2524 1901 2557 Catullus

1043 2580 1146 2621 epigr.
1172 2580 1211 2611 29
1235 2586 1268 2611 et
1289 2579 1340 2613 57.
1374 2579 1466 2618 Quid
1487 2578 1609 2611 Caesar
1629 2579 1671 2610 de
1700 2587 1739 2610 eo
1769 2577 1901 2608 audive-

1042 2632 1093 2670 rit,
1116 2632 1318 2673 ignoramus.
1341 2633 1375 2663 N
1375 2642 1418 2663 on
1430 2632 1517 2663 male
1529 2631 1747 2672 Nipperdeius
1762 2630 1798 2661 in
1810 2638 1900 2671 prae-

1042 2685 1098 2716 fat.
1122 2686 1163 2717 ad
1186 2685 1335 2717 Cornelii
1356 2686 1441 2726 Nep.
1463 2685 1549 2716 vitas
1570 2685 1612 2716 de
1634 2683 1706 2716 eius
1727 2687 1833 2715 morte
1848 2692 1900 2714 co·

1041 2740 1177 2780 gitabat.

1078 2786 1258 2838 Ἐμετικὴν
1287 2792 1411 2834 ayebat.
1434 2791 1612 2823 Ernestus:
1653 2805 1666 2816 υ
1679 2790 1811 2822 volebat
1843 2799 1898 2820 vo-

1042 2859 1132 2882 mere
1163 2855 1237 2891 post
1268 2859 1415 2887 coenam,
1453 2849 1592 2888 ideoque
1618 2846 1744 2887 largius
1772 2845 1901 2878 edebat.

1041 2904 1135 2935 Idem
1158 2903 1362 2944 comparavit
1383 2913 1413 2944 p.
1438 2901 1544 2933 Deiot.
1568 2901 1607 2931 21
1631 2906 1664 2932 et
1676 2899 1810 2931 Celsum
1821 2899 1850 2930 Ι.
1868 2901 1896 2937 3,

1030 2956 1220 2997 -reiecitque
1253 2955 1454 2996 Pantagathi
1485 2955 1709 2986 coniecturam
1743 2949 1898 2996 ἐμετικὴν

1041 3014 1161 3055 efferat.
1191 3011 1258 3044 Sed
1280 3018 1317 3043 ut
1337 3013 1421 3044 illud
1434 3013 1561 3044 dicatur
1577 3020 1653 3042 cum
1667 3009 1899 3050 Peerlkampio

1040 3066 1154 3107 scripsi
1176 3062 1326 3110 ἑμετικὸν
1355 3065 1469 3107 ayebat
1492 3075 1524 3096 o:
1550 3063 1670 3104 agebat
1691 3068 1800 3104 partes
1817 3062 1897 3104 eius,

1041 3121 1097 3162 qui
1119 3130 1252 3152 vomere
1274 3121 1384 3153 vellet.
1422 3121 1531 3153 Aliter
1563 3118 1677 3151 Cicero
1700 3118 1895 3160 scripsisset:

1015 3165 1019 3219 ξ
1039 3170 1156 3222 ἔμετον
1170 3175 1326 3216 faciebat.
