2062 3565
685 166 790 208 LIB.
827 166 901 208 [λ’.
940 168 1019 209 ΕΡ.
1059 172 1098 208 9.
1139 171 1207 208 1⁰.
1746 174 1818 211 lll

73 301 139 354 nsi
169 299 271 345 nihil
304 305 436 341 tamen
470 299 546 342 tibi
581 301 782 343 remittere
815 317 992 356 possum.
1048 302 1113 344 Ad
1147 303 1354 345 Caesarem
1404 303 1540 346 mittas
1584 319 1739 355 censeo,
1790 311 1830 346 nt

74 372 154 426 „ab
186 387 232 416 eo
266 372 342 414 hoc
375 377 502 428 petas.
538 374 633 415 Non
667 373 825 425 dubito,
860 375 959 429 quin
993 376 1280 431 impetraturus
1315 377 1383 428 sis,
1427 392 1549 431 quum
1598 378 1826 432 praesertim

74 450 146 498 „te
179 445 378 488 amicitiae
412 451 572 487 nostrae
606 446 800 487 rationem
837 445 1073 489 habiturum
1108 463 1192 489 esse
1227 448 1496 503 pollicearis.''

129 521 171 561 3.
206 517 343 561 Habes
376 515 629 571 σκυτάλην
662 517 984 572 Λακωνικήν.
1024 520 1200 562 Omnino
1234 521 1429 576 excipiam
1464 521 1678 564 hominem.
1735 524 1831 565 Erat

68 597 198 635 autem
232 607 270 633 v.
306 591 416 632 Non.
450 596 643 633 venturus
677 592 844 646 vesperi,
879 592 920 633 id
954 598 1028 643 est,
1064 592 1195 634 hodie.
1252 594 1348 635 Cras
1382 594 1507 648 igitur
1552 594 1601 635 ad
1647 610 1707 636 me
1755 598 1829 637 i'or·

3 707 12 713 ,
67 645 170 708 taes}
203 664 350 706 veniet.
403 663 625 720 Temptabo
658 664 683 705 †
717 664 884 706 audeam
919 664 1022 707 nihil
1056 680 1277 721 properare,
1315 665 1530 708 missurum
1550 667 1599 707 ad
1623 668 1828 710 Caesarem

68 736 246 780 clamabo
278 752 355 779 me.
402 738 505 778 Cum
538 737 792 792 paucissimis
826 737 975 778 alicubi
1008 737 1252 788 occultabor‚
1287 744 1392 780 certe
1426 739 1520 781 hinc
1554 740 1642 782 istis
1674 741 1829 783 invitis-

69 810 178 852 simis
211 809 390 861 evolabo‚
425 816 545 865 atque
578 810 732 851 utinam
769 810 819 851 ad
847 811 1083 852 Curionem!
1135 807 1249 853 Σὺν
1273 812 1372 868 θεῷ
1397 826 1470 854 τοι
1495 809 1637 872 λέγω·
1662 829 1830 868 magnus

19 936 26 940 ι
71 883 183 925 dolor
216 884 397 934 accessit,
432 883 626 924 efficietur
659 882 812 937 aliquid
847 882 1014 937 dignum
1057 882 1186 924 nobis.
1224 909 1279 913 --
1319 884 1573 943 Δυσουρία
1618 891 1687 927 tua
1734 886 1830 927 mihi

69 955 182 999 valde
215 955 396 998 molesta.
431 955 595 998 Medere
629 955 785 1007 amabo,
832 956 929 997 dum
963 960 1024 998 est
1055 953 1205 1015 ἀρχή.
1247 983 1303 988 —-
1340 960 1380 997 4.
1416 958 1475 999 De
1509 959 1830 1000 Massiliensibus

14 1032 25 1038 ‘⁴
67 1034 203 1085 gratae
235 1035 330 1071 tuae
364 1028 464 1070 mihi
497 1029 649 1070 literae.
697 1029 857 1080 Quaeso
890 1036 937 1070 ut
980 1029 1116 1080 sciam,
1162 1028 1361 1084 quidquid
1408 1030 1596 1073 audieris.
1652 1032 1830 1072 Ocellam

14 1142 19 1147 .
68 1118 268 1160 cuperem,
303 1103 338 1144 si
370 1117 527 1158 possem
561 1102 708 1157 palam,
743 1102 851 1158 quod
885 1118 907 1144 a
941 1102 1116 1144 Curione
1149 1103 1370 1144 effeceram.
1428 1103 1506 1145 Hic
1541 1120 1614 1159 ego
1648 1105 1829 1147 Servium

18 1213 21 1219 .
67 1181 252 1232 exspecto
284 1201 341 1205 --
375 1190 492 1230 rogor
525 1176 632 1217 enim
667 1175 716 1216 ab
761 1176 847 1217 eius
889 1191 1012 1217 uxore
1056 1182 1096 1217 et
1138 1175 1219 1217 filio
1255 1201 1310 1206 -
1346 1182 1387 1218 et
1435 1184 1532 1232 puto
1582 1193 1681 1234 opus
1731 1194 1828 1219 esse.

17 1259 22 1263 '
51 1243 110 1292 '5.
143 1250 224 1293 Hic
256 1255 392 1291 tamen
425 1249 643 1304 Cytherida
676 1264 810 1291 secum
844 1250 986 1291 lectica
1019 1255 1156 1305 aperta
1189 1255 1335 1305 portat,
1371 1250 1494 1293 altera
1523 1267 1700 1293 uxorem.
1736 1254 1828 1308 Sep-

9 1352 11 1354 -
65 1328 147 1365 tem
189 1327 392 1378 praeterea
434 1322 672 1363 coniunctae
717 1322 881 1364 lecticae
926 1322 1143 1364 amicarum
1188 1328 1283 1364 sunt
1328 1325 1408 1378 (an)
1443 1320 1674 1374 amssorum.
1727 1324 1829 1365 Vide

0 1608 26 1718 ..sk-‘'”ae-
12 1578 16 1583 ν

0 2115 7 2124 ⁴
0 2079 14 2089 r
0 2023 14 2061 Ἴ.
0 1910 21 2011 τςιῑφζὲ
0 1882 12 1899 «τ
0 1757 22 1874 sumes,

108 1501 126 1532 6
148 1503 166 1540 †
190 1500 334 1539 Tentabo,
365 1500 514 1537 audeam',¹
550 1500 634 1532 nihil
658 1519 701 1524 ——
722 1501 741 1535 7
765 1504 848 1533 certe
876 1521 914 1525 —
948 1505 987 1535 14
1009 1505 1144 1538 alteram
1175 1518 1318 1540 quorem:
1350 1510 1464 1549 septem
1494 1528 1534 1532 —
1563 1511 1745 1547 (antivarum,
1777 1521 1833 1542 eae

65 1555 150 1593 sunt,
174 1553 341 1585 amicorum
365 1571 408 1576 —

107 1721 177 1761 §3.
199 1721 308 1754 Habes
340 1718 514 1757 σκυτάλην
545 1724 590 1754 Λ.
620 1733 656 1755 s:
694 1723 795 1755 habes
832 1724 928 1756 breve

66 1778 270 1815 mandatum,
292 1778 405 1819 qualia
424 1779 682 1811 Lacedaemonii
701 1780 839 1811 ducibus
861 1780 927 1812 suis

66 1830 198 1862 mittere
219 1831 378 1863 solebant.
404 1831 444 1862 cf.
469 1831 568 1863 Corn.
593 1832 691 1864 Paus.
714 1833 743 1863 3.
776 1831 863 1864 Gell.
885 1833 926 1864 N.

67 1882 110 1914 A.
132 1882 252 1915 XVII.
275 1884 304 1916 9.

112 1936 242 1970 Omnino
263 1938 417 1980 excipiam
439 1938 590 1970 bominem
611 1948 645 1970 o:
714 1938 799 1971 Cum
820 1940 927 1971 Anto-

68 1989 124 2021 nio
147 2000 253 2031 agam,
275 1996 314 2022 ut
325 1996 463 2032 oportet,
485 1988 569 2036 πρὸς
579 1993 699 2037 Κρῆτα
715 1984 926 2036 Κρητίζων”.

68 2044 96 2076 Ι.
118 2044 156 2076 F.
179 2044 378 2077 Gronovius.
822 2041 827 2044 ⁶

111 2098 284 2139 Temptaba,
295 2099 428 2131 audeam
443 2105 504 2131 cet.
524 2101 635 2132 Verba
648 2107 800 2142 corrupta
815 2100 930 2132 Schut-

0 2143 18 2203 ἰ
69 2153 140 2185 zius
161 2153 209 2185 ita-
237 2155 381 2186 correxit
417 2153 553 2186 Tentabo
583 2157 618 2186 ut
645 2154 859 2195 persuadeam
887 2165 932 2186 me

19 2486 21 2489 ¹
74 2485 259 2517 properare.
303 2475 556 2516 Peerlkampins
599 2477 748 2507 volebat:

0 2217 16 2252 ιζ
69 2216 100 2238 n.
115 2217 150 2247 p.
172 2206 317 2240 Orellius
339 2208 402 2238 hoc
423 2209 537 2239 modo:
573 2208 718 2239 Tentabit
743 2210 801 2248 (sc.
826 2209 931 2239 Anto-

71 2260 176 2300 nius);
200 2260 328 2292 audiam
352 2262 399 2301 (oz
424 2261 586 2292 simulabo
609 2272 663 2293 me
686 2263 716 2294 ei
728 2272 823 2293 aures
841 2272 931 2303 prae—

15 2330 29 2355 *-
74 2312 180 2353 berc);
203 2331 245 2336 —
266 2313 394 2355 reliqua
417 2323 434 2344 e
457 2313 550 2344 libris
572 2314 653 2345 Mss.
676 2315 800 2346 Melius
823 2315 872 2346 Io.
893 2315 932 2346 F.

12 2373 25 2407 ζ,
72 2364 277 2398 Gronovius:
303 2366 439 2398 Tentabo
461 2367 571 2398 credat
594 2378 639 2399 me
661 2368 745 2399 nihil
758 2378 933 2409 properare

75 2430 109 2452 o:
133 2421 290 2452 inducam
313 2430 398 2458 eum,
422 2426 457 2452 ut
479 2431 536 2462 pro
561 2428 650 2452 certo
666 2422 787 2453 habeat
798 2432 851 2454 me
865 2433 932 2453 non

797 2476 933 2508 Tentabo

73 2531 150 2573 quid
171 2532 314 2564 audeam.

119 2585 210 2617 Certe
230 2586 305 2618 hinc
323 2604 365 2610 —
388 2585 525 2616 evolabo.
551 2585 642 2617 Certe
671 2590 859 2626 suspectum
877 2590 933 2624 est,

17 2649 23 2652 ·
75 2638 151 2679 quia
184 2638 312 2670 codices
339 2639 428 2676 dant,
457 2638 532 2676 cati,
565 2637 657 2669 carli.
695 2638 814 2669 Bosius
837 2639 935 2679 scrip·

76 2691 118 2723 sit
145 2691 257 2724 carn's.
312 2692 386 2732 Ego
423 2692 457 2723 in
491 2692 645 2733 epistola,
680 2702 764 2732 quae
801 2691 934 2724 Graecis

77 2744 247 2776 vocabulis
280 2745 436 2782 abundat,
472 2744 686 2775 verisimilius
722 2749 802 2785 puto
835 2745 934 2786 scrip-

78 2801 150 2828 tum
172 2795 272 2828 fuisse
294 2794 420 2841 κοὶρτα,
445 2804 546 2836 quam
570 2794 783 2825 notissimum
804 2795 885 2826 clam
901 2795 935 2826 in

22 2855 25 2858 “
78 2850 145 2882 illis
167 2851 322 2882 monstris
345 2851 458 2887 latere,
481 2855 519 2881 ut
540 2849 649 2880 visum
672 2849 841 2880 Schutzio.

104 2886 255 2945 ³Maynua
277 2903 366 2934 dolor
388 2903 520 2934 accessit
542 2908 603 2934 cet.
627 2912 660 2934 o:
684 2903 828 2934 Antonii
850 2903 936 2933 illud

78 2958 271 2988 mandatum
293 2956 559 2997 indignationem
581 2965 690 2987 meam
712 2956 826 2993 movit,
845 2960 877 2987 et
892 2955 936 2986 fa-

78 3008 173 3047 ciam,
203 3009 292 3050 quod
322 3018 374 3040 me
407 3008 549 3048 dignum
577 3008 628 3040 sit.
683 3008 736 3040 Ne
763 3008 936 3040 iactantius

79 3059 160 3093 haec
181 3062 221 3093 de
243 3070 278 3092 se
300 3061 462 3092 affirmare
479 3061 656 3098 videretur,
671 3061 840 3102 praemisit
852 3060 936 3092 miti-

81 3112 180 3153 gandi
216 3113 393 3145 formulam
429 3109 490 3146 σὺν
529 3112 602 3158 ,θεῷ
638 3125 692 3146 τοι
721 3110 830 3158 λέγω,
877 3122 936 3154 pro

81 3175 146 3206 qua
184 3166 282 3199 etiam
322 3168 492 3200 dicebatur
524 3163 585 3200 σὺν
632 3167 704 3212 ,θεῷ
745 3165 934 3212 εἰρήσεται,

975 1723 1034 1754 Dis
1056 1724 1132 1755 bene
1153 1724 1344 1756 iuvantibus.
1367 1725 1440 1756 Iam
1465 1725 1633 1756 Victorius
1649 1724 1835 1756 observavit

975 1777 1146 1817 sequentia
1167 1778 1253 1809 male
1282 1787 1301 1808 a
1333 1777 1466 1809 Graecis
1494 1778 1562 1809 illis
1591 1777 1746 1817 disiungi,
1777 1777 1834 1807 sed

977 1841 1044 1862 non
1067 1832 1266 1863 audiverunt
1288 1832 1439 1863 editores.

1020 1885 1038 1925 ξ
1060 1887 1089 1915 4.
1114 1885 1163 1915 De
1186 1884 1450 1916 Massiliensibus.
1489 1884 1537 1915 Hi
1565 1890 1674 1925 portas
1704 1882 1835 1915 Caesari

977 1939 1174 1970 clauserant.
1198 1937 1292 1970 Caes.
1315 1938 1355 1970 B.
1379 1937 1414 1969 C.
1438 1938 1465 1969 Ι.
1488 1939 1539 1969 34.
1563 1937 1603 1969 cf.
1627 1947 1676 1978 ep.
1702 1936 1750 1974 12,
1775 1936 1801 1967 6.

1024 1991 1162 2023 Ocellam
1197 2002 1337 2032 caperem
1367 2001 1499 2022 mecum
1528 1990 1658 2023 habere.
1688 1991 1752 2021 vid.
1787 1999 1835 2031 ep.

981 2046 1029 2083 13,
1053 2047 1071 2076 3
1095 2051 1127 2076 et
1151 2045 1199 2082 17,
1223 2046 1251 2076 3.
1276 2046 1370 2077 Idem
1388 2049 1588 2076 memoratur
1603 2044 1637 2074 in
1651 2044 1742 2084 epist.
1759 2042 1837 2074 Cae-

979 2099 1016 2130 lii
1040 2098 1132 2130 Fam.
1158 2099 1260 2129 VIII.
1284 2098 1312 2136 7,
1335 2099 1355 2129 2
1376 2104 1410 2130 et
1432 2098 1466 2129 in
1490 2097 1657 2129 Ciceronis
1680 2097 1789 2134 11.15,
1809 2099 1837 2127 5.

1023 2153 1124 2193 Roqor
1147 2154 1184 2184 ab
1207 2153 1274 2184 eius
1295 2163 1393 2184 utrore
1415 2155 1445 2183 et
1457 2152 1543 2194 filio.
1568 2152 1608 2183 cf.
1632 2153 1665 2183 h.
1689 2153 1709 2183 l.
1735 2153 1764 2189 9,
1787 2153 1817 2183 3.

1024 2208 1041 2247 ξ
1067 2209 1094 2237 5.
1119 2206 1184 2237 Hic
1211 2209 1316 2236 tamen
1349 2206 1530 2247 (ytheridffl
1562 2210 1621 2236 cet.
1666 2205 1762 2236 Hanc
1791 2205 1838 2236 M.

982 2259 1124 2290 Antonii
1149 2258 1387 2299 turpitudinem
1410 2258 1542 2289 notavit
1564 2267 1695 2298 quoque
1715 2258 1748 2288 in
1765 2257 1841 2287 Phi-

983 2312 1061 2353 lipp.
1099 2312 1146 2342 11.
1183 2312 1239 2342 58:
1284 2310 1458 2342 Vehebalur
1489 2310 1522 2341 in
1559 2310 1665 2341 essedo
1699 2309 1840 2340 tribunus

977 2364 1089 2404 plebis,
1132 2364 1259 2396 lictores
1288 2364 1429 2394 laureati
1473 2362 1715 2399 antecedebant,
1758 2362 1842 2392 inter

982 2427 1057 2459 quos
1092 2419 1204 2458 aperta
1243 2417 1356 2448 lectica
1390 2416 1480 2447 mima
1514 2416 1713 2457 portabatur,
1752 2425 1842 2456 quam

983 2481 1023 2502 ea:
1059 2470 1180 2512 oppidis
1213 2470 1417 2511 municipales
1453 2469 1591 2500 homines
1624 2469 1755 2506 honesti,
1794 2468 1841 2498 ob-

985 2525 1065 2555 viam
1094 2525 1271 2555 necessario
1299 2524 1502 2564 prodeuntem,
1533 2534 1594 2554 non
1624 2525 1697 2553 nolo
1726 2522 1782 2552 illo
1810 2523 1841 2552 et

984 2579 1103 2610 mimico
1151 2579 1282 2617 nomine,
1323 2578 1381 2609 sed
1428 2578 1620 2609 Volumniam
1664 2577 1841 2608 consaluta-

984 2633 1079 2669 bara,-
1101 2632 1286 2674 sequebatar
1308 2632 1407 2663 rheda
1430 2642 1496 2662 cum
1519 2630 1699 2665 lenonibus;
1717 2630 1842 2661 comites

984 2686 1181 2728 nequissimi;
1214 2686 1332 2717 reiecta
1368 2687 1467 2716 mater
1496 2685 1625 2716 amicam
1649 2683 1842 2724 impurifilii

985 2742 1133 2781 tanquam
1155 2750 1265 2770 narum
1286 2738 1482 2780 sequebatur.
1505 2737 1544 2769 cf.
1568 2737 1681 2778 ep.1(i,
1695 2738 1723 2768 5.
1746 2737 1841 2767 Aulo-

986 2793 1066 2832 nias,
1090 2793 1180 2824 cuius
1202 2793 1285 2824 inter
1307 2793 1433 2823 lictores
1454 2792 1567 2823 lectica
1583 2791 1671 2822 mima
1686 2792 1841 2832 por-latas.

1027 2847 1140 2877 Altera
1165 2856 1289 2877 zea-orem
1326 2844 1469 2876 Medicei
1490 2845 1575 2875 hanc
1587 2844 1780 2884 scripturam
1796 2852 1840 2872 re-

987 2899 1112 2930 vocavi.
1156 2898 1287 2929 Acerbe
1310 2901 1442 2928 nota-tur
1463 2896 1605 2927 Antonii
1629 2894 1840 2936 impudentia,

987 2954 1043 2994 qui
1072 2954 1106 2985 in
1140 2954 1256 2985 eodem
1283 2952 1441 2983 comitatu
1470 2960 1580 2983 secum
1603 2950 1740 2981 ducebat
1762 2958 1841 2980 uxo-

986 3016 1056 3038 rem
1077 3006 1233 3038 Fulviam
1252 3011 1285 3037 et
1306 3005 1459 3046 pellicem
1470 3004 1614 3035 mimam.
1638 3003 1778 3032 Alteram
1794 3001 1841 3032 ni-

986 3061 1034 3092 hil
1058 3070 1129 3093 csse
1151 3061 1215 3092 nisi
1239 3060 1331 3092 Bosii
1352 3059 1572 3099 suspicionem
1595 3057 1721 3088 codices
1737 3061 1841 3088 osten-

986 3114 1079 3145 dunt.

1029 3165 1148 3206 Septem
1170 3166 1339 3205 praeterea
1367 3181 1409 3187 —
1431 3163 1610 3196 amicorum.
1639 3160 1729 3194 Olim
1751 3161 1842 3200 lege·

1850 970 1884 996 10

1855 1342 1882 1367 15
