2062 3565
11 147 22 157 *
4 0 41 127 <td-,sl

678 159 784 200 LIB.
820 160 894 201 XI.
932 161 1014 202 ΕΡ.
1053 165 1215 203 9-11.
1748 172 1826 210 143

0 319 29 348 :¹
66 291 264 335 Africanis
297 290 416 334 rebus
450 291 566 347 longe
598 292 677 334 alia
708 293 839 343 nobis,
875 310 920 336 ac
954 301 999 336 tu
1033 297 1260 352 scripseras,
1297 299 1550 342 nuntiantur.
1585 302 1700 343 Nihil
1720 305 1825 345 enini

0 364 10 370 ⁴
62 365 215 408 firmius
254 381 339 408 esse
384 365 538 417 dicunt,
583 366 685 408 nihil
720 368 912 422 paratius.
964 370 1134 411 Accedit
1177 371 1374 426 Hispania
1417 379 1458 413 ‹t
1490 373 1662 417 alienata
1697 376 1827 426 italia,

0 462 34 886 Ξ

0 887 21 1438 Ξ

0 1463 13 1717 Ξ

0 1709 10 1889 3

0 1963 7 2105 5

0 2220 10 2443 rv„q-.w,v-*
0 2160 4 2199 .<.

3 426 266 495 zilegionum
309 453 384 480 nec
424 439 484 480 vis
527 439 666 480 eadem
710 455 783 481 nec
830 441 1028 493 voluntas,
1065 443 1238 485 urbanae
1273 459 1334 485 res
1368 445 1559 500 perditae.
1609 448 1718 500 Quid
1753 457 1827 499 est,

60 511 132 554 ubi
176 512 440 567 acquiescam,
486 513 565 554 nisi
608 529 726 568 quam
771 514 842 556 diu
875 521 966 557 tuas
999 516 1135 558 literas
1182 517 1299 572 lego?
1349 534 1451 575 quae
1485 527 1618 562 essent
1652 523 1849 577 profecto

60 577 290 636 crebriores,
335 586 368 626 si
409 586 506 641 quid
557 586 736 638 haberes,
781 603 860 643 quo
906 596 1064 645 putares
1105 606 1233 632 meam
1278 592 1500 635 molestiam
1534 595 1663 637 minui
1700 612 1826 651 posse.
1868 620 1880 641 .-.

59 648 166 699 Sed'
168 661 304 699 tamen
336 663 376 700 te
409 674 519 714 rogo,
554 674 603 700 ne
637 660 882 702 intermittas
915 662 1087 704 scribere
1122 663 1171 704 ad
1206 679 1282 714 me,
1317 664 1517 720 quidquid
1551 667 1640 718 erit,
1665 684 1826 724 eosque,

57 729 127 786 qui
161 729 259 771 mihi
291 735 374 773 tam
407 732 622 774 crudeliter
656 732 810 774 inimici
844 742 953 785 sunt,
989 737 1021 777 si
1055 735 1186 777 odisse
1220 751 1300 778 non
1336 743 1462 792 potes,
1487 754 1650 782 accuses
1674 749 1824 791 tamen,

58 818 139 845 non
179 808 227 845 ut
270 803 423 859 aliquid
467 806 663 860 proficias,
697 805 765 846 sed
803 813 846 848 ut
878 807 955 849 tibi
990 824 1051 849 me
1085 824 1221 850 carum
1255 824 1340 851 esse
1376 812 1566 853 sentiant.
1621 814 1741 856 Plura
1775 815 1823 856 ad

56 883 96 918 te
130 876 315 929 scribam,
349 880 385 921 si
415 879 517 921 mihi
551 879 600 920 ad
633 894 699 920 eas
733 879 882 931 literas,
918 897 1016 935 quas
1052 883 1228 937 proxime
1263 883 1311 924 ad
1346 889 1385 924 te
1421 884 1528 930 dedi.
1564 889 1825 943 rescripseris.

57 951 157 993 Vale
191 965 274 994 xn.
308 952 402 994 Kal.
437 952 554 994 Febr.
1851 975 1883 1001 10

55 1107 195 1149 excepit.
228 1107 270 1139 cf.
304 1107 398 1140 Caes.
432 1109 472 1140 B.
507 1109 545 1142 C.
578 1111 603 1141 Ι.
638 1111 680 1144 74
709 1111 769 1141 alii
791 1120 864 1142 suos
884 1110 917 1141 in
940 1119 942 1155 ᾗ
964 1114 1221 1155 perturbaverat.
1247 1115 1323 1147 Vid.
1356 1116 1440 1148 liber
1461 1118 1501 1149 de
1527 1118 1613 1149 bello
1635 1120 1822 1152 Alexandr.

56 1161 164 1191 castra
195 1160 356 1192 invitandi
387 1171 484 1192 causa
516 1162 689 1201 adducunt,
711 1164 772 1194 alii
793 1163 832 1194 ab
853 1163 920 1194 suis
964 1177 992 1198 c.
1016 1168 1152 1198 48—64.

54 1215 262 1249 abducuntur.
942 1247 943 1268 5
1006 1219 1047 1251 Et
1080 1220 1225 1252 alienata
1264 1221 1375 1253 Italia.
1408 1223 1551 1255 Antonii
1584 1225 1680 1266 culpa
1711 1244 1750 1249 ψ
1780 1226 1824 1258 cf.

98 1270 117 1310 ξ
139 1270 169 1301 2.
190 1270 325 1301 Accedit
347 1269 519 1312 Hispania.
549 1272 602 1303 Ibi
624 1279 695 1304 tum
720 1273 761 1311 Q.
785 1272 920 1305 Cassius
942 1291 943 1298 .
966 1274 1054 1306 Phil.
1078 1275 1125 1306 ΙΙ.
1147 1285 1174 1306 e.
1198 1276 1236 1306 25
1263 1295 1301 1299 —
1326 1281 1357 1306 et
1380 1275 1572 1309 Dolabellae
1585 1278 1752 1320 factiscp.
1777 1280 1824 1316 12,

56 1323 232 1365 Longinus
253 1335 313 1366 pro
334 1330 483 1366 praetore
505 1337 525 1357 a
546 1326 687 1358 Caesare
701 1328 837 1359 relictus
853 1328 922 1359 ani-
943 1335 944 1338 ’
968 1328 987 1357 4
1009 1333 1041 1358 et
1064 1328 1113 1365 23,
1137 1330 1166 1358 3.
1515 1320 1542 1375 Q

55 1386 127 1408 mos
149 1377 377 1418 Hispanorum
398 1389 417 1410 a
439 1389 474 1410 se
496 1379 698 1412 alienaverat
707 1390 826 1422 resque
839 1381 922 1412 mire

675 1488 753 1529 XI.
819 1489 886 1540 (A.
928 1487 973 1528 [s.
1012 1488 1054 1527 C.
1094 1487 1212 1540 707.)

121 1602 161 1642 1.
212 1600 430 1644 Confectus
474 1602 554 1644 iam
597 1603 780 1644 cruciatu
825 1603 1091 1644 maximorum
1135 1601 1332 1654 dolorum,
1376 1618 1425 1644 ne
1476 1604 1509 1645 si
1554 1604 1607 1645 sit
1649 1604 1825 1659 quidem,

57 1665 165 1729 quod
211 1673 262 1716 ad
300 1680 341 1717 te
374 1675 541 1718 debeam
585 1675 772 1728 scribere,
806 1676 922 1718 facile
955 1675 998 1717 id
1031 1676 1196 1731 exsequi
1229 1676 1392 1731 possim,
1428 1676 1502 1718 hoc
1536 1678 1685 1729 minus,
1719 1678 1826 1733 quod

57 1761 119 1788 105
151 1747 264 1789 nulla
307 1753 382 1800 est,
425 1764 527 1804 quae
562 1748 773 1791 scribenda
817 1750 884 1800 sit,
918 1763 1043 1804 quum
1076 1749 1308 1804 praesertim
1342 1764 1391 1790 ne
1426 1765 1515 1805 spes
1549 1749 1710 1805 quidem
1746 1751 1828 1792 ulla.

59 1820 294 1864 ostendatur
335 1822 417 1864 fore
447 1823 608 1865 melius.
668 1825 733 1865 Ita
764 1824 847 1865 iam
879 1839 930 1865 ne
962 1827 1054 1864 tuas
1087 1822 1249 1877 quidem
1282 1822 1419 1864 literas
1451 1832 1653 1879 exspecto,
1688 1838 1826 1879 quam·
1868 1844 1882 1868 5

59 1910 178 1950 quam
222 1910 376 1951 semper
421 1895 575 1952 aliquid
624 1897 810 1948 afferunt,
855 1896 963 1950 quod
1004 1895 1138 1936 velim.
1193 1894 1330 1941 Quare
1368 1901 1415 1937 tu
1450 1895 1613 1951 quidem
1647 1895 1827 1945 scribito,

59 1983 181 2024 quum
232 1969 309 2010 erit
349 1970 415 2010 cui
460 1969 553 2011 des:
601 1985 675 2025 ego
707 1970 791 2012 tuis
839 1969 1046 2026 proximis,
1081 1983 1180 2024 quas
1212 1973 1347 2009 tamen
1378 1968 1459 2009 iam
1491 1968 1647 2024 pridem
1680 1970 1829 2024 accepi,

58 2040 162 2083 nihil
195 2041 325 2084 habeo
373 2042 480 2098 quod
514 2042 746 2084 rescribam.
792 2042 933 2098 Longo
966 2042 1075 2083 enim
1107 2041 1318 2083 intervallo
1350 2041 1467 2083 video
1499 2043 1711 2083 immutata
1745 2058 1829 2083 esse

60 2116 195 2157 omnia
208 2134 218 2167 ;
269 2116 339 2158 illa
382 2132 466 2158 esse
513 2118 624 2158 firma
672 2132 773 2172 quae
817 2115 1005 2166 debeant,
1051 2130 1125 2156 nos
1158 2115 1354 2156 stultitiae
1387 2119 1545 2156 nostrae
1577 2115 1831 2169 gravissimas

40 2186 208 2244 'poenas
251 2189 438 2245 pendere.
486 2193 526 2231 2.
577 2190 625 2231 P.
671 2189 848 2232 Salustio
896 2187 1074 2230 curanda
1119 2192 1216 2229 sunt
1248 2187 1334 2229 HS.
1369 2193 1473 2237 ᾗῇ,
1507 2202 1609 2243 quae
1643 2188 1774 2242 accepi
1810 2199 1888 2228 alo

62 2261 138 2304 Cn.
183 2262 373 2304 Salustio.
419 2263 553 2304 Velim
597 2262 733 2305 videas
778 2267 824 2304 ut
857 2263 943 2304 sine
975 2276 1086 2302 mora
1121 2265 1326 2302 curentur.
1360 2259 1421 2301 De
1454 2275 1501 2302 ea
1532 2276 1574 2302 10
1607 2262 1746 2318 scripsi
1781 2261 1830 2302 ad

61 2335 306 2378 Terentiam.
343 2338 476 2391 Atque
510 2336 586 2377 hoc
617 2336 751 2391 ipsum
784 2336 863 2377 iam
897 2349 1020 2391 prope
1055 2338 1340 2389 consumptum
1374 2338 1448 2374 est.
1493 2333 1626 2385 Quare
1659 2334 1701 2374 id
1736 2350 1831 2388 quo·

65 2423 143 2463 que
174 2408 294 2450 velim
328 2424 421 2450 cum
452 2409 523 2450 illa
554 2408 706 2464 videas,
739 2413 787 2449 ut
820 2407 873 2449 sit
905 2407 975 2462 qui
1008 2411 1185 2448 utamur.
1222 2406 1301 2447 Hic
1319 2405 1486 2447 fortasse
1504 2412 1642 2461 potero
1664 2422 1832 2458 sumere,

66 2481 100 2523 si
133 2482 256 2524 sciam
289 2482 382 2524 istic
414 2487 600 2537 paratum
633 2481 730 2523 fore.
766 2481 845 2523 Sed
877 2481 989 2536 prius
1023 2495 1142 2535 quam
1189 2479 1231 2520 id
1266 2479 1423 2530 scirem,
1457 2478 1559 2520 nihil
1592 2495 1678 2521 sum
1712 2495 1833 2521 ausus

65 2569 235 2597 sumere.
268 2555 352 2608 Qui
384 2555 438 2597 sit
470 2555 650 2596 omnium
683 2569 816 2596 rerum
849 2558 978 2594 status
1012 2557 1146 2594 noster
1180 2551 1304 2593 vides.
1339 2550 1456 2592 Nihil
1489 2558 1550 2592 est
1583 2552 1691 2601 mali,
1727 2551 1831 2605 quod
1853 2565 1885 2590 15

110 2708 149 2740 10
171 2715 204 2741 et
227 2710 265 2741 11
289 2707 445 2742 Sallustio
467 2729 508 2734 -—

108 2850 128 2891 ξ
151 2850 179 2881 1.
202 2849 307 2892 Lonqo
333 2849 506 2881 intervallo
535 2849 626 2880 video
655 2859 686 2880 οε
721 2850 854 2881 tandem
870 2850 927 2882 ali·
948 2853 950 2883 ἱ
972 2858 1008 2885 ut
1036 2853 1151 2885 scribit
1180 2853 1259 2885 XV.
1292 2854 1340 2891 15,
1364 2856 1393 2884 4.
1415 2853 1456 2885 cf.
1482 2852 1582 2885 XIII.
1605 2854 1654 2891 23,
1678 2856 1696 2884 :3
1719 2853 1832 2883 habere

63 2902 196 2943 quando
218 2902 324 2940 video,
346 2903 436 2944 quod
457 2906 532 2933 ante
554 2911 621 2932 non
644 2902 801 2933 videram.
948 2908 949 2916 ¹
971 2905 1025 2947 qm*
1056 2908 1132 2936 utar
1163 2907 1276 2937 laetor.
1307 2906 1383 2938 Ter.
1412 2907 1478 2937 Ad.
1510 2906 1551 2936 V.
1582 2907 1610 2943 9,
1635 2907 1675 2937 24
1696 2906 1829 2936 dederis.

105 2953 172 2985 Illa
195 2963 264 2986 esse
273 2955 383 2996 firma,
405 2964 485 2996 quae
505 2953 639 2985 debeant
660 2963 694 2985 a:
708 2953 925 2996 Pompeiano·
946 2965 949 2997 1
970 2960 1054 2993 unde
1077 2964 1197 2993 utatur,
1222 2962 1279 2992 ubi
1301 2961 1341 2992 cf,
1365 2961 1525 2992 Donatus,

65 3016 140 3039 rum
162 3017 214 3040 res
235 3008 270 3039 in
292 3006 409 3039 Africa
430 3012 463 3038 et
483 3007 648 3048 Hispania
667 3007 821 3039 meliores
843 3016 923 3040 esse.
946 3004 948 3048 Ξ
1012 3012 1137 3045 Sumere
1159 3024 1191 3045 o:
1216 3023 1384 3045 versuram
1406 3012 1521 3050 facere,
1544 3019 1580 3044 ut
1602 3011 1704 3043 XIII,
1727 3013 1755 3048 6,
1779 3012 1808 3042 2.

109 3062 128 3102 ξ
150 3061 180 3093 2.
201 3061 275 3094 Hoc
295 3063 396 3103 ipeum
417 3071 451 3093 o:
476 3061 535 3093 illa
554 3060 625 3093 HS.
648 3061 766 3093 XXX.
1015 3066 1079 3103 Qui
1099 3066 1142 3097 eit
1166 3065 1298 3098 omnium
1321 3075 1425 3097 rerum
1445 3067 1550 3096 status
1572 3066 1686 3096 noster.
1715 3063 1831 3096 Obser-

110 3114 149 3146 Ut
171 3115 214 3146 eit
235 3115 288 3157 qui
308 3117 434 3147 utamur
457 3125 491 3147 o:
515 3120 551 3146 ut
571 3115 615 3146 sit
635 3115 728 3147 cuins
750 3125 846 3146 usum
868 3124 920 3146 ca·
969 3123 1064 3151 vetur
1091 3120 1260 3160 genitivus
1293 3119 1485 3156 obiectivus‚
1515 3128 1573 3160 pro
1595 3127 1660 3158 quo
1681 3116 1714 3148 in
1736 3116 1829 3148 omni-

66 3168 205 3209 piamus,
234 3170 322 3200 unde
350 3170 512 3206 vivamus,
542 3174 579 3199 ut
606 3169 648 3200 sit
676 3161 710 3200 iii
743 3174 921 3209 sumptum,
968 3171 1024 3203 bns
1046 3172 1136 3203 rebvs
1157 3177 1337 3212 exspectes.
1360 3170 1522 3202 Similiter
1544 3170 1576 3200 in
1601 3169 1670 3200 Cat.
1701 3169 1775 3205 mai,
1799 3171 1827 3200 4.
