2062 3565
662 158 769 200 LIB.
803 160 856 201 X.
892 160 976 202 ΕΡ.
1016 163 1085 203 17.
1126 166 1194 205 ls.

52 308 188 338 omnes
231 292 335 334 enim
391 292 674 352 Κωρυκαῐοι
724 294 909 337 videntur
958 297 1277 349 subauscultare,
1329 316 1430 356 quae
1480 301 1633 358 loquor.
1680 306 1719 343 2.

1737 169 1815 209 121

1761 304 1818 343 'l'u

51 373 199 418 tamen,
243 366 277 407 si
319 365 416 420 quid
450 366 499 408 de
544 368 753 423 Hispaniis
787 369 870 410 sive
904 370 1002 425 quid
1036 371 1160 422 aliud,
1196 388 1313 428 perge
1348 389 1495 429 quaeso
1528 375 1713 425 scribere,
1750 392 1820 417 uve

52 455 158 484 meas
189 439 325 482 literas
357 440 614 496 exspectaris,
654 441 733 482 nisi
781 457 919 496 quum,
954 459 1033 498 quo
1067 450 1176 500 opto,
1211 448 1522 502 pervenerimus,
1554 455 1625 491 aut
1657 450 1688 490 si
1723 449 1819 504 quid

53 529 101 556 ex
132 527 269 564 cursu;
304 512 373 554 sed
407 512 481 554 hoc
516 528 675 568 quoque
707 514 848 556 timide
884 515 1038 568 scrib0;
1074 518 1131 559 ita
1165 520 1299 561 omnia
1321 520 1436 562 tarda
1459 521 1591 564 adhuc
1616 528 1657 563 et
1679 522 1819 578 spissa.

28 586 112 634 ,Ut
144 586 281 644 [male]
317 586 526 642 posuimus
558 586 690 637 initia,
725 588 782 628 sic
816 593 947 630 cetera
981 597 1219 645 sequuntur.
1258 593 1436 635 Formias
1459 610 1568 637 nunc
1591 595 1818 650 sequimur:
1860 610 1873 633 ε,

26 646 187 702 :eadein
222 674 296 700 nos
329 658 496 700 fortasse
531 659 656 700 furiae
703 666 1007 716 persequentur.
1061 664 1121 705 Ex
1157 664 1273 706 Balbi
1307 676 1440 708 autem
1475 682 1668 717 sermone,
1704 682 1818 721 quein

14 724 37 797 ,ὲ
54 737 184 774 tecum
229 730 386 782 habuit,
432 747 514 773 non
556 731 772 787 probamus
817 733 865 774 de
910 734 1066 776 Melita.
1123 737 1296 780 Dubitas
1344 740 1482 794 igitur,
1528 742 1625 796 quin
1676 756 1747 782 uos
1780 742 1821 782 in

54 804 230 848 hostium
263 820 430 847 numero
463 803 639 846 habeat?
689 806 838 862 Scripsi
871 807 1057 862 equidem
1094 810 1220 852 Balbo
1253 817 1292 853 te
1326 812 1374 854 ad
1409 829 1470 855 me
1504 814 1553 856 de
1587 813 1822 855 benevolen-

4 868 32 919 212⁸
54 879 112 922 tia
155 878 360 935 scripsisse
400 886 442 920 et
480 878 529 920 de
573 878 814 934 suspicione.
862 881 940 935 Egi
972 883 1122 937 gratias
1156 883 1204 925 de
1238 885 1384 938 altero,
1422 887 1484 940 (de
1518 886 1656 941 altero)
1690 887 1724 927 ei
1761 901 1822 927 me

7 967 29 1012 ’ᾗ
54 952 235 1009 purgavi.
287 954 328 994 3.
373 953 554 1008 Ecquem
599 957 645 993 tu
677 951 881 994 hominem
914 954 1203 998 infeliciorem?
1236 958 1331 999 Non
1355 944 1506 1015 'loquor
1539 960 1666 1016 plura,
1701 976 1749 1002 ne
1782 968 1821 1002 te

6 1015 25 1087 ’.ἶ
55 1040 211 1081 quoque
256 1025 495 1067 excruciem.
545 1025 637 1080 Ipse
671 1026 858 1068 conficior
893 1028 1048 1070 venisse
1082 1035 1255 1086 tempus,
1290 1047 1413 1087 quum
1448 1033 1527 1075 iam
1562 1049 1634 1075 nec
1667 1034 1822 1075 fortiter

14 1142 17 1147 .
54 1114 127 1142 nec
159 1099 380 1155 prudenter
414 1098 636 1154 quidquam
669 1099 797 1142 facere
832 1101 995 1156 possim.

24 1459 26 1462 y
52 1424 152 1456 verba
173 1424 261 1456 homo
283 1443 323 1448 —
345 1424 538 1466 depravatus
560 1428 607 1457 est
628 1425 748 1458 rectius
770 1426 842 1458 sine
865 1435 916 1457 co-

53 1476 131 1518 pula
151 1477 290 1518 adiungi
310 1478 537 1520 superioribus
559 1479 725 1510 videntur.

91 1530 299 1575 Κωρυκαῖοι.
331 1529 501 1570 Corycaei‚
517 1530 845 1572 quipromontorium
865 1530 916 1562 Ci-

21 1611 29 1617 .
54 1585 150 1617 liciae
183 1584 349 1627 Corycum
376 1585 582 1624 habitabant,
623 1586 738 1627 piratis
766 1586 917 1617 finitimis

54 1639 140 1671 clam
162 1640 362 1678 indicabant,
385 1640 523 1682 quinam
548 1646 747 1672 mercatores
770 1640 852 1671 illuc
864 1649 920 1672 ve·

55 1692 191 1731 nissent,
213 1693 296 1735 quid
324 1693 496 1732 veherent,
526 1703 593 1735 quo
624 1704 758 1725 cursum
787 1695 915 1725 darent.

55 1746 96 1779 cf.
116 1747 240 1779 Zenob.
264 1746 361 1779 Cent.
384 1747 447 1778 IV.
471 1747 509 1780 75
534 1747 645 1788 ibique
670 1747 918 1779 Schneidewini

54 1800 164 1832 adnot.
187 1806 220 1832 et
241 1801 285 1832 A.
308 1799 346 1832 G.
371 1800 675 1832 Winckelmannus
698 1801 732 1832 in
746 1802 823 1832 Act.
840 1799 915 1832 Soc.

54 1851 110 1885 Gr.
133 1854 181 1886 Π.
202 1864 224 1895 p
260 1853 290 1885 6.
311 1854 403 1885 Hinc
425 1863 465 1886 eo
487 1854 623 1886 nomine
657 1855 818 1896 appellari
848 1864 919 1886 coe-

21 1919 25 1921 ·
54 1913 174 1949 perant
194 1907 307 1940 callidi
321 1907 485 1945 homines,
504 1907 563 1948 qui
579 1908 764 1939 delatorum
781 1918 918 1940 munere

0 1953 7 1966 ³
54 1959 248 2002 funguntur.

0 2018 18 2059 ξ
97 2016 116 2056 §
138 2016 168 2047 2.
193 2015 247 2046 lta
270 2016 373 2047 omnia
396 2015 492 2046 tarda
516 2016 620 2047 adhuc
640 2019 671 2047 et
686 2016 790 2057 spissa
822 2016 918 2048 Bosii

0 2064 6 2076 '
55 2069 204 2110 argutiae
215 2079 283 2101 non
299 2069 442 2111 placent.
464 2069 502 2101 Si
519 2070 555 2101 in
569 2070 641 2101 cod.
660 2070 695 2101 Ζ.
709 2076 777 2100 erat
790 2069 917 2108 ONIA,

0 2068 25 2184 {J
56 2127 126 2153 erat
161 2122 328 2154 scribendi
363 2123 599 2163 compendium
634 2132 693 2163 pro
729 2122 844 2153 omnia.
879 2141 919 2145 —

55 2174 163 2217 Spina
185 2175 341 2207 dicuntur
362 2175 462 2213 lenta,
486 2175 625 2213 tenacia,
649 2176 683 2206 in
707 2175 829 2217 quibus
845 2175 919 2206 hae-

55 2238 136 2268 reas,
159 2230 247 2261 unde
269 2239 339 2260 non
363 2229 436 2261 sine
458 2229 572 2260 labore
604 2235 636 2261 te
666 2229 832 2270 expedias.
876 2229 918 2260 cf.

17 2286 22 2293 “
54 2281 202 2314 Ellendt.
225 2282 267 2313 ad
296 2282 392 2314 Brut.
423 2281 495 2313 138.
525 2280 644 2313 Ortum
668 2282 799 2313 videtur
821 2291 838 2313 e
860 2280 917 2313 Gr.

26 2329 30 2334 ’
55 2331 214 2376 anteve-a,
245 2335 336 2376 quod
369 2335 457 2376 apud
489 2333 699 2374 Hesychium
734 2334 921 2374 explicatur

54 2386 196 2432 πυκνὸν,
226 2386 382 2436 συνεχὲς,
413 2386 583 2433 πεπηγός.

101 2445 140 2477 Ut
163 2446 282 2488 [male]
298 2445 462 2488 posuimus
483 2445 590 2483 initia,
611 2445 775 2476 sicaetera
791 2455 922 2488 sequun-

55 2502 118 2533 tur.
141 2501 230 2534 M'ale
241 2511 312 2534 esse
329 2501 520 2542 glossatoris
531 2501 693 2532 Ernestus
709 2501 803 2532 vidit.
825 2502 922 2534 Prae·

54 2562 131 2586 aens
151 2556 325 2598 sequuntur
347 2554 382 2585 in
405 2554 496 2585 Med.
518 2563 587 2584 non
608 2553 721 2584 minus
736 2559 850 2594 aptum
862 2560 922 2592 est,

54 2606 155 2648 qu‘am
176 2606 337 2644 futurum,
361 2607 451 2648 quod
480 2606 622 2637 editores
654 2610 847 2646 posuerunt.
879 2606 920 2638 cf.

0 3293 19 3425 ’πυτ-1

94 1264 113 1294 5
140 1261 179 1293 Ut
200 1263 284 1294 male
299 1262 464 1304 posuimus
484 1264 592 1303 initia,
614 1265 661 1296 sie
683 1267 790 1296 cetera
812 1268 981 1307 sequentur
1004 1286 1044 1291 —
1066 1269 1086 1299 9
1109 1268 1167 1310 Eqi
1186 1270 1321 1310 qratias.
1344 1270 1392 1302 De
1415 1271 1519 1302 altero
1540 1271 1570 1302 ei
1594 1289 1635 1295 -

1516 1320 1543 1374 ἱ

943 1427 1044 1468 4Τιιει.
1074 1428 1190 1470 Agr-ie.
1222 1429 1261 1460 18
1294 1439 1354 1460 non
1388 1429 1520 1470 iqnarus
1541 1447 1582 1451 —
1599 1431 1694 1469 prout
1717 1428 1822 1470 prima.

966 1481 1144 1519 cessissent,
1178 1485 1327 1513 terrorem
1358 1482 1471 1513 ceteris
1492 1483 1581 1523 sore,
1611 1482 1668 1513 ubi
1697 1482 1823 1514 conieci

966 1535 1103 1566 tenorem
1127 1536 1240 1567 ceteris
1251 1536 1339 1577 fore.

1009 1587 1151 1619 Formias
1161 1598 1243 1619 nunc
1253 1588 1418 1630 sequimur.
1433 1588 1612 1629 Perperam
1619 1588 1822 1625 sollicitatur,

969 1641 1058 1681 quod
1080 1642 1234 1672 omnium
1250 1641 1410 1683 librorum
1423 1641 1489 1673 fide
1502 1640 1688 1673 defenditur
1699 1646 1733 1673 et
1746 1651 1822 1672 con—

942 1716 944 1722 .
966 1693 1118 1725 firmatur
1141 1694 1330 1725 testimonio
1352 1693 1467 1732 Caelii,
1489 1693 1584 1725 Fam.
1608 1693 1707 1725 vul.
1723 1693 1772 1731 17,
1788 1693 1823 1725 l:

967 1746 1050 1788 Eryo
1083 1759 1130 1779 me
1145 1748 1252 1788 potius
1276 1748 1308 1779 in
1331 1748 1490 1789 Hispania
1504 1748 1612 1789 fuisse
1640 1750 1702 1778 tum
1734 1759 1824 1790 quam

969 1799 1113 1838 Formiis,
1136 1811 1226 1842 quam
1248 1805 1282 1832 lu
1300 1801 1464 1842 profectus
1487 1810 1520 1831 es
1550 1800 1594 1831 ad
1624 1800 1821 1840 Pompeium!

966 1851 1130 1894 Sequimur
1153 1859 1202 1885 est
1216 1854 1363 1895 petimus,
1386 1859 1425 1884 ut
1436 1852 1502 1884 HJ.
1527 1852 1576 1890 16,
1606 1852 1746 1894 Cyzicum
1768 1855 1824 1882 aad

967 1905 1060 1936 aliud
1078 1905 1156 1947 quid
1174 1906 1339 1948 sequimur.
1375 1905 1416 1937 cf.
1437 1904 1599 1937 Graevius
1622 1906 1663 1936 ad
1684 1905 1717 1936 h.
1740 1906 1760 1936 l.
1794 1912 1826 1936 et

966 1959 1082 1991 Burm.
1107 1961 1147 1991 ad
1171 1960 1273 2000 Verg.
1295 1961 1383 1991 Aen.
1406 1960 1470 1990 IV.
1496 1959 1568 1991 2-261.
1601 1958 1730 1989 Italiam
1762 1969 1823 1990 non

965 2014 1075 2051 sponte
1095 2021 1216 2054 sequor.

1010 2065 1078 2096 Non
1099 2065 1265 2105 probamus
1297 2065 1336 2096 de
1365 2064 1484 2095 Melita
1517 2075 1549 2095 o:
1590 2064 1722 2096 Caesari
1758 2074 1824 2095 non

970 2119 1087 2160 placet,
1111 2120 1200 2160 quod
1222 2119 1358 2151 Melitae
1381 2128 1451 2150 esse
1474 2119 1560 2156 volo,
1583 2118 1671 2158 quod
1685 2118 1824 2158 suspica-

971 2182 1025 2205 tur
1046 2183 1100 2206 me
1121 2175 1198 2206 inde
1221 2175 1262 2205 ad
1284 2174 1480 2215 Pompeium
1509 2173 1708 2205 contendere
1729 2173 1824 2204 velle.

1009 2228 1058 2259 De
1081 2229 1184 2259 altero
1208 2228 1256 2259 bis
1278 2228 1470 2269 ponendum
1502 2227 1641 2258 videtur.
1674 2225 1734 2267 1591·
1752 2238 1824 2268 qra-

968 2281 1033 2312 tias
1064 2281 1103 2313 de
1135 2281 1237 2311 altero
1269 2290 1302 2311 o:
1340 2281 1380 2312 de
1409 2281 1480 2312 eius
1514 2280 1549 2311 in
1582 2288 1635 2310 me
1668 2280 1826 2311 benevolo

969 2334 1098 2371 animo3
1121 2333 1161 2364 de
1185 2334 1290 2364 altero
1312 2332 1341 2363 ei
1363 2343 1410 2363 me
1426 2333 1563 2374 purqavi
1583 2341 1616 2362 o:
1641 2333 1730 2374 quod
1752 2333 1824 2362 atti-

970 2395 1026 2421 net
1049 2390 1091 2420 ad
1112 2389 1344 2430 suspicionem,
1367 2388 1475 2420 Balbo
1497 2397 1550 2419 me
1571 2388 1722 2429 purgavi.

1012 2445 1031 2485 ξ
1056 2444 1084 2475 3.
1108 2443 1180 2484 lpse
1195 2443 1342 2484 conficior
1356 2442 1478 2473 venie-se
1491 2444 1609 2483 tempu-5
1620 2452 1652 2472 o:
1670 2451 1826 2472 aerumna

970 2505 1003 2530 et
1025 2499 1140 2530 dolore
1161 2498 1337 2539 opprimor,
1360 2507 1463 2537 quum
1487 2496 1583 2527 video
1616 2502 1742 2536 tempus
1772 2504 1823 2526 ve-

969 2552 1058 2583 nisse
1079 2557 1140 2582 cet.

1843 975 1874 1001 [1)
