2062 3565
738 168 844 211 LIB.
881 169 978 212 XII.
1014 169 1098 212 ΕΡ.
1137 171 1206 211 17.
1246 172 1314 211 la.
1832 173 1909 211 181

148 306 221 348 tim
265 304 432 346 Romam
477 305 679 362 profectus
723 310 798 347 est.
835 308 876 348 2.
911 305 1150 362 Epistolam,
1184 321 1303 362 quam
1338 306 1387 348 ad
1423 307 1610 357 Brutum,
1646 311 1692 348 ut
1724 306 1800 348 tibi
1834 308 1916 363 pla-

147 382 296 430 cuerat,
340 378 495 435 scripsi,
540 379 632 421 misi
676 379 725 421 ad
770 384 824 421 tc.
874 377 1045 421 Curabis
1079 395 1169 422 cum
1203 385 1276 422 tua
1308 380 1600 437 perferendam.
1651 380 1751 422 Eius
1783 387 1916 423 tamen

146 452 236 495 misi
280 451 330 494 ad
374 457 414 494 te
462 453 704 509 exemplum,
738 458 798 504 ut,
833 453 867 495 si
904 454 1036 495 minus
1069 453 1258 510 placeret,
1294 469 1343 496 ne
1377 454 1570 496 mitteres.
1607 455 1648 496 3,
1683 455 1915 497 Domestica

146 526 253 583 quod
286 526 344 568 ais
367 525 506 568 ordine
529 525 816 577 administrari,
842 526 992 568 scribes
1031 542 1132 582 quae
1156 527 1239 569 sint
1262 543 1321 570 ea.
1356 527 1565 581 Quaedam
1583 528 1688 570 enim
1715 536 1915 586 exspecto.

144 599 338 642 Cocceius
381 598 472 641 vide
506 614 556 641 ne
590 599 818 641 frustretur.
867 600 975 642 Nam
1008 600 1112 642 Libo
1146 601 1252 657 quod
1286 601 1513 657 pollicetur,
1547 607 1594 644 ut
1627 603 1728 644 Eros
1762 603 1916 655 scribit,
1959 614 1974 639 ⁶

144 688 224 715 non
269 673 468 715 incertum
515 676 628 728 puto.
674 672 734 714 De
779 677 884 714 sorte
930 688 1016 715 mea
1059 674 1239 731 Sulpicio
1279 674 1436 717 confido
1469 680 1510 717 et
1542 676 1716 731 Egnatio
1750 677 1917 719 scilicet.

144 747 204 789 De
239 746 455 804 Appuleio,
491 745 588 801 quid
622 750 697 797 est,
732 746 840 802 quod
874 746 1044 800 labores,
1080 763 1204 804 quum
1239 749 1292 791 sit
1324 751 1530 792 excusatio
1564 750 1722 794 facilis?
1757 754 1797 793 4.
1826 751 1919 794 Tibi

142 820 193 862 ad
227 835 288 862 me
322 820 470 872 venire,
503 824 551 862 ut
583 819 777 871 ostendis,
812 820 904 863 vide
938 837 987 863 ne
1021 837 1103 864 non
1137 823 1190 865 sit
1223 823 1354 866 facile.
1389 825 1464 867 Est
1496 826 1604 867 enim
1637 826 1803 882 longum
1827 826 1917 877 iter,

141 893 495 950 discedentemque
546 898 601 945 te,
647 893 754 950 quod
801 894 983 937 celeriter
1015 896 1093 939 tibi
1126 898 1203 940 erit
1236 898 1402 941 fortasse
1437 900 1680 953 faciendum,
1715 917 1797 943 non
1833 902 1918 945 sine

142 983 287 1024 magno
322 967 457 1010 dolore
490 967 709 1009 dimittam.
744 967 822 1010 Sed
857 969 1006 1021 omnia,
1040 975 1086 1012 ut
1119 971 1241 1013 voles.
1276 972 1364 1028 Ego
1389 973 1512 1025 enim,
1538 973 1736 1031 quidquid
1761 975 1917 1030 feceris,
1940 988 1976 1015 10

142 1042 184 1085 id
218 1057 342 1098 quum
376 1046 498 1094 recte,
531 1047 619 1084 tum
653 1042 775 1085 etiam
808 1058 896 1086 mea
929 1059 1050 1087 causa
1082 1044 1234 1088 factum
1268 1046 1434 1102 putabo.

185 1206 204 1247 ξ
226 1207 257 1237 3.
284 1205 445 1247 Quaedam
458 1207 539 1238 enim
554 1209 700 1248 eoespecto
720 1222 733 1234 v
745 1208 908 1250 quaedam
922 1208 1011 1240 enim
1058 1207 1156 1250 piunt
1177 1209 1218 1240 de
1240 1208 1408 1239 iudicandi
1431 1217 1568 1240 munere
1590 1207 1706 1240 sortito
1729 1208 1763 1239 in
1788 1207 1918 1240 Cicero-

143 1266 231 1299 sunt,
254 1261 295 1293 de
318 1260 439 1302 quibus
462 1261 545 1294 scire
567 1262 732 1304 cupiam.'''
753 1263 847 1294 Man.
1059 1273 1137 1296 nem
1159 1264 1278 1302 delato,
1309 1273 1410 1305 quem
1432 1273 1577 1296 errorem
1610 1264 1741 1306 repetiit
1772 1264 1919 1296 Ellendt.

188 1315 334 1348 Cocceius
355 1334 397 1340 —·
409 1315 605 1358 frustretur.
629 1316 671 1348 cf.
696 1327 748 1359 ep.
771 1317 820 1356 13,
833 1318 862 1349 2.
887 1317 934 1349 Ut
945 1317 1010 1356 hic,
1058 1317 1099 1348 ad
1122 1316 1192 1349 Cic.
1216 1318 1308 1348 Brut.
1335 1316 1405 1350 117.
1438 1316 1517 1350 Sors
1552 1322 1600 1349 est
1633 1317 1782 1358 pecunia,
1818 1328 1919 1359 quam

143 1370 188 1401 ita
210 1369 308 1407 Libo,
340 1369 471 1402 videtur
500 1369 628 1411 aliquid
659 1370 814 1403 debuisse
845 1369 1010 1403 Ciceroni.
1057 1371 1144 1403 Libo
1166 1376 1198 1404 et
1221 1371 1357 1404 fortasse
1380 1371 1539 1404 Cocceius
1562 1381 1695 1413 quoque
1717 1372 1857 1404 debebat
1868 1372 1918 1404 Ci-

142 1422 184 1454 cf.
207 1432 259 1464 ep.
284 1423 334 1461 19,
358 1422 388 1454 2.
1031 1410 1035 1440 ⁸
1056 1425 1179 1463 ceroni,
1211 1424 1380 1467 Sulpicius
1417 1430 1449 1457 81
1483 1425 1647 1467 Egnatius
1672 1435 1729 1457 sua
1752 1426 1816 1458 fide
1849 1435 1919 1458 esse

188 1475 236 1508 De
257 1477 342 1509 sorte
364 1487 442 1509 mea.
473 1476 621 1510 Pessime
644 1478 800 1510 nonnulli
822 1478 903 1510 11880
926 1479 1006 1510 acci-
1031 1447 1034 1503 l
1056 1479 1231 1512 iusserant.

696 1597 871 1640 XVIII.
905 1612 942 1639 a.
978 1598 1044 1651 (A.
1086 1597 1132 1639 υ.
1169 1599 1212 1639 C.
1250 1598 1368 1653 709.)

210 1712 250 1752 1.
286 1710 401 1763 Heri,
436 1727 562 1768 quum
595 1727 644 1754 ex
677 1713 847 1755 aliorum
880 1713 1009 1755 literis
1041 1715 1317 1768 cognovissem
1351 1714 1400 1755 de
1433 1714 1604 1756 Antonii
1637 1714 1827 1767 adventu,
1852 1715 1920 1758 ad-

143 1784 311 1826 miratus
355 1800 444 1827 sum
487 1786 592 1828 nihil
637 1802 721 1828 esse
755 1786 798 1828 in
831 1787 927 1829 tuis.
974 1787 1052 1829 Sed
1086 1792 1201 1829 erant
1233 1788 1362 1844 pridie
1395 1787 1562 1830 fortasse
1596 1788 1766 1844 scriptae
1799 1804 1920 1845 quam

143 1857 275 1900 datae.
323 1859 468 1915 Neque
511 1861 590 1902 ista
637 1860 802 1916 quidem
835 1876 952 1914 curo;
987 1862 1057 1904 sed
1089 1866 1225 1904 tamen
1260 1862 1401 1918 opinor
1433 1866 1595 1918 propter
1627 1862 1794 1918 praedes
1827 1878 1920 1905 suos

144 1932 429 1974 accucurrisse.
466 1935 508 1974 2.
543 1932 664 1985 Quod
700 1933 842 1976 scribis
874 1935 1103 1977 Terentiam
1137 1935 1186 1976 de
1221 1934 1548 1990 obsignatoribus
1580 1936 1659 1978 mei
1689 1937 1922 1978 testamenti
1964 1955 1979 1982 5

143 2005 269 2060 loqui,
314 2005 488 2062 primum
537 2005 614 2048 tibi
646 2007 840 2063 persuade
876 2023 938 2050 me
971 2009 1095 2051 istaec
1128 2023 1211 2050 non
1245 2023 1382 2050 curare
1416 2024 1548 2065 neque
1581 2025 1667 2051 esse
1699 2009 1922 2065 quidquam

144 2083 215 2121 aut
259 2095 404 2136 parvae
446 2095 566 2122 curae
605 2085 677 2123 aut
720 2097 845 2124 novae
878 2082 971 2124 1001.
1006 2082 1083 2125 Sed
1117 2087 1254 2124 tamen
1288 2082 1387 2138 quid
1421 2082 1582 2125 simile?
1633 2083 1710 2125 Illa
1741 2099 1808 2125 eos
1840 2099 1923 2126 non

143 2152 345 2204 adhibuit,
390 2169 491 2210 quos
536 2155 783 2198 existimavit
815 2157 1082 2212 quaesituros,
1116 2156 1195 2198 nisi
1229 2157 1402 2198 scissent
1436 2156 1533 2212 quid
1567 2162 1685 2199 esset.
1735 2158 1848 2199 Num
1880 2157 1922 2199 id

143 2227 264 2269 etiam
305 2227 407 2269 mihi
451 2228 619 2284 periculi
663 2228 772 2272 fuit?
824 2230 903 2272 Sed
935 2235 1072 2273 tamen
1103 2230 1226 2272 faciat
1257 2230 1341 2283 illa,
1376 2230 1483 2286 quod
1517 2246 1606 2286 ego.
1640 2231 1757 2274 Dabo
1790 2247 1924 2274 meum

142 2305 429 2344 testamentum
461 2301 677 2356 legendum
712 2303 778 2345 cui
812 2303 1006 2356 voluerit3
1040 2304 1244 2360 intelliget
1276 2319 1358 2346 non
1392 2303 1570 2360 potuisse
1594 2304 1924 2349 honorificentius
1946 2317 1981 2343 10

143 2389 166 2416 a
198 2389 261 2416 me
293 2374 379 2415 fieri
411 2374 460 2416 de
493 2379 639 2430 nepote
673 2391 793 2431 quam
827 2376 1004 2419 fecerim.
1040 2378 1148 2420 Nam
1182 2377 1290 2432 quod
1314 2392 1397 2419 non
1422 2376 1614 2420 advocavi
1637 2378 1687 2420 ad
1709 2378 1924 2435 obsignan-

143 2447 254 2499 dum,
287 2447 464 2504 primum
497 2448 597 2490 mihi
629 2464 711 2491 non
744 2450 857 2492 venit
899 2451 943 2492 in
977 2455 1168 2503 mentem,
1215 2451 1363 2494 deinde
1396 2467 1443 2493 ea
1477 2467 1519 2494 re
1553 2467 1635 2494 non
1670 2454 1796 2505 venit,
1831 2455 1926 2510 quia

187 2613 206 2653 ξ
230 2614 258 2645 l.
281 2612 417 2654 Propter
433 2612 573 2655 praedes
596 2623 669 2644 suos
691 2615 920 2647 accucurri-sse.
942 2616 1009 2648 Lu·
1052 2618 1262 2658 percurrisse.
1307 2617 1436 2650 Similis
1469 2618 1611 2651 varietas
1653 2619 1686 2650 in
1732 2620 1806 2651 aliis
1845 2620 1926 2651 locis

144 2676 218 2699 cem
239 2667 321 2698 11880
343 2667 512 2708 accipiunt
534 2677 552 2699 e
575 2666 645 2699 Cic.
667 2667 754 2699 Phil.
768 2668 1008 2701 11.c.29-31.
1058 2676 1189 2715 regnat.

146 2721 194 2753 M.
216 2720 388 2753 Antonius
418 2721 507 2752 bona
540 2719 601 2752 Cn.
625 2720 777 2762 Pompeii
806 2722 848 2753 ad
879 2722 1009 2754 hastam
1100 2727 1119 2766 ξ
1154 2725 1185 2757 2.
1223 2725 1303 2757 Post
1335 2726 1464 2757 obitum
1494 2725 1626 2758 Tulliae
1662 2725 1778 2758 Cicero
1814 2728 1925 2758 condi-

146 2779 282 2812 emerat,
305 2775 363 2806 sed
384 2774 528 2816 pretium
550 2773 701 2805 nondum
713 2773 867 2806 solverat.
889 2773 1009 2806 Subito
1057 2779 1150 2811 derat
1170 2783 1417 2817 testamentum,
1449 2779 1484 2811 in
1508 2789 1574 2820 quo
1608 2779 1764 2811 Terentia
1797 2785 1922 2811 metue-

147 2827 305 2859 Narbone
326 2827 426 2859 rediit
449 2827 483 2858 in
507 2827 633 2864 urbem,
657 2831 808 2858 metuens
822 2836 865 2858 ΒΘ
882 2827 923 2858 L·
934 2828 1008 2859 Mu·
1059 2834 1114 2865 bat
1135 2843 1178 2865 ne
1200 2838 1355 2875 nepotem
1378 2844 1476 2866 suum
1506 2834 1683 2866 Dolabella-
1714 2840 1828 2865 natum
1865 2835 1924 2865 mi-

148 2881 258 2913 nutius
278 2881 425 2912 Plancus
447 2880 608 2922 pecuniae
630 2881 800 2921 cogendae
822 2890 842 2911 a
869 2880 1009 2913 Caesare
1059 2897 1132 2926 nus,
1155 2898 1255 2930 quam
1277 2898 1336 2929 par
1350 2893 1429 2927 erat,
1450 2894 1604 2920 curasset.
1628 2888 1800 2920 Metuebat
1815 2894 1924 2920 autem

149 2933 332 2976 praefectus
368 2938 400 2966 et
422 2944 481 2965 sua
504 2938 536 2965 et
558 2942 684 2970 eorum,
719 2933 775 2975 qui
798 2943 857 2975 Pro
881 2943 921 2965 00
943 2934 1008 2966 fide
1059 2940 1193 2978 idcirco,
1216 2941 1304 2981 quod
1326 2950 1425 2973 nemo
1448 2950 1466 2973 c
1496 2941 1692 2973 Dolabellae
1723 2941 1923 2982 propinquis,

150 2987 322 3025 iusserant,
356 2987 445 3018 bona
474 2987 643 3018 venderet·
667 3005 708 3010 —
729 2986 780 3018 De
808 2986 915 3018 f01'ma
936 2997 1006 3028 ΡΘΥ-
1059 2993 1116 3024 sed
1138 2993 1315 3031 Publilius,
1339 2993 1440 3025 frater
1464 2993 1642 3031 Publiliae,
1674 2993 1808 3024 alterius
1839 3003 1922 3024 uxo-

151 3041 228 3073 fecti
250 3041 366 3073 monui
389 3042 430 3072 ad
459 3041 521 3072 IV·
546 3041 574 3078 l,
599 3041 627 3072 6·
651 3040 790 3083 Propter
810 3051 1009 3073 consensum
1058 3046 1112 3084 ris,
1138 3047 1172 3078 in
1195 3047 1405 3087 obsignando
1429 3047 1591 3086 adfuerat,
1613 3057 1689 3078 cum
1712 3046 1841 3087 aliquot
1865 3047 1923 3078 At-

151 3095 246 3125 codd.
277 3099 389 3126 tamen
423 3094 476 3125 hic
505 3093 743 3135 reduplicatum
771 3093 914 3126 formam
948 3103 1011 3126 ser·
1059 3100 1116 3132 tici
1138 3100 1339 3132 domesticis.

152 3147 238 3179 vavi.
258 3147 417 3179 Meliores
446 3147 524 3178 libri
545 3147 586 3179 de
608 3145 664 3179 Or.
687 3147 756 3179 111.
781 3148 822 3179 52
843 3158 1013 3190 percucur-
1103 3151 1189 3193 Quid
1208 3154 1289 3184 esset
1312 3163 1350 3184 0:
1370 3153 1450 3195 quid
1466 3154 1500 3185 in
1519 3153 1640 3185 tabulis
1653 3153 1812 3194 scriptum
1824 3159 1919 3184 esset.

155 3200 184 3232 ri
215 3205 357 3232 tuentur.
405 3200 450 3232 At
482 3199 515 3232 in
546 3199 662 3233 iisdem
694 3201 721 3232 Ι.
756 3200 817 3232 218
847 3201 1014 3234 invenitur
1102 3206 1178 3238 Nam
1214 3206 1296 3247 quod
1329 3218 1389 3238 teon
1427 3206 1582 3238 advocavi
1612 3206 1656 3237 ad
1686 3206 1922 3247 obsiqtcandum.
