2062 3565
153 117 240 157 264

734 337 889 380 XLIX.

955 338 1021 392 (A.

557 119 640 160 ΕΡ.
675 119 751 160 AD
783 118 830 159 T.
865 117 1216 160 POMPONIUM
1249 116 1513 160 ATTIOUM.

1063 338 1108 379 [J.
1147 339 1188 379 e.
1227 338 1344 393 709.)

215 479 254 519 1.
289 477 448 519 Atticae
481 477 654 532 primum
690 477 874 528 salutem,
909 491 1030 532 quam
1063 478 1251 533 equidem
1285 479 1369 520 ruri
1402 494 1487 521 esse
1519 479 1714 532 arbitron
1749 481 1918 522 multam

148 552 272 607 igitur
305 550 474 592 salutem
508 554 548 592 et
581 550 723 592 Piliae.
767 551 828 592 De
861 550 1045 606 Tigellio,
1080 552 1113 593 si
1147 551 1245 607 quid
1279 553 1386 604 novi,
1422 553 1492 608 qui
1525 553 1704 609 quidem,
1738 559 1785 596 ut
1818 555 1919 598 mihi

149 625 290 667 Gallus
323 623 473 666 Fabius
507 623 681 679 scripsit,
715 622 919 681 μέμψιν
951 620 1197 684 ἀναφέρει
1230 624 1330 666 1111111
1365 625 1566 680 quandam
1606 626 1918 683 iniquissimam,

114 721 128 744 5
147 714 209 740 me
242 697 442 739 Phameae
475 696 664 748 defuisse,
699 713 825 753 quum
858 697 944 739 eius
978 713 1138 740 causam
1173 699 1425 755 recepissem,
1461 715 1581 755 quam
1615 701 1778 755 quidem
1811 717 1919 744 rece-

146 786 281 828 peram
325 776 464 813 contra
507 786 652 828 pueros
696 771 887 813 Octavios
921 772 997 814 Cn.
1026 772 1129 814 filios
1162 788 1244 814 non
1277 772 1465 825 libenter,
1500 774 1569 816 sed
1607 776 1683 831 [et]
1719 775 1919 818 Phameae

146 860 266 887 causa
306 843 501 886 volebam.
551 845 650 886 Erat
693 844 816 896 enim,
866 845 900 886 si
932 846 1168 898 meministi,
1201 846 1247 887 in
1281 847 1515 889 consulatus
1547 848 1743 903 petitione
1777 864 1848 906 per
1879 854 1919 891 te

144 917 244 959 mihi
276 917 495 974 pollicitus,
530 919 563 960 si
596 918 694 974 quid
728 934 829 974 opus
863 925 991 972 esset3
1027 920 1135 976 quod
1170 935 1244 976 ego
1279 920 1444 977 perinde
1478 921 1637 974 tuebar,
1673 938 1718 964 ac
1752 923 1787 964 si
1820 938 1919 965 usus

144 1007 284 1034 essem.
317 993 360 1034 Is
393 992 443 1034 ad
476 1008 539 1034 me
572 993 684 1034 venit
716 993 899 1048 dixitque
932 993 1109 1036 iudicem
1142 1010 1302 1051 operam
1337 994 1431 1037 dare
1465 994 1544 1037 sibi
1578 997 1838 1039 constituisse
1871 1013 1918 1040 eo

92 1080 128 1107 10
143 1065 207 1107 die
249 1065 350 1121 ipso,
395 1081 474 1122 quo
518 1066 567 1108 de
615 1068 743 1109 Sestio
786 1072 923 1110 nostro
966 1069 1053 1124 lege
1098 1069 1290 1125 Pompeia
1331 1070 1375 1111 in
1419 1069 1632 1112 consilium
1665 1070 1716 1112 iri
1749 1086 1914 1114 necesse

144 1142 242 1180 erat.
277 1139 362 1180 Scis
396 1139 504 1181 enim
537 1140 622 1182 dies
655 1140 816 1182 illorum
848 1141 1091 1183 iudiciorum
1126 1143 1385 1198 praestitutos
1421 1142 1559 1184 fuisse.
1594 1143 1802 1200 Respondi
1833 1161 1919 1188 non

143 1214 327 1267 ignorare
362 1228 454 1254 eum
487 1214 586 1269 quid
620 1229 693 1270 ego
727 1214 914 1256 deberem
948 1216 1093 1268 Sestio,
1129 1231 1248 1272 quem
1282 1215 1402 1257 vellet
1435 1216 1560 1257 alium
1593 1216 1699 1259 diem
1726 1219 1760 1260 si
1785 1234 1920 1276 sump-

145 1285 275 1337 sisset,
308 1300 371 1327 me
405 1286 442 1329 ei
474 1303 556 1330 non
590 1287 838 1330 defuturum.
884 1289 949 1332 Ita
981 1295 1070 1332 tum
1103 1290 1171 1332 1116
1204 1289 1389 1332 discessit
1421 1291 1563 1332 iratus.
1598 1291 1704 1334 Puto
1737 1308 1800 1335 me
1835 1292 1913 1336 tibi

188 1464 208 1494 4
230 1463 352 1498 Fadius
375 1483 417 1488 —
438 1465 458 1496 6
479 1464 538 1497 sed
558 1466 588 1497 et
612 1464 768 1497 Phameae
791 1484 830 1489 —

189 1634 208 1674 ς
232 1633 260 1664 1.
282 1633 372 1665 Ruri.
393 1633 449 1666 Sic
472 1636 575 1676 vulgo
607 1638 639 1669 11.
664 1639 685 1669 l.
715 1639 863 1670 scribunt
894 1645 1009 1670 contra

145 1687 284 1725 codices,
307 1687 365 1729 qui
387 1698 461 1719 rure
482 1689 616 1722 habent.
653 1691 720 1724 Sed
742 1692 828 1724 illud
850 1693 1009 1725 Tulliana

145 1743 348 1774 consuetudo
370 1744 539 1785 requirere
561 1746 702 1778 videtur.

188 1796 323 1827 Multam
345 1796 443 1837 iqitur
465 1799 599 1830 salutem
633 1803 663 1831 et
697 1800 814 1832 Piliae.
851 1801 944 1833 Ante
977 1804 1007 1833 et

148 1849 310 1881 excidisse
332 1850 463 1882 videtur
484 1851 523 1882 ei.
563 1853 651 1884 Nam
671 1854 784 1885 durius
808 1860 856 1886 est
878 1865 895 1886 e
918 1865 1010 1896 supe-

148 1902 290 1933 rioribus
311 1913 477 1936 assumere
504 1905 641 1943 Atticae,
673 1908 762 1948 quod
792 1908 883 1940 iubet
919 1908 1011 1940 Han-

147 1959 221 1990 dius
244 1959 278 1991 in
302 1960 397 1991 Turs.
421 1962 467 1992 H.
501 1973 531 2004 p.
556 1964 634 2000 518;
665 1965 879 1996 durissimum
909 1966 1011 1997 verba

147 2013 360 2054 distinguere,
382 2020 422 2046 ut
441 2015 520 2048 fecit
541 2016 686 2049 Orellius
709 2019 742 2049 in
767 2019 869 2050 altera
891 2019 967 2051 edit.

191 2065 240 2096 De
265 2066 407 2107 Tiyettz'c).
432 2068 533 2100 Hunc
556 2079 626 2102 esse
650 2071 844 2112 Tigellium,
875 2072 1009 2104 natione

148 2119 300 2157 Sardum,
325 2120 475 2153 Caesaris
497 2123 704 2162 familiarem,
728 2135 827 2166 quem
849 2126 1009 2157 Horatius
1028 2156 1030 2173 ζ

148 2173 319 2214 descripsit
340 2174 436 2206 initio
458 2175 587 2208 Satirae
608 2178 722 2210 tertiae
740 2190 807 2210 non
819 2180 930 2211 minus
941 2190 1008 2212 cer·
1028 2176 1030 2215 J

148 2229 218 2256 tum
240 2230 297 2263 est,
321 2236 420 2267 quam
441 2228 612 2260 diversum
635 2240 705 2262 esse
727 2232 769 2262 ab
792 2231 852 2263 illo
866 2232 1008 2264 Hermo·
1028 2226 1029 2231 ¹

148 2287 234 2318 gene
245 2278 401 2318 Tigellio,
420 2290 519 2321 quem
533 2282 607 2313 aliis
620 2282 806 2314 Satirarum
825 2284 906 2315 locis
919 2294 1009 2316 acer-

150 2331 190 2362 be
226 2332 356 2363 notavit
388 2338 484 2374 poeta
515 2335 718 2368 Venusinus.
749 2337 790 2368 cf.
829 2338 1009 2370 Kirchneri

150 2384 299 2423 Quaestt.
322 2386 440 2418 Horat.
457 2398 488 2429 p.
502 2390 639 2421 42—49.
651 2391 706 2422 Ex
722 2391 859 2432 epistola
874 2392 915 2422 ad
930 2402 1008 2424 eun-

148 2440 223 2471 dem
261 2439 396 2472 Gallum
435 2443 510 2474 data
539 2443 634 2476 Fam.
674 2446 754 2476 VH.
784 2447 834 2483 24,
865 2451 935 2477 111111
966 2457 1008 2478 ex

149 2491 296 2533 epistolis
318 2494 481 2534 proximis
505 2496 553 2534 50,
578 2498 597 2528 3
621 2503 654 2529 et
675 2499 725 2536 51,
749 2499 768 2529 2
791 2505 932 2540 apparet,
956 2500 1008 2532 Ci-
1027 2530 1029 2535 ,

148 2554 303 2576 0610116111
324 2545 468 2578 hominis
491 2550 578 2589 apud
601 2549 775 2582 Caesa-rem
798 2552 934 2592 gratiosi
965 2552 1009 2584 of-

149 2596 277 2628 fensam
298 2598 402 2630 vitare
427 2600 596 2633 maluisse.

191 2651 245 2683 Me
267 2651 425 2684 Phameae
447 2654 601 2695 defuisse.
623 2656 689 2688 Hic
711 2667 739 2688 a.
763 2657 822 2690 705
857 2664 894 2690 111
922 2659 1010 2690 vide-

150 2717 203 2743 tur
222 2717 370 2745 mortuus
404 2714 488 2754 (Att.
518 2715 581 2746 IX.
615 2717 644 2754 9,
667 2718 700 2753 4)
736 2717 842 2749 fuerat
870 2719 1009 2759 Tigellii

149 2775 230 2796 avus
252 2766 306 2797 vel
330 2771 476 2807 patruus.
501 2768 566 2799 vid.
589 2768 683 2801 Fam.
706 2770 727 2800 1.
752 2771 773 2801 l.

194 2818 350 2851 Octavios.
375 2820 541 2853 Corradus
570 2822 648 2854 facit
682 2823 853 2856 Octaviam
885 2830 1006 2857 utram-

150 2881 214 2911 que
237 2876 268 2902 et
293 2872 328 2903 C.
354 2871 540 2911 Octavium,
564 2875 621 2916 qui
638 2880 751 2916 postea
766 2877 939 2917 Augustus
960 2885 1009 2910 est

149 2924 264 2956 factus.
288 2925 354 2957 Sed
375 2927 410 2958 hi
432 2933 526 2959 erant
548 2928 644 2960 liberi
667 2929 703 2961 C.
727 2929 867 2962 Octavii.
893 2931 1015 2964 Cicero'

149 2979 182 3009 h.
205 2979 226 3010 l.
251 2980 394 3020 appellat
433 2981 487 3013 Cn.
509 2982 612 3023 filim,
646 2983 781 3015 fortasse
814 2985 883 3016 eius
914 2985 1006 3024 Cnei,

151 3033 207 3072 qui
231 3043 259 3063 a.
283 3033 342 3066 667
365 3035 481 3066 00115111
510 3035 580 3066 fuit.
611 3036 682 3067 Non
713 3037 847 3068 libenter
876 3049 1007 3070 causam

151 3092 315 3127 receperat
339 3092 453 3119 contra
474 3089 580 3126 orbos,
605 3090 683 3122 boni
706 3091 768 3122 viri
790 3091 887 3123 filios.

193 3140 254 3170 Sed
275 3140 433 3173 Phameae
454 3152 551 3174 causa
576 3144 709 3175 volebam
743 3156 777 3176 o:
810 3146 866 3178 sed
899 3151 1007 3178 tamen
1027 3177 1030 3179 Α

1031 1676 1033 1680 Α
1058 1640 1222 1672 Phameae
1245 1642 1357 1673 deesse
1374 1642 1536 1673 nolebam.
1569 1640 1656 1673 Velle
1670 1641 1808 1674 alieuius
1823 1652 1921 1674 causa

1056 1693 1221 1725 illustravi
1244 1694 1285 1725 ad
1307 1694 1373 1725 III.
1396 1695 1446 1732 24,
1471 1695 1499 1726 1.

1102 1748 1221 1780 Tuebar
1245 1763 1259 1775 u
1270 1749 1363 1791 quasi
1386 1749 1548 1787 fovebam,
1569 1754 1663 1790 grata
1673 1750 1834 1782 memoria
1846 1760 1920 1792 pro-

1055 1802 1214 1843 sequebar
1236 1809 1268 1834 et
1291 1802 1406 1834 officiis
1436 1803 1715 1834 remunerandum
1749 1803 1923 1844 putabam.

1057 1856 1128 1888 Cat.
1150 1857 1216 1888 111.
1240 1857 1290 1888 29.
1324 1856 1491 1898 Perfiez'am
1514 1858 1549 1887 ut
1571 1867 1618 1895 ea,
1657 1867 1736 1898 quae
1764 1857 1850 1899 qessi
1883 1857 1918 1888 in

1054 1910 1231 1946 consulatu,
1251 1910 1397 1950 privatus
1415 1911 1508 1940 tuear
1522 1911 1616 1951 atque
1629 1919 1733 1940 ornem
1745 1920 1779 1941 o:
1804 1919 1917 1942 eorum

1053 1972 1180 1994 memor
1202 1962 1273 1999 sim,
1292 1963 1332 1994 iis
1354 1962 1444 2004 paria
1465 1967 1636 2003 praestem,
1660 1967 1692 1994 et
1705 1963 1852 1995 laborem
1871 1972 1915 1995 ne

1053 2025 1092 2047 ea
1113 2016 1257 2056 perdam,
1282 2015 1455 2046 dissimilia
1477 2020 1510 2046 et
1532 2014 1672 2055 indigna
1694 2015 1734 2046 iis
1746 2015 1908 2047 faciendo.

1053 2069 1171 2100 lustin.
1196 2069 1238 2099 V.
1264 2069 1282 2100 6
1304 2078 1412 2099 nomen
1435 2066 1673 2099 Atheniensium
1696 2068 1779 2099 tueri
1804 2078 1837 2099 o:
1862 2078 1915 2109 pa·

1053 2123 1102 2153 ria
1124 2123 1253 2153 nomini
1277 2121 1537 2153 Atheniensium
1559 2122 1759 2162 praestare.”
1781 2120 1882 2153 Gron.

1094 2176 1177 2216 Leqe
1200 2175 1355 2216 Pompeia.
1387 2175 1503 2207 Cicero
1528 2175 1567 2206 P.
1591 2174 1739 2207 Sestium
1761 2185 1853 2207 reum
1876 2176 1916 2207 de

1052 2229 1083 2260 υἱ
1105 2231 1179 2271 lege
1201 2229 1337 2260 Lutatia
1358 2239 1386 2260 a.
1412 2229 1473 2260 698
1495 2228 1644 2260 defendit
1657 2229 1816 2267 oratione,
1829 2239 1914 2271 quae

1052 2288 1171 2315 exstat.
1193 2283 1322 2314 Eodem
1345 2289 1491 2324 tempore
1514 2282 1602 2314 idem
1636 2288 1808 2315 accusatus
1844 2290 1913 2316 erat

1051 2336 1091 2367 de
1116 2336 1232 2367 ambitu
1256 2337 1309 2375 (ad
1332 2336 1374 2375 Q.
1397 2336 1437 2367 fr.
1459 2337 1513 2373 IL,
1530 2338 1559 2374 3,
1583 2338 1625 2375 5).
1647 2336 1751 2368 Anno
1775 2336 1834 2370 701
1851 2336 1914 2369 Cn.

1052 2390 1229 2432 Pompeius
1252 2391 1361 2431 legem
1384 2391 1459 2422 tulit
1481 2391 1523 2422 de
1545 2391 1681 2428 ambitu,
1712 2400 1819 2432 poena
1841 2401 1914 2432 gra-

1053 2443 1143 2475 viore
1166 2449 1199 2475 et
1220 2443 1326 2475 forma.
1349 2444 1548 2475 iudiciorum
1574 2443 1732 2480 breviore,
1755 2448 1792 2474 ut
1814 2443 1915 2476 tradit

1052 2497 1218 2528 Asconius
1242 2498 1286 2529 ad
1305 2497 1424 2528 Milon.
1447 2507 1478 2537 p.
1502 2495 1552 2529 37.
1580 2495 1688 2528 Causa
1718 2496 1821 2536 igitur
1853 2495 1914 2528 Se-

1052 2550 1107 2581 stii
1130 2559 1169 2581 eo
1191 2551 1325 2581 demum
1346 2559 1435 2580 anno
1457 2549 1511 2581 vel
1532 2549 1696 2590 proximo,
1727 2554 1814 2581 certe
1835 2554 1913 2582 ante

1053 2613 1178 2634 annum
1202 2602 1273 2640 705,
1296 2612 1363 2643 quo
1386 2602 1533 2633 Phamea
1555 2607 1704 2632 mortuus
1727 2606 1784 2639 est,
1818 2611 1837 2632 a
1860 2601 1912 2633 Ci-

1053 2665 1172 2688 cerone
1194 2661 1267 2687 acta
1289 2655 1428 2686 videtur.
1453 2654 1553 2693 Quod
1575 2654 1603 2685 si
1625 2659 1712 2686 recte
1735 2664 1755 2686 a
1776 2663 1830 2686 me
1849 2654 1912 2686 dis-

1054 2715 1186 2750 putatur
1208 2708 1371 2740 indicibus
1394 2706 1592 2739 Orationum
1614 2717 1633 2738 a
1659 2707 1774 2738 Tullio
1789 2707 1913 2738 habita-

1053 2773 1127 2794 rum
1149 2763 1236 2803 apud
1258 2761 1423 2794 Orellium
1446 2759 1530 2801 Opp.
1553 2761 1603 2792 ed.
1626 2760 1685 2792 alt.
1707 2761 1772 2792 IV.
1796 2771 1827 2802 p.
1851 2760 1912 2794 967

1053 2816 1269 2847 adscribenda
1302 2821 1368 2847 est:
1400 2825 1459 2856 pro
1493 2813 1528 2845 P.
1558 2813 1659 2845 Sestio
1693 2814 1827 2845 ambitus
1859 2824 1912 2846 reo

1054 2870 1138 2910 (Att.
1161 2869 1264 2900 XIII.
1293 2869 1359 2910 49).
1396 2867 1575 2909 Deperdita
1602 2867 1667 2898 dici
1702 2877 1770 2898 non
1804 2868 1911 2905 debet,

1051 2934 1135 2966 quae
1157 2933 1331 2964 nunquam
1352 2924 1472 2964 scripta
1493 2922 1632 2953 videtur.

1094 2976 1135 3007 In
1159 2975 1322 3007 consitium
1345 2976 1388 3007 iri
1411 2985 1445 3007 οε
1478 2984 1549 3006 16111
1570 2975 1611 3006 ad
1634 2974 1759 3006 iudices
1781 2974 1912 3006 deferri.

1053 3029 1103 3062 Cf.
1126 3040 1158 3071 p.
1184 3029 1300 3068 Quint.
1324 3031 1374 3060 34.
1396 3039 1428 3070 p.
1452 3028 1585 3060 Cluent.
1609 3028 1648 3058 55
1671 3032 1703 3058 et
1725 3028 1776 3058 83.

1094 3086 1149 3117 Ita
1180 3089 1243 3117 tum
1272 3087 1330 3117 ille
1364 3085 1509 3117 discessit
1541 3085 1654 3117 iratus.
1699 3083 1808 3123 Quam
1843 3084 1910 3116 vim

1052 3141 1168 3173 habeat
1200 3141 1246 3171 ιἰιι
1276 3141 1396 3173 nescio.
1433 3140 1596 3182 Equidem
1624 3139 1802 3172 delendum
1833 3148 1908 3174 cen-
