2062 3565
727 161 832 204 LIB.
867 163 990 205 λἸΙΙ.
1027 164 1108 206 ΕΡ.
1146 168 1186 206 5.
1222 169 1264 206 6.
1794 165 1879 205 219

114 311 205 338 nam
252 297 325 339 hoc
375 313 534 353 quoque
586 299 634 339 ad
681 316 760 342 rem
807 301 980 356 pertinet
1025 325 1079 330 ——
1126 301 1168 342 111
1216 301 1368 342 Achaia
1401 309 1637 356 sumpserat.
1687 300 1762 341 Sed
1799 300 1882 353 agit

113 369 346 422 liberaliter,
388 373 576 427 quoniam
629 379 748 428 negat
792 390 832 415 se
873 373 1091 429 quidquam
1128 375 1325 416 facturum
1361 382 1498 416 contra
1534 379 1707 415 nostram
1742 373 1880 414 volun-

113 449 250 486 tatem.
302 445 445 487 Coram
489 446 628 501 igitur,
663 452 709 487 ut
742 446 897 497 scribis,
932 447 1237 497 constituemus,
1272 447 1607 503 quemadmodum
1644 462 1723 488 rem
1758 446 1881 501 expli-

113 534 262 565 cemus.
307 519 424 571 Quod
471 519 644 574 reliquos
689 520 902 561 coheredes
947 521 1184 571 convenisti,
1220 521 1349 562 fecisti
1384 521 1499 578 plane
1535 519 1648 561 bene.
1687 522 1728 560 3.
1762 520 1881 570 Quod

112 592 320 650 epistolam
354 608 482 634 meam
516 591 566 634 ad
601 593 772 634 Brutum
807 593 950 649 poscis,
986 609 1066 635 non
1101 593 1228 635 habeo
1262 594 1348 635 eius
1381 593 1622 650 exemplum,
1653 593 1721 635 sed
1748 601 1880 635 tamen

112 648 265 708 salvum
299 671 359 708 est
393 672 433 708 et
465 667 522 708 ait
553 667 647 708 Tiro
681 673 719 708 te
754 666 899 708 habere
933 673 1127 724 oportere,
1163 674 1203 709 et
1236 674 1282 710 ut
1316 668 1514 719 recordor,
1549 684 1630 710 una
1663 682 1754 709 cum
1772 667 1881 708 illius

113 740 384 796 obiurgatoria
416 739 493 782 tibi
526 755 653 782 meam
689 755 860 796 quoque,
896 756 1017 796 quam
1050 740 1099 782 ad
1133 756 1224 783 eum
1259 742 1550 797 rescripseram,
1588 742 1692 783 misi.
1729 741 1879 783 Iudici-

112 815 165 857 ali
197 814 380 857 molestia
412 821 458 856 ut
502 829 654 856 caream
691 813 859 856 videbis.
897 818 936 856 4.
970 815 1218 857 Tuditanum
1253 816 1392 866 istum,
1427 830 1619 872 proavum
1656 815 1878 863 Hortensii,

112 889 227 945 plane
276 903 356 930 non
406 904 556 939 noram,
607 897 647 930 et
698 889 837 939 filium,
881 889 949 943 qui
982 895 1069 930 tum
1105 904 1184 930 11011
1219 894 1403 944 potuerat
1436 904 1519 930 esse
1554 889 1722 944 legatus,
1758 887 1879 929 fuisse

111 967 309 1019 putaram.
362 962 604 1004 Mummium
648 962 770 1005 fuisse
814 962 863 1004 ad
904 963 1143 1004 Corinthum
1180 978 1248 1018 pro
1283 969 1389 1004 certo
1425 962 1566 1005 habeo.
1615 965 1739 1018 Saepe
1773 962 1879 1003 enim

111 1037 177 1079 hic
210 1037 393 1092 SpuriuS‚
428 1037 499 1091 qui
531 1051 660 1092 nuper
693 1037 719 1079 †
737 1042 810 1087 est,
845 1036 1033 1092 epistolas
1067 1036 1167 1078 mihi
1200 1036 1490 1092 pronuntiabat
1515 1036 1718 1078 versiculis
1741 1035 1880 1076 facetis

111 1110 163 1153 ad
206 1110 420 1152 familiares
452 1110 593 1151 missas
626 1125 648 1151 a
681 1108 890 1151 Corintho.
942 1109 1020 1151 Sed
1054 1124 1134 1151 non
1168 1108 1311 1150 dubito
1345 1110 1443 1164 quin
1477 1109 1589 1151 fratri
1622 1108 1743 1151 fuerit
1775 1108 1880 1164 lega-

111 1191 191 1236 tus,
226 1199 309 1226 11011
340 1184 382 1225 111
416 1183 567 1225 (1000111.
617 1186 753 1238 Atque
788 1183 862 1224 hoc
895 1183 1017 1224 etiam
1051 1182 1200 1238 accepi,
1235 1197 1317 1223 non
1352 1182 1489 1223 solitos
1522 1182 1690 1224 maiores
1725 1187 1879 1223 nostros

111 1259 241 1315 legare
290 1259 334 1300 in
379 1257 532 1308 decem,
577 1258 646 1312 qm·
697 1262 830 1299 essent
862 1257 1148 1312 imperatorum
1182 1257 1409 1307 necessarii,
1444 1261 1490 1297 ut
1523 1271 1595 1297 nos
1627 1256 1758 1312 ignari
1794 1255 1879 1311 pul—

112 1332 398 1374 cherrimorum
431 1331 712 1373 institutorum
745 1336 816 1372 aut
848 1330 1098 1386 negligentes
1132 1331 1267 1386 potius
1302 1331 1362 1372 M.
1397 1330 1613 1371 Lucullum
1637 1336 1678 1371 et
1701 1330 1748 1371 L.
1786 1329 1878 1370 Mu·

111 1414 247 1448 renam
296 1410 337 1446 et
384 1410 536 1446 ceteros
581 1404 930 1446 coniunctissimos
978 1403 1027 1445 ad
1076 1403 1124 1445 L.
1175 1402 1391 1445 Lucullum
1442 1403 1637 1445 misimus.
1691 1402 1878 1456 Hludque

112 1477 452 1539 εὐλογώτατον
501 1479 615 1520 illum
655 1478 767 1520 fiatri
813 1478 855 1519 in
906 1477 1045 1533 primis
1079 1477 1165 1518 eius
1198 1477 1340 1532 legatis
1374 1477 1510 1518 fuisse.
1562 1477 1733 1532 Operam
1767 1480 1877 1516 tuam

155 1647 176 1676 4
193 1645 292 1686 plane
316 1645 391 1676 bene
416 1643 568 1686 [fio-isti]
592 1661 632 1666 -—
658 1643 692 1673 11
720 1653 817 1682 nuper
839 1645 885 1672 est
909 1645 1048 1673 mortuus
1073 1661 1110 1665 —
1135 1643 1171 1675 17
1199 1641 1330 1682 Operam
1353 1643 1437 1671 tuam
1461 1641 1587 1671 [meltum
1611 1657 1651 1663 —-

112 1790 227 1828 nianie,
251 1800 351 1832 quam
375 1791 408 1822 in
432 1791 499 1822 illis
521 1792 561 1821 de
578 1801 678 1831 puero
703 1791 777 1821 Luc.
813 1791 974 1821 Catonem
1021 1789 1165 1821 Omissio
1196 1800 1262 1819 11011
1296 1794 1471 1820 excusatur
1493 1796 1540 1823 00,
1565 1787 1654 1827 quod
1676 1786 1786 1817 statim
1811 1796 1877 1817 me-

113 1848 222 1876 autem
257 1845 376 1876 debere
410 1855 511 1886 puero
550 1845 703 1882 Lucullo,
738 1853 816 1876 sane
851 1844 974 1876 sciebat
1021 1848 1168 1874 moratur
1189 1843 1272 1874 alius
1294 1842 1434 1883 Spurius,
1456 1841 1554 1873 huius
1576 1840 1712 1872 fortasse
1735 1850 1846 1880 nepos.

114 1897 238 1936 Cicero,
261 1899 316 1930 cui
338 1904 430 1940 pater
445 1903 643 1930 testamento
654 1898 763 1929 filium
778 1908 876 1929 suum
888 1908 974 1929 com·
995 1914 997 1934 j
1066 1895 1130 1933 Qui
1151 1905 1251 1936 nuper
1283 1897 1340 1926 est.
1363 1895 1417 1926 Ita
1439 1894 1516 1925 libri
1538 1893 1619 1924 Mss.
1635 1902 1759 1930 omnes,
1793 1901 1881 1933 prae-

115 1953 294 1990 mendarat,
316 1954 357 1984 de
380 1952 454 1985 Fin.
479 1953 544 1984 111.
568 1953 597 1984 9.
621 1952 718 1984 Tutor
729 1953 823 1994 pueri
839 1952 975 1984 Luculli
1022 1956 1071 1982 ter
1093 1960 1200 1981 unum
1221 1949 1342 1983 Oxou..
1366 1949 1423 1990 qui
1446 1948 1556 1984 habet,
1579 1947 1667 1988 quod
1680 1946 1882 1987 antiquiores

114 2008 219 2039 fuerat-
242 2006 324 2040 Cano
346 2012 447 2048 pater.
470 2007 549 2039 ibid.
571 2008 636 2044 ΠΙ,
660 2008 679 2038 8
702 2012 734 2039 01
757 2007 853 2043 Varr.
876 2007 917 2038 (10
938 2016 974 2038 10
1021 2005 1162 2036 editores
1192 2014 1210 2036 e
1239 2004 1325 2035 coni.
1348 2003 1555 2039 addiderunt,
1578 2003 1727 2032 mortuus.
1767 2000 1882 2032 Potius

115 2068 194 2092 rust.
229 2061 295 2098 111,
329 2061 358 2098 2,
395 2060 442 2093 17.
475 2061 516 2092 In
538 2060 716 2092 heredibus
738 2060 973 2097 Herennianis,
1022 2057 1233 2089 scribendum
1266 2057 1425 2088 arbitror:
1459 2055 1512 2097 qui
1544 2065 1640 2095 nuper
1664 2054 1774 2094 periit,
1805 2064 1884 2095 quo-

113 2115 232 2157 quibus
255 2114 337 2146 Cato
360 2115 534 2156 pecuniam
549 2115 700 2152 debebat,
716 2120 785 2146 erat
800 2114 888 2152 Piso,
906 2124 973 2145 non
996 2130 999 2144 .
1022 2111 1113 2142 niam
1135 2110 1182 2141 sic
1204 2110 1323 2142 erroris
1346 2109 1441 2149 origo
1464 2108 1560 2140 facile
1583 2108 1776 2149 explicatur.

115 2170 183 2210 ipse
216 2168 341 2206 Cicero,
371 2169 575 2210 minimeque
606 2169 788 2200 audiendus
811 2174 860 2200 est
883 2167 974 2200 orel-
997 2156 999 2167 ¹
1071 2161 1384 2203 Versiculissacelis.
1405 2162 1505 2193 Recte
1522 2161 1568 2192 sic
1583 2161 1783 2192 emendatur.
1809 2160 1884 2191 fac-

116 2221 188 2258 lius,
221 2221 279 2261 qui
301 2230 342 2252 ex
368 2230 418 2262 ep.
444 2221 490 2258 12,
514 2222 534 2250 4
556 2225 588 2251 et
612 2220 661 2256 14,
689 2219 704 2250 1
728 2220 760 2250 h.
785 2220 806 2250 l,
829 2229 887 2260 pro
911 2218 974 2250 He.
996 2208 999 2259 Ι
1022 2217 1082 2252 tar,
1113 2215 1202 2256 quod
1225 2215 1259 2246 in
1284 2215 1376 2245 libris
1400 2214 1492 2245 Bosii
1519 2214 1621 2245 fuisse
1644 2214 1775 2250 dicitur,
1800 2213 1884 2244 male

114 2274 278 2305 rennianis
300 2274 492 2306 Brinnianie
515 2274 726 2305 scribendum
749 2274 900 2305 coniecit.
996 2264 1178 2324 {convenit
1212 2267 1359 2308 epistolis
1396 2272 1427 2298 et
1465 2266 1680 2297 reficiendum
1712 2266 1812 2297 etiam
1843 2266 1885 2295 011

158 2327 272 2358 I·'ecisti
286 2328 387 2368 plane
407 2327 492 2358 hene.
524 2327 675 2359 Verbum
697 2327 786 2358 Med.
811 2333 844 2358 et
865 2326 975 2360 Oxou,
997 2335 999 2352 ·,
1021 2328 1102 2363 part.
1126 2321 1245 2359 missas,
1269 2322 1356 2362 quod
1377 2326 1455 2352 tuuc
1477 2320 1587 2351 omitti
1608 2320 1775 2351 debuerat.
1810 2320 1885 2350 Far-

117 2382 192 2414 libri
214 2382 380 2413 omittunt.
403 2381 494 2413 Hinc
510 2387 697 2422 suspectum
709 2386 778 2413 erat
789 2382 976 2413 Buchelero
1021 2379 1072 2407 tas
1105 2382 1223 2413 autem,
1255 2377 1343 2417 quod
1376 2376 1431 2407 ille
1463 2375 1640 2417 proposuit,
1671 2376 1794 2417 tropice
1819 2386 1883 2406 non

115 2437 149 2467 in
173 2436 259 2468 Mus.
283 2436 388 2468 Rhen.
412 2435 474 2473 XI,
498 2446 528 2476 p.
552 2436 622 2466 524.
653 2435 691 2467 Si
712 2436 747 2466 in
771 2436 843 2467 cod.
867 2436 977 2468 arche-
1022 2430 1108 2461 (lixit
1131 2429 1256 2461 Cicero·
1282 2429 1474 2470 scripsisset
1496 2429 1646 2469 resena-⁵·-

117 2498 194 2532 typo
224 2491 380 2531 scriptum
410 2489 472 2520 fuit
490 2489 604 2527 fecisti
619 2490 720 2529 plane
741 2489 816 2520 bene
840 2490 975 2521 verbum
998 2496 1001 2529 g
1065 2483 1206 2515 Maiore-5
1227 2486 1352 2514 nostros
1375 2484 1493 2525 leqare.
1516 2482 1615 2521 Quod
1639 2482 1742 2522 vulgo
1756 2483 1886 2513 additur

116 2545 268 2577 excidere
302 2544 406 2586 potuit
430 2548 563 2584 propter
585 2543 841 2574 similitudinem
863 2544 974 2575 termi-

117 2600 261 2632 nationis
291 2599 383 2630 verbi
404 2598 551 2640 praeced.
583 2596 765 2628 convenisti.
789 2597 862 2638 Ego
884 2597 978 2638 posui
999 2604 1002 2651 ι

117 2654 344 2685 auctoritatem
364 2651 522 2684 Lambini
545 2656 686 2682 secutus.

159 2709 178 2749 ξ
208 2708 237 2739 3.
266 2707 438 2749 Epistolam
469 2716 565 2737 meam
598 2705 643 2736 ad
666 2705 810 2736 Brutum.
833 2706 873 2736 cf.
897 2705 979 2744 XII,

121 2762 168 2799 18,
201 2761 230 2791 2.
264 2760 359 2792 Bruti
393 2759 540 2801 epistola,
564 2768 664 2799 quam
684 2758 765 2790 ibid.
790 2759 838 2796 13,
863 2759 877 2790 l
902 2759 982 2790 dicit
1002 2766 1003 2770 ¹

117 2813 220 2845 fuisse
238 2812 414 2854 prudenter
436 2814 466 2842 et
489 2810 589 2841 amice
608 2811 770 2851 scriptam,
784 2821 872 2842 nunc
888 2816 982 2842 vocat
1001 2833 1004 2840 ,

117 2865 371 2908 obiurqatoriam,
405 2864 493 2905 quod
518 2863 576 2894 ille
599 2863 633 2894 in
657 2872 695 2894 ea
716 2863 906 2904 obiurgarat
929 2863 980 2896 Ci-
1002 2853 1005 2886 l

119 2933 273 2955 ceronem
294 2922 429 2954 mollius
452 2922 613 2952 ferentem
627 2920 716 2952 filiae
731 2921 869 2957 obitum,
882 2931 981 2962 quam
1004 2913 1005 2918 ¹

120 2978 228 3009 virum
250 2986 385 3018 gravem
407 2977 546 3007 deceret.

162 3030 314 3063 Iudiciali
343 3029 486 3061 molestia
519 3039 553 3059 o:
588 3038 725 3060 munere
746 3029 873 3067 iudicis,
897 3030 984 3070 quod
1006 3042 1007 3045 ¹

121 3083 203 3120 ΧΠ,
227 3083 276 3120 19,
300 3083 320 3114 2
340 3081 512 3113 iudicatum
536 3081 688 3122 appellat.
1005 3066 1007 3080 '

163 3136 181 3176 ξ
211 3138 242 3166 4.
274 3135 464 3166 Mummium.
496 3134 669 3165 Excidisse
692 3134 825 3166 videtur
846 3143 982 3176 praeno·
1006 3119 1007 3155 l

122 3198 197 3222 men
221 3187 283 3228 Sp„
307 3188 394 3228 quod
417 3197 467 3228 ep.
491 3187 540 3224 30,
564 3188 582 3218 :3
605 3192 638 3219 et
661 3189 689 3224 5,
712 3187 828 3219 lrecte
841 3187 984 3218 additur.

1006 3093 1007 3115 ;
1029 3079 1132 3110 reuda
1156 3082 1309 3118 recteque
1333 3077 1502 3107 emendat:

998 2542 1001 2557 ³
1024 2549 1076 2570 eos
1097 2549 1116 2571 0
1137 2540 1231 2571 codd.
1253 2539 1470 2580 Malaspinae,
1492 2538 1611 2574 delevi,
1624 2548 1725 2578 quum
1741 2538 1773 2568 in
1792 2539 1885 2569 codd.

1025 2592 1141 2624 ceteris
1163 2592 1248 2623 absit
1269 2593 1474 2633 minimeque
1498 2592 1718 2622 necessarium
1740 2592 1790 2622 sit.

1068 2643 1108 2675 In
1123 2644 1237 2685 primia
1259 2645 1328 2675 eius
1350 2643 1474 2685 Ieyalis,
1497 2638 1542 2681 εἷς
1570 2646 1634 2676 τῶν
1666 2644 1884 2691 στρατήγων,

1027 2711 1094 2732 non
1118 2701 1152 2733 in
1175 2702 1216 2733 iis
1237 2701 1362 2738 decem,
1386 2701 1442 2742 qui
1462 2701 1549 2732 bello
1567 2702 1660 2732 finito
1675 2702 1779 2732 Roma
1796 2702 1884 2732 missi

1026 2761 1113 2792 sunt,
1137 2765 1218 2796 quos
1241 2755 1421 2786 Pausanias
1446 2754 1525 2785 Vn.
1553 2755 1598 2791 16,
1631 2757 1647 2785 5
1672 2751 1887 2799 συμβούλους

1027 2813 1235 2853 imperatoris
1258 2812 1410 2853 appellat.

1073 2865 1205 2906 Operam
1227 2867 1311 2895 tuam
1334 2865 1473 2895 multam.
1496 2867 1532 2895 C.
1558 2864 1730 2900 Mullerus,
1755 2865 1809 2904 qui
1833 2874 1885 2894 cu—

1028 2919 1136 2961 pidius
1159 2919 1288 2950 videtur
1310 2918 1472 2949 eiusmodi
1495 2918 1691 2948 accusativis
1713 2918 1746 2948 in
1780 2918 1885 2948 excla-

1003 2970 1005 3018 {
1029 2972 1176 3004 matione
1197 2971 1364 3013 usurpatis
1386 2971 1497 3002 locum
1520 2980 1586 3002 non
1615 2971 1792 3001 concedere
1824 2970 1886 3001 nisi

1033 3024 1060 3055 0
1081 3024 1122 3056 iis
1145 3024 1367 3066 praeponitur,
1391 3023 1509 3055 merito
1533 3029 1632 3063 negat
1654 3022 1733 3053 haec
1757 3031 1826 3053 esse
1843 3022 1886 3053 fe-

1551 3075 1681 3115 Operam
1705 3076 1788 3105 tuam
1811 3076 1887 3105 mul-

1030 3133 1094 3162 tum
1117 3141 1196 3168 amo,
1219 3130 1307 3171 quod
1329 3136 1379 3162 ert
1401 3130 1522 3170 gratias
1544 3128 1680 3168 agentis.
1704 3128 1745 3158 cs.
1769 3129 1795 3159 1.
1811 3130 1840 3166 3,
1857 3129 1884 3160 2.

1031 3185 1073 3216 V.
1097 3186 1146 3223 21,
1170 3187 1197 3216 5.
1223 3184 1299 3215 Vid.
1324 3183 1394 3216 eius
1418 3183 1504 3214 coni.
1528 3182 1617 3213 Tull.
1642 3192 1670 3222 p.
1696 3181 1744 3219 13,
1768 3192 1834 3224 seq.

1903 974 1934 999 10

1900 1346 1932 1372 15
