2062 3565
151 177 177 215 4
548 174 630 215 ΕΡ.
668 174 740 214 ΑΙ)
774 173 818 212 Τ.
860 169 1152 211 POMPONIIJ
1157 170 1202 210 M
1237 168 1499 209 AT'HCL'M.

151 324 279 364 neque
313 309 501 350 victoriae
536 309 637 349 ratio
672 306 850 361 quaesita
883 319 1060 359 unquam
1103 304 1168 354 sit,
1212 317 1364 358 semper
1404 303 1624 358 flagitiosae
1669 309 1709 345 et
1750 302 1910 344 calami-

150 387 260 424 tosae
294 381 426 437 fugae.
460 381 665 431 Eundum,
701 386 759 430 ut,
795 391 1074 432 quemcunque
1107 376 1187 417 fors
1220 376 1360 417 tulerit
1393 391 1543 426 casum,
1578 375 1744 418 subeam
1776 375 1911 432 potius

151 470 244 496 cum
275 455 339 504 iis,
373 454 443 509 qui
476 453 666 494 dicuntur
699 467 782 493 esse
816 449 926 500 boni,
972 463 1093 503 quam
1135 448 1272 490 videar
1313 464 1336 490 a
1379 448 1496 491 bonis
1539 448 1766 490 dissentire.
1823 448 1914 490 Etsi

150 526 381 583 propediem
412 525 528 566 video
560 524 771 573 bonorum,
804 522 847 563 id
881 526 942 563 est
991 521 1193 562 lautorum
1227 525 1268 562 et
1299 521 1578 577 locupletium,
1623 520 1764 563 urbem
1795 521 1915 563 refer-

115 619 129 643 5
150 604 234 641 tam
259 598 355 650 fore,
389 599 620 654 municipiis
654 612 746 639 vero
778 597 842 638 his
890 596 1041 638 relictis
1074 596 1390 639 refertissimam.
1440 597 1532 649 Quo
1567 612 1641 652 ego
1673 598 1718 638 in
1746 611 1915 639 numero

151 687 291 722 essem,
325 674 359 714 si
391 672 464 714 lios
495 673 655 713 lictores
696 670 999 712 molestissimos
1042 685 1125 711 non
1165 669 1370 722 haberem,
1420 686 1494 712 nec
1536 686 1599 712 me
1644 670 1721 712 Μ’.
1754 669 1914 726 Lepidi,

150 744 199 786 L.
232 744 421 795 Volcatii,
455 745 538 786 Ser.
573 743 743 798 Sulpicii
777 742 971 784 comitum
1002 743 1240 798 poeniteret,
1287 758 1458 798 quorum
1491 758 1609 784 nemo
1641 757 1716 783 nec
1751 742 1914 783 stultior

150 821 211 858 est
244 832 365 872 quam
396 816 443 858 L.
475 815 692 866 Domitius,
727 830 799 856 nec
833 815 1128 856 inconstantior
1161 830 1281 870 quam
1315 817 1422 871 App.
1456 815 1667 857 Claudius.
1723 819 1762 857 4.
1799 815 1917 857 Unus

150 890 365 945 Pompeius
397 904 460 930 me
493 895 627 929 movet
659 887 867 939 beneficio,
902 903 984 929 non
1020 889 1275 930 auctoritate.
1330 889 1462 940 Quam
1514 889 1621 930 enim
1662 889 1729 930 ille
1773 888 1921 931 habeat

95 982 130 1007 10
151 963 429 1005 auctoritatem
461 962 505 1003 in
536 961 611 1003 hac
646 963 791 1003 causa?
826 962 909 1017 qui,
946 975 1071 1017 quum
1105 977 1243 1003 omnes
1277 962 1487 1004 Caesarem
1510 961 1803 1014 metuebamus,
1833 963 1921 1018 ipse

150 1052 242 1078 eum
275 1035 495 1091 dih'gebat3
529 1040 745 1091 postquam
791 1036 876 1091 ipse
920 1041 1097 1077 metuere
1144 1036 1289 1091 coepit,
1335 1041 1453 1091 putat
1501 1051 1638 1077 omnes
1681 1036 1818 1078 hostes
1860 1034 1920 1076 illi

151 1114 330 1166 oportere
364 1124 460 1151 esse.
493 1108 650 1151 Ibimus
683 1114 819 1150 tamen
853 1109 1079 1160 Luceriam,
1125 1124 1199 1150 nec
1233 1124 1324 1150 011111
1353 1108 1521 1150 fortasse
1545 1107 1762 1150 delectabit
1784 1112 1920 1149 noster

150 1183 361 1225 adventus.
394 1181 659 1224 Dissimulare
693 1182 801 1223 enim
835 1197 916 1223 non
950 1187 1087 1236 potero
1122 1181 1236 1232 mihi,
1272 1197 1373 1235 quae
1408 1181 1540 1223 adhuc
1574 1187 1664 1222 acta
1697 1186 1806 1231 sunt,
1841 1179 1920 1221 dis-

149 1257 310 1313 plicere.
364 1257 452 1312 Ego
487 1256 520 1296 si
554 1269 738 1296 somnum
772 1270 911 1313 capere
944 1270 1115 1310 possem,
1162 1260 1244 1296 tam
1278 1255 1409 1310 longis
1442 1260 1481 1296 te
1515 1254 1695 1311 epistolis
1729 1269 1810 1296 non
1847 1253 1916 1294 ob-

95 1348 126 1373 15
149 1330 372 1373 tunderem.
404 1330 479 1380 Tu,
515 1329 548 1370 si
581 1327 654 1369 tibi
690 1328 828 1370 eadem
863 1343 978 1370 causa
1013 1333 1086 1378 est,
1122 1343 1183 1368 me
1217 1342 1470 1369 remunerere
1505 1342 1598 1369 sane
1634 1327 1768 1369 velim.

194 1496 209 1526 1
234 1494 386 1536 quaesita·
401 1494 442 1526 sit
467 1505 599 1536 unquam
622 1493 678 1524 sed
697 1501 813 1531 semper
835 1510 875 1514 --

154 1654 206 1693 sit,
228 1653 486 1695 Wesenbergius
509 1653 648 1684 Emend.
671 1662 701 1693 p.
727 1651 763 1683 17
788 1661 846 1692 pro
869 1653 899 1680 et
914 1660 1012 1690 semp
1030 1649 1125 1680 dum
1157 1649 1238 1681 mihi
1272 1659 1288 1681 e
1314 1649 1501 1690 faciendum
1533 1651 1740 1681 decurtatum
1781 1648 1922 1680 videtur.

156 1708 198 1739 sit
219 1709 265 1739 ut.
288 1707 349 1739 Uti
323 1712 477 1748 trumque
499 1706 616 1747 recepi.
659 1705 695 1735 Ut
719 1722 759 1728 —
783 1674 1035 1736 contrahanturl
1102 1702 1322 1744 Locupzetz‘um.
1361 1703 1459 1734 Hanc
1495 1703 1635 1735 formam
1663 1703 1695 1734 h.
1718 1702 1740 1733 l.
1770 1708 1802 1733 et
1837 1700 1921 1732 VII.

156 1766 204 1792 est
225 1761 410 1792 subiectum
432 1769 464 1790 v.
480 1758 606 1799 paraui
631 1760 665 1789 ut
688 1758 731 1787 sit
754 1758 874 1799 pendet
897 1767 915 1787 a
936 1757 992 1788 sic.
1033 1756 1087 1793 ;‚7
1111 1756 1129 1788 7
1152 1756 1284 1794 retinui,
1308 1757 1367 1787 etsi
1391 1766 1407 1788 e
1430 1757 1500 1787 cod.
1526 1756 1614 1788 Med.
1647 1754 1834 1797 locupletum
1865 1763 1921 1785 no-

198 1814 218 1853 §
241 1814 269 1844 3.
296 1812 448 1853 Quae-rita
471 1822 606 1853 unquam
628 1811 682 1847 sit,
719 1820 837 1851 semper
860 1816 921 1841 cet.
959 1809 1035 1842 Sic
1034 1851 1035 1854 Ἴ
1061 1816 1158 1842 tatur.
1184 1811 1272 1842 Nam
1295 1811 1448 1842 meliores
1469 1810 1544 1841 libri
1567 1810 1629 1841 ium
1652 1810 1687 1841 in
1703 1810 1765 1840 hoc
1788 1807 1925 1839 nomine

155 1865 307 1907 proxime
329 1865 371 1896 ad
392 1865 528 1895 ductum
549 1864 619 1895 eod.
631 1863 744 1900 Med„
774 1863 808 1894 in
831 1873 898 1903 quo
920 1858 1035 1894 initio
1034 1864 1219 1918 praebent
1241 1864 1342 1895 Tusc.
1366 1864 1408 1895 V.
1433 1864 1484 1895 58.
1509 1863 1572 1897 Off.
1596 1864 1643 1895 ΙΙ.
1656 1863 1694 1896 27
1706 1868 1739 1894 et
1751 1863 1822 1893 cod.
1838 1861 1923 1901 Pog-

156 1918 313 1958 seriptum
334 1922 384 1949 est
405 1917 550 1958 quaesita
573 1926 703 1958 unquam
727 1926 755 1946 sc
767 1926 896 1956 semper
918 1889 1039 1984 Quodk
1063 1918 1181 1958 gianus
1206 1918 1240 1949 in
1262 1918 1315 1949 his
1339 1918 1485 1958 epistolis
1507 1918 1535 1949 Ι.
1561 1918 1609 1955 19,
1632 1919 1653 1948 4
1675 1926 1742 1948 non
1759 1916 1855 1948 aliter
1869 1916 1925 1948 ha-

155 1972 258 2012 vulgo
281 1970 388 2002 editur
411 1970 585 2002 correctori
608 1970 755 2001 debetur.
778 1968 945 2000 Particula
963 1967 1039 2004 sed
1063 1972 1139 2003 bere
1161 1972 1299 2003 videtur,

157 2026 242 2058 nihil
263 2035 344 2067 opus
367 2031 425 2058 est.
1036 1985 1041 2058 1
1107 2026 1136 2066 ξ.
1160 2028 1189 2056 4.
1214 2025 1246 2056 Si
1269 2025 1327 2057 tibi
1348 2025 1457 2057 eadem
1480 2035 1578 2056 causa
1591 2027 1646 2060 *est
1669 2035 1702 2056 o:
1738 2024 1765 2055 si
1795 2030 1827 2056 te
1849 2033 1925 2065 quo-

199 2078 354 2111 Eundum.
367 2079 539 2110 Manutius
554 2078 925 2119 adscripsitzLuceriam.
940 2077 1019 2110 Gro-
1039 2070 1041 2089 ⁴
1065 2088 1129 2120 que
1152 2079 1317 2110 insomnia
1338 2085 1450 2116 vexat,
1473 2078 1500 2109 si
1523 2087 1569 2115 ea,
1592 2087 1676 2118 quae
1710 2087 1798 2108 nune
1831 2077 1924 2113 fiunt,

158 2133 292 2166 novius:
327 2147 340 2158 n
353 2133 399 2164 ita
432 2133 586 2170 breviter,
611 2138 647 2164 ut
669 2133 727 2164 sit:
761 2138 871 2163 tamen
894 2137 1021 2173 oportet
1065 2132 1125 2163 tibi
1148 2142 1301 2163 somnum
1326 2132 1481 2172 eripiunt.

159 2195 214 2218 me
251 2185 320 2217 illis
363 2186 547 2218 accedere-'³
584 2185 748 2217 Neutrum
780 2185 895 2226 placet.
940 2184 1020 2216 Evn—
1039 2195 1043 2213 ι

782 2316 844 2356 Π.
911 2318 976 2369 (Α.
1019 2319 1063 2360 U.
1103 2320 1145 2360 C.
1183 2319 1301 2372 705.)

231 2456 271 2496 1.
305 2452 412 2496 Mihi
445 2467 536 2494 vero
571 2453 702 2494 omnia
735 2463 861 2508 grata,
897 2460 937 2496 et
970 2456 1078 2510 quod
1112 2455 1307 2511 scripsisti
1341 2455 1392 2497 acl
1424 2470 1487 2496 me
1523 2469 1623 2509 quae
1665 2453 1863 2504 audieras,
1887 2458 1928 2494 et

168 2527 276 2584 quod
309 2541 391 2568 11011
424 2523 629 2566 credidisti
664 2540 763 2579 quae
798 2526 920 2582 digna
954 2527 1163 2583 diligentia
1196 2543 1285 2569 mea
1316 2542 1399 2569 non
1439 2534 1565 2577 erant,
1611 2532 1650 2568 et
1683 2525 1792 2581 quod
1843 2540 1926 2566 mo-

167 2600 295 2643 nuisti
327 2597 436 2655 quod
469 2595 682 2639 sentiebas.
734 2599 821 2653 Ego
855 2599 905 2641 ad
939 2600 1149 2642 Caesarem
1181 2616 1282 2642 unas
1316 2600 1454 2656 Capua
1486 2600 1623 2641 literas
1646 2597 1754 2649 dedi,
1779 2596 1927 2653 quibus

134 2697 148 2721 5
168 2673 220 2715 ad
251 2688 298 2715 ea
328 2669 527 2726 rescripsi,
570 2686 670 2724 quae
716 2687 871 2713 mecum
915 2673 983 2714 ille
1026 2673 1075 2715 de
1119 2672 1410 2729 gladiatoribus
1454 2673 1537 2714 suis
1581 2675 1729 2727 egerat,
1774 2669 1927 2720 breves,

169 2745 239 2788 sed
270 2742 590 2787 benevolentia-m
624 2743 907 2798 significanteS,
941 2761 1023 2787 non
1057 2746 1175 2788 modo
1209 2746 1294 2787 sine
1314 2744 1570 2797 contumelia,
1596 2744 1665 2786 sed
1689 2743 1812 2786 etiam
1835 2757 1928 2784 cum

169 2818 341 2860 maxima
372 2814 490 2857 laude
524 2816 718 2871 Pompeii.
753 2817 802 2859 Id
835 2818 941 2859 enim
974 2818 1041 2860 illa
1077 2818 1275 2860 sententia-
1307 2816 1553 2873 postulabat,
1600 2832 1679 2872 qua
1718 2815 1833 2857 illum
1878 2814 1929 2856 ad

213 3008 233 3048 ξ
256 3007 286 3038 1.
313 3004 403 3047 Quod
421 3014 484 3035 non
515 3001 681 3034 credidisti
708 3014 786 3045 quae
820 3005 916 3045 (liqna
949 3005 1023 3036 dili·
1110 3006 1160 3037 De
1177 3005 1411 3047 qladz'atoribus
1432 3005 1511 3036 suis.
1537 3004 1589 3036 Cf.
1612 3004 1695 3037 VH.
1718 3003 1768 3041 14,
1792 3002 1824 3034 2.

166 3061 278 3103 (sentia.
299 3070 367 3091 mea
389 3068 450 3090 non
464 3058 554 3089 erant
567 3066 601 3087 o:
624 3058 712 3098 quod
722 3058 820 3089 fidem
832 3059 960 3099 negasti
974 3059 1024 3096 iis,
1114 3059 1187 3089 Cum
1210 3058 1347 3089 maa-ima
1369 3057 1464 3088 laude
1485 3056 1640 3098 Pompeii.
1669 3056 1768 3095 Quod
1790 3055 1826 3086 in
1838 3054 1928 3086 Med.

171 3125 256 3156 quae
278 3116 318 3146 de
335 3122 390 3145 me
407 3111 605 3149 ferebantur,
621 3117 656 3141 ut
669 3111 726 3152 qui
737 3112 836 3143 nimis
854 3113 974 3144 blande
986 3112 1025 3144 ad
1070 3123 1129 3154 pro
1151 3123 1218 3144 cunc
1240 3113 1398 3154 scriptum
1420 3117 1469 3144 est
1490 3112 1592 3149 huius,
1614 3120 1682 3142 non
1707 3110 1792 3141 tanti
1813 3112 1871 3146 est,
1894 3114 1932 3139 ut

174 3169 347 3203 Caesarem
370 3166 570 3208 scripsissem
583 3174 658 3197 cum
671 3165 850 3200 offensione
863 3166 1023 3207 Pompeii.
1073 3168 1106 3199 id
1128 3172 1304 3209 reponatur
1325 3168 1434 3200 deleto
1457 3168 1592 3200 nomine
1614 3165 1762 3207 Pompeii,
1795 3171 1832 3197 ut
1862 3165 1929 3205 pla-
