2062 3565
662 167 767 209 LIB.
805 168 878 209 [X.
917 167 998 209 ΕΡ.
1038 168 1106 208 ll.
1145 169 1214 207 12.
1766 164 1808 203 7]

53 311 188 352 nostro
220 305 372 349 tuendo
405 309 446 346 et
478 304 553 346 tibi
587 318 632 346 ac
666 304 722 345 rei
756 302 942 359 publicae
977 301 1274 344 reconciliando
1307 316 1403 343 cura
1432 307 1470 343 te
1496 300 1674 355 attingit,
1695 303 1820 356 magis

53 380 258 432 idoneum,
293 393 411 434 quam
445 393 519 434 ego
552 393 654 428 sum,
689 377 737 419 ad
772 392 859 419 eam
894 391 1054 419 causam
1089 376 1266 433 profecto
1301 375 1471 432 reperies
1504 374 1720 425 neminem,
1751 375 1817 429 qui

54 457 96 497 et
135 452 196 496 illi
242 466 397 508 semper
438 456 479 493 et
523 451 695 502 senat-ui,
741 466 864 506 quum
914 450 1087 505 primum
1129 450 1256 506 potui,
1303 449 1410 505 pacis
1455 452 1593 490 auctor
1627 447 1698 499 fui,
1749 462 1820 489 nec

28 525 224 583 ¹sumptis
266 525 400 576 armis,
450 524 545 566 belli
587 523 708 565 ullam
743 529 895 580 partem
930 524 1047 578 attigi
1082 523 1340 578 iudicavique
1374 538 1420 563 eo
1454 521 1559 563 bello
1592 527 1631 562 te
1666 521 1819 571 violari,

18 642 30 654 ,,
56 604 194 644 contra
240 599 356 641 cuius
400 597 592 640 honorem
641 597 779 653 populi
813 597 985 640 Romani
1020 596 1212 639 beneficio
1246 610 1478 637 concessum
1513 594 1668 636 inimici
1702 599 1820 649 atque
1858 610 1871 634 5

0 683 21 725 ,’
55 651 182 717 invffli
230 671 469 714 niterentur.
525 670 602 713 Sed
646 676 689 712 ut
733 686 779 712 eo
822 675 1000 726 tempore
1034 685 1114 711 non
1148 669 1266 711 modo
1299 669 1384 724 ipse
1417 667 1576 710 adiutor
1610 668 1822 724 divnitatis

56 750 149 788 tuae
181 744 254 796 fui,
287 759 425 787 verum
458 744 578 786 etiam
613 745 756 786 ceteris
789 748 927 786 auctor
960 743 1010 784 ad
1043 749 1081 785 te
1099 742 1387 792 adiuvandum,
1412 741 1469 783 sic
1492 757 1554 783 me
1577 756 1685 783 nunc
1704 742 1820 784 Pom—

2 846 26 866 η
52 812 136 878 Ῥθὶἰ
167 817 344 874 dignitas
377 817 631 860 vehementer
665 822 811 859 movet.
869 817 1035 873 Aliquot
1067 817 1175 858 enim
1209 820 1303 857 sunt
1336 816 1446 866 anni,
1481 830 1605 870 quum
1639 830 1707 857 vos
1741 815 1822 858 duo

0 881 21 931 ’ᾗ
56 891 200 948 delegi,
245 906 345 947 quos
378 891 589 948 praecipue
634 891 804 933 colerem
838 896 878 933 et
911 889 1058 946 quibus
1093 905 1233 941 essem,
1268 890 1373 931 sicut
1406 904 1508 940 sum,
1543 889 1822 931 amicissimus.

0 954 29 1057 ἔ
57 966 99 1007 8.
131 963 402 1017 Quamobrem
434 979 458 1006 a
490 970 529 1006 te
563 970 655 1021 peto
688 965 749 1006 vel
783 965 917 1021 potius
951 963 1139 1006 omnibus
1171 968 1211 1005 tc
1246 962 1432 1020 plecibus
1465 977 1533 1004 oro
1567 968 1607 1005 et
1630 962 1822 1015 obtestor,
1846 977 1879 1003 10

0 1148 25 1170 J..
55 1110 172 1163 tioni,
221 1115 267 1152 nt
310 1114 381 1152 tuo
424 1109 618 1152 beneficio
662 1110 793 1152 bonus
838 1111 911 1162 vir,
944 1114 1097 1166 gratus,
1134 1110 1224 1165 pius
1258 1109 1431 1165 denique
1465 1125 1550 1151 esse
1583 1109 1626 1152 in
1660 1109 1823 1151 maximi

0 1173 33 1251 εξ.
56 1183 240 1226 beneficii
271 1183 462 1226 memoria
495 1184 657 1239 possim.
691 1184 805 1236 Quae
839 1185 873 1226 si
906 1188 1066 1226 tantum
1100 1183 1149 1225 ad
1185 1198 1247 1225 me
1279 1183 1412 1239 ipsum
1447 1183 1706 1240 pertinerent,
1737 1198 1823 1238 spe-

56 1272 183 1301 rarem
214 1273 278 1300 me
311 1272 334 1299 a
364 1261 405 1299 te
436 1262 573 1299 tamen
605 1258 929 1315 impetraturum,
975 1257 1059 1308 sed,
1095 1262 1140 1299 ut
1185 1256 1369 1308 arbitror,
1404 1262 1444 1299 et
1477 1256 1528 1298 ad
1560 1261 1672 1298 tuam
1706 1256 1823 1298 fidem

58 1041 104 1081 ut
132 1037 176 1080 in
206 1037 290 1079 tuis
332 1037 516 1079 maximis
562 1037 668 1079 curis
702 1037 855 1093 aliquid
887 1038 1095 1093 impertias
1130 1037 1322 1093 temporis
1354 1036 1449 1078 huic
1482 1052 1641 1091 quoque
1674 1037 1823 1092 cogita-

57 1334 98 1373 et
139 1330 189 1372 ad
232 1345 315 1372 rem
365 1326 567 1388 publicam
601 1332 788 1389 pertinet,
822 1347 883 1374 me
917 1348 964 1374 ex
1000 1332 1139 1388 paucis
1173 1337 1213 1373 et
1246 1331 1296 1373 ad
1333 1331 1412 1373 utri
1444 1346 1540 1386 sque
1574 1335 1752 1372 vestrum
1786 1337 1826 1372 et
1848 1342 1880 1368 15

56 1403 108 1446 ad
139 1403 288 1446 civium
320 1404 576 1446 concordiam
611 1420 680 1461 per
712 1409 752 1446 te
786 1420 906 1460 quam
941 1404 1401 1447 accommodatissimum
1513 1403 1674 1445 servari.
1722 1403 1824 1459 Ego,

56 1491 181 1533 quum
230 1482 348 1519 antea
392 1477 470 1520 tibi
518 1478 568 1521 de
613 1479 788 1521 Lentulo
821 1479 971 1534 gratias
1004 1479 1188 1535 egissem,
1223 1493 1347 1533 quum
1380 1478 1417 1519 ei
1451 1477 1586 1529 saluti,
1621 1478 1691 1533 qui
1723 1478 1823 1520 mihi

56 1549 200 1602 fuerat,
233 1549 391 1603 fuisses,
424 1557 561 1594 tamen
592 1552 707 1595 lectis
740 1553 827 1594 eius
859 1553 1002 1604 literis,
1037 1568 1136 1608 quas
1169 1551 1220 1594 ad
1253 1567 1315 1593 me
1350 1551 1577 1607 gratissimo
1611 1551 1744 1592 animo
1778 1551 1826 1593 de

21 1626 26 1643 ¹*
57 1628 130 1667 tua
167 1623 408 1667 liberalitate
456 1625 729 1681 beneficioque
773 1626 897 1678 misit,
941 1625 1109 1667 eandem
1154 1640 1216 1666 me
1261 1621 1430 1666 salutem
1473 1639 1496 1665 a
1540 1628 1580 1665 tc
1629 1623 1827 1680 accepisse

19 1727 21 1730 -
55 1697 197 1754 putavi
239 1712 360 1753 quam
398 1698 480 1750 ffle,
530 1699 573 1741 in
616 1714 735 1754 quem
780 1699 814 1741 si
857 1714 920 1741 me
951 1698 1146 1754 intelligis
1178 1713 1262 1740 esse
1295 1703 1469 1753 gratum,
1504 1712 1615 1748 cura,
1649 1696 1826 1749 obsecro,
1848 1715 1884 1741 20

22 1804 27 1810 .
58 1774 106 1813 ut
135 1771 257 1813 etiam
287 1771 333 1814 in
365 1772 603 1829 Pompeium
636 1787 721 1814 esse
753 1772 916 1830 possim.

101 1935 121 1968 6
133 1936 254 1978 fizutor
273 1936 443 1979 diynitatis
462 1955 505 1961 —
528 1938 566 1970 15
589 1948 606 1970 e
621 1922 737 1980 paneis
761 1939 810 1980 (in
833 1938 924 1972 Med.
945 1939 977 1969 et
992 1937 1113 1978 pacis).

58 2092 202 2116 mannus
223 2093 275 2126 ep.
295 2085 354 2117 sel.
376 2095 411 2127 p.
430 2086 501 2124 183,
524 2086 662 2118 laudans
694 2096 738 2119 cx
772 2093 852 2119 orat.
886 2098 916 2129 p.
966 2089 1033 2120 lam
1057 2088 1104 2119 uti
1126 2098 1143 2120 e
1165 2087 1246 2128 repb.
1259 2087 1389 2130 fideque
1410 2097 1468 2118 sua
1494 2086 1662 2124 videretur,
1681 2095 1766 2128 quac
1782 2090 1830 2118 est

58 2135 189 2176 Flacco,
213 2138 241 2169 1.
261 2138 390 2170 honoris
411 2138 596 2172 adiutorem.
967 2142 1001 2173 in
1025 2140 1113 2173 SCto
1136 2142 1222 2182 apud
1249 2139 1396 2172 Gellium
1418 2139 1498 2171 XV.
1523 2139 1559 2171 11
1585 2144 1618 2171 et
1642 2139 1734 2170 alibi.

100 2190 120 2231 ξ
143 2191 170 2222 3.
196 2191 343 2224 Omnibus
364 2195 395 2225 te
410 2194 556 2234 precibus
577 2205 642 2226 oro.
665 2195 766 2228 Recte
786 2195 919 2227 Lambi—
1008 2195 1058 2228 De
1080 2195 1223 2227 Lentulo.
1245 2195 1286 2227 cf.
1310 2195 1409 2226 VIII.
1432 2195 1462 2232 9,
1485 2195 1506 2226 4
1529 2199 1562 2226 et
1583 2194 1676 2235 epist.
1699 2202 1828 2235 praece-

61 2252 124 2275 nus
145 2243 192 2274 sic
212 2245 304 2276 dedit
324 2245 359 2277 in
382 2247 534 2287 margine
546 2248 597 2280 ed.
611 2248 703 2279 1584.
726 2248 821 2280 Libri
837 2248 918 2280 Mss.
968 2252 1059 2289 dens,
1085 2252 1112 2283 1.

29 2339 32 2342 ,
61 2304 121 2336 pro
143 2297 174 2327 te
195 2296 319 2329 habent
340 2299 379 2336 et,
403 2299 491 2330 unde
513 2299 548 2331 in
563 2300 780 2332 dete1ioribus
795 2300 916 2332 factum
1010 2305 1147 2337 Eandem
1183 2316 1229 2336 me
1262 2305 1396 2335 salutem
1428 2315 1448 2334 a
1484 2306 1516 2334 te
1537 2303 1694 2344 accepisse
1718 2303 1831 2343 putavi

62 2352 112 2393 est
132 2347 246 2385 etiam5
275 2349 416 2382 editores
438 2351 585 2393 plerique
607 2352 695 2384 male
717 2353 803 2384 illud
832 2353 917 2385 abie-
970 2370 1060 2400 quam
1083 2359 1150 2390 ille.
1173 2359 1339 2391 Latinitas
1352 2358 1504 2400 postulat,
1521 2362 1558 2388 ut
1569 2357 1728 2389 scribatur
1742 2367 1830 2397 quam

61 2405 187 2433 cerunt.
208 2401 402 2435 Formulam
423 2404 562 2436 omnibus
578 2405 725 2446 precibus
757 2406 920 2448 exemplis
968 2411 1068 2443 illum.
1098 2412 1176 2443 Non
1199 2412 1286 2443 male
1316 2411 1469 2442 Klotzius
1505 2415 1637 2452 propter
1668 2409 1830 2441 defectum

63 2455 243 2488 illustravit
265 2458 438 2491 Bentleius
460 2460 502 2491 ad
522 2459 606 2492 Hor·
623 2459 733 2492 Car-m
747 2461 811 2492 IV·
827 2463 856 2497 5
870 2462 920 2493 13
970 2467 1063 2498 verbi
1091 2465 1204 2507 putavi
1234 2466 1267 2497 in
1300 2466 1389 2497 Med.
1420 2464 1603 2505 suspicatur
1636 2463 1831 2495 Ciceronem

103 2507 156 2539 Aa!
174 2511 261 2541 tuam
272 2510 371 2551 fidem
394 2513 426 2542 ει
447 2511 493 2542 ad
520 2522 614 2553 remp.
641 2513 792 2553 pertinel-
825 2513 922 2555 Cogi-
969 2519 1151 2560 scripsisse:
1183 2519 1313 2550 eandem
1344 2517 1419 2549 milti
1449 2517 1555 2549 videor
1588 2516 1720 2548 salutem
1751 2527 1771 2547 a
1803 2517 1834 2545 te

59 2564 151 2597 tabat
171 2564 308 2600 fortasse
329 2566 409 2600 haec
429 2567 577 2599 scribens
598 2568 782 2600 solemnem
798 2567 918 2600 formu-
971 2572 1137 2614 accepisse,
1159 2582 1250 2614 quam
1271 2571 1338 2602 ille.

667 2709 769 2751 XII.
837 2710 902 2765 (A.
944 2712 990 2753 U
1028 2713 1227 2766 (1705)

129 2846 169 2886 1.
219 2845 411 2900 Legeram
457 2851 547 2888 tuas
596 2847 729 2889 literas
776 2861 877 2890 x111.
922 2849 1111 2901 Kalend„
1157 2866 1280 2906 quum
1323 2851 1421 2892 mihi
1466 2850 1633 2906 epistola
1668 2850 1832 2890 affertur

66 2931 90 2958 a
119 2917 260 2974 Lepta,
304 2917 649 2960 circumvallatum
692 2935 776 2962 esse
809 2921 1061 2977 Pompeium,
1096 2923 1250 2964 ratibus
1283 2923 1403 2964 etiam
1438 2922 1569 2965 exitus
1603 2927 1742 2979 portus
1776 2925 1834 2961 te-

65 2990 166 3032 neri.
213 2990 311 3032 Non
353 2989 632 3033 mediusfidius
673 3007 763 3047 prae
811 2993 987 3035 lacrimis
1038 3011 1199 3051 possum
1245 2996 1400 3051 reliqua
1443 3011 1516 3038 nec
1549 2995 1723 3051 cogitare
1757 3008 1831 3034 nec

113 3180 130 3218 ξ
164 3179 192 3210 1.
221 3179 379 3222 Leqeram.
414 3180 470 3213 Sir.-
495 3185 582 3213 recte
605 3191 694 3214 nunc
717 3181 817 3214 edidit
841 3181 932 3215 Orel-
954 3172 958 3206 l
979 3185 1053 3223 lius,
1077 3195 1178 3225 quum
1202 3186 1235 3216 in
1258 3184 1408 3216 Mediceo
1427 3189 1511 3216 esset
1533 3184 1674 3224 lqerem,
1698 3191 1749 3212 un«
1744 3181 1825 3212 «leis

0 3107 517 3565 Ξ
