2062 3565
127 981 161 1007 10

182 172 235 210 28
581 168 664 209 ΕΡ.
700 168 776 208 ΑΙ)
809 166 854 206 Τ.
891 162 1240 206 POMPONIUM
1274 159 1538 202 ATTICUM.

178 306 288 347 viora
320 304 529 346 ducebam.
562 302 664 345 Inde
698 305 882 356 suscepto
916 298 1034 349 bello,
1068 311 1193 352 quum
1227 296 1336 351 pacis
1369 294 1622 337 conditiones
1656 294 1707 336 ad
1738 300 1777 336 te
1817 294 1951 337 afferri

178 393 201 420 a
249 382 369 432 teque
413 376 463 418 ad
507 391 554 417 ea
584 374 800 416 honorifice
833 377 874 414 et
906 372 1015 426 large
1047 368 1279 425 responderi
1312 367 1502 419 viderem,
1537 368 1635 410 duxi
1667 383 1797 410 meam
1829 368 1949 410 ratio-

178 465 284 502 nem,
320 464 440 505 quam
471 447 547 490 tibi
581 446 696 489 facile
729 461 791 487 me
824 443 1088 500 probaturum
1120 457 1192 498 pro
1225 446 1297 484 tuo
1329 442 1373 483 in
1405 456 1468 482 me
1491 440 1686 483 beneficio
1710 440 1950 484 arbitrabar.

179 523 444 565 Memineram
475 536 539 563 me
571 534 656 562 6556
688 533 829 568 111111111,
865 517 935 571 (1111
967 531 1039 572 pro
1070 516 1169 558 meis
1202 515 1387 556 maximis
1419 514 1462 556 in
1495 530 1579 556 rem
1612 513 1817 570 publicam
1833 515 1952 556 meri-

180 597 234 638 tis
282 595 480 652 supplicia
521 592 744 634 miserrima
788 596 828 632 et
861 589 1138 631 crudelissima
1170 588 1439 644 pertulissem,
1473 603 1536 630 me
1569 603 1653 630 esse
1686 603 1828 638 unum,
1863 587 1948 642 qui,

181 671 215 712 si
248 669 501 711 offendissem
534 667 619 708 eius
664 665 858 715 animum,
894 663 959 705 cui
992 668 1095 714 tum,
1130 677 1255 717 quum
1288 662 1369 703 iam
1402 661 1446 703 in
1479 661 1599 704 armis
1632 675 1823 712 6556111115,
1857 675 1951 702 6011-

181 744 335 786 sulatus
367 748 503 784 tamen
535 741 634 782 alter
656 744 696 782 et
718 737 948 794 triumphus
972 736 1243 793 amplissimus
1267 734 1535 786 deferebatur,
1561 734 1780 776 subiicerer
1802 733 1952 776 eisdem

181 816 378 872 procellis,
424 820 468 856 ut
501 829 588 856 mea
630 827 796 869 persona
829 826 983 867 semper
1017 809 1067 852 ad
1101 809 1375 866 improborum
1408 809 1557 851 civium
1591 809 1766 864 impetus
1800 807 1952 862 aliquid

182 889 381 930 videretur
429 886 573 928 habere
623 885 826 942 populare.
877 885 1021 938 Neque
1066 883 1163 924 haec
1209 898 1289 924 non
1339 897 1412 937 ego
1446 882 1555 937 prius
1589 897 1678 923 sum
1711 882 1952 938 suspicatus,

183 977 300 1017 quam
343 961 440 1002 mihi
490 961 619 1016 palam
669 959 907 1001 denuntiata
940 962 1048 1008 sunt,
1084 971 1212 1011 neque
1245 971 1292 998 ea
1324 961 1406 997 tam
1440 955 1644 1010 pertimui,
1678 956 1711 996 si
1744 955 1955 997 subeunda

182 1040 328 1085 essent,
363 1049 482 1089 quam
516 1032 755 1076 declinanda
796 1032 948 1087 putavi,
995 1031 1029 1072 si
1062 1030 1227 1072 honeste
1261 1030 1385 1071 vitare
1420 1043 1590 1084 possem.
1627 1032 1667 1069 8.
1702 1029 1835 1080 Quam
1867 1027 1954 1070 bre-

184 1123 271 1150 vem
303 1108 412 1149 illius
444 1108 650 1163 temporis,
685 1106 782 1148 dum
815 1105 858 1147 in
892 1121 960 1162 spe
995 1121 1070 1161 pax
1105 1104 1197 1155 fuit,
1231 1103 1428 1145 rationem
1453 1107 1630 1144 nostram
1654 1101 1786 1153 vides3
1810 1101 1955 1156 reliqui

184 1181 412 1223 facultatem
447 1196 509 1222 res
542 1180 705 1223 ademit.
738 1179 796 1221 Iis
829 1185 978 1229 autem,
1013 1177 1160 1233 quibus
1195 1192 1277 1219 11011
1310 1176 1526 1226 satisfacio,
1562 1175 1678 1217 facile
1706 1173 1952 1230 respondeo:

225 1361 242 1391 6
265 1360 327 1398 cui,
350 1369 416 1391 cnm
439 1358 500 1390 iam
528 1377 564 1382 -—
587 1358 605 1388 8
623 1357 757 1398 proeliis
780 1376 819 1380 —
845 1357 863 1388 9
885 1358 985 1398 Atque
1009 1355 1086 1386 haec
1109 1365 1170 1387 non
1193 1374 1234 1379 ——

226 1517 244 1556 ς’
267 1516 296 1549 7.
319 1515 373 1547 Ad
393 1525 440 1547 ea.
464 1516 573 1547 Immo
595 1517 640 1546 acl
662 1526 715 1546 eas
738 1525 780 1547 sc.
804 1515 1022 1546 conditiones.
1069 1525 1071 1534 ¹
1092 1514 1187 1545 detur
1210 1524 1276 1545 11011
1301 1515 1390 1545 aliud
1413 1520 1470 1550 est,
1494 1523 1592 1554 quam
1624 1513 1650 1543 si
1683 1513 1786 1544 dicas:
1819 1523 1888 1542 uam
1914 1513 1955 1542 vi·

226 1568 313 1600 Duxi
337 1579 433 1600 meam
457 1568 621 1600 rationem.
655 1568 733 1600 Feci
762 1568 850 1609 quod
880 1566 962 1598 mihi
993 1577 1046 1607 op-
1093 1567 1195 1599 (ἰσίαν.
1219 1568 1320 1600 Recte
1343 1567 1552 1608 Mongaltius
1577 1567 1828 1608 interpretatur:
1854 1576 1909 1597 car
1932 1567 1958 1598 il

185 1623 303 1653 timum
326 1621 432 1653 visum
456 1629 514 1653 est.
538 1621 667 1653 Ducere
688 1621 849 1652 rationem
866 1633 903 1646 Ξ
921 1626 1045 1661 putare,
1092 1622 1205 1653 semble
1226 1632 1283 1663 que
1304 1621 1344 1661 je
1373 1621 1437 1652 sois
1466 1620 1591 1652 destine'
1614 1620 1907 1662 particulieremenc
1939 1620 1958 1651 ὰ

187 1674 270 1706 inire
292 1674 464 1706 rationem.
488 1673 536 1705 Cf.
562 1674 658 1705 verr.
682 1674 728 1704 II.
745 1673 784 1703 52
808 1683 868 1703 non
885 1675 947 1703 Iam
965 1671 1047 1702 caeli
1071 1658 1073 1714 ¹
1096 1676 1164 1708 §tre
1186 1687 1224 1707 872*
1247 1676 1332 1707 butte
1354 1686 1419 1706 aug·
1442 1685 1534 1716 eoulm
1556 1674 1611 1706 des
1633 1674 1793 1706 me'chanls
1808 1674 1957 1716 citoyeng,

186 1727 348 1765 rationem,
379 1737 468 1768 quam
497 1726 622 1767 arqenlz‘
651 1725 768 1757 caelati
797 1725 920 1756 decere.
951 1725 1046 1757 Rose.
1072 1725 1073 1733 ¹
1143 1729 1216 1760 Mea
1248 1739 1398 1770 persona.
1430 1728 1612 1760 Personam
1639 1729 1700 1760 hac
1729 1729 1864 1769 quidem
1895 1738 1957 1760 ser-

186 1781 348 1812 A111.128
372 1791 433 1811 non
454 1780 579 1811 laboral
609 1779 647 1811 de
670 1779 819 1820 pecunia,
854 1789 914 1810 non
948 1779 1047 1810 alliu-5
1072 1782 1208 1823 ¹111011is
1247 1789 1353 1815 aetate
1387 1793 1454 1814 ῃοῃ
1503 1783 1568 1814 dici
1601 1782 1772 1814 hominem
1814 1782 1957 1822 singula.

187 1835 341 1866 rationem
363 1834 413 1866 sui
435 1834 582 1866 commodi
603 1833 699 1871 ducii,
724 1840 755 1865 et
777 1834 865 1875 quod
882 1833 979 1874 plane
994 1842 1047 1873 ge·
1072 1826 1075 1903 ¹
1099 1846 1178 1873 rem,
1214 1836 1277 1867 nisi
1310 1836 1435 1867 ratione
1464 1835 1576 1866 habita
1598 1834 1769 1876 dignitatis
1791 1838 1823 1866 et
1844 1844 1957 1866 munc-

187 1888 315 1919 minum
345 1892 401 1925 est,
434 1887 528 1919 Verr.
551 1888 578 1918 1.
615 1886 674 1917 126
703 1882 813 1917 debere
842 1896 907 1917 eum
941 1885 1047 1917 aiebat
1072 1908 1074 1926 ¹
1098 1889 1150 1925 ris,
1181 1889 1268 1930 quod
1292 1889 1384 1929 gerit,
1408 1888 1461 1919 vel
1486 1888 1656 1924 virtutum,
1679 1887 1799 1928 quibus
1821 1891 1956 1918 ornatus

187 1952 275 1973 suam
296 1951 415 1983 quoque
437 1941 592 1972 rationem
614 1941 739 1972 ducere.
1072 1927 1074 1960 ¹
1097 1947 1157 1980 est,
1188 1951 1264 1974 vere
1287 1952 1304 1972 a
1348 1940 1580 1973 Grammaticis
1613 1942 1758 1972 docetur.
1793 1940 1871 1972 Vid.
1896 1940 1955 1972 Pe-

231 1994 288 2027 Cui
310 1996 385 2033 tum,
414 2004 504 2036 quum
534 1993 595 2024 iam
626 1994 660 2024 in
689 1993 786 2025 armis
815 2003 958 2025 essemus.
993 1992 1049 2024 Sic
1096 1997 1153 2028 riz.
1190 1997 1231 2027 ad
1263 1995 1392 2028 Sanctii
1426 1996 1510 2027 Min.
1544 2006 1574 2037 p.
1598 1995 1648 2026 81.
1679 1995 1815 2026 Nolten.
1838 1994 1955 2026 Antib.

187 2049 311 2081 habent
333 2048 425 2081 editt.
447 2053 576 2080 veteres
599 2057 616 2079 e
639 2048 742 2086 codd„
766 2054 803 2078 ut
832 2047 971 2078 videnun
1007 2047 1047 2077 In
1095 2061 1126 2091 p,
1158 2050 1240 2081 1094
1269 2059 1317 2091 sq.
1354 2049 1475 2081 Postea
1504 2056 1662 2090 personae
1700 2048 1798 2080 rebus
1835 2049 1958 2089 opponi

186 2103 266 2135 Med
301 2112 319 2133 a
340 2102 447 2144 prima
470 2111 571 2133 manu
595 2106 663 2133 erat
685 2100 735 2131 cui
757 2103 791 2131 tu
814 2110 878 2131 oum
890 2113 899 2136 ;
923 2109 1046 2132 eorrec-
1070 2068 1074 2136 ¹
1095 2108 1230 2144 coeptae
1253 2108 1341 2134 sunt,

187 2163 237 2188 tor
251 2165 348 2197 supra
365 2155 494 2196 scripsit
508 2155 569 2192 cui,
584 2165 661 2185 cum.
676 2154 768 2185 Illud
782 2153 907 2185 malim.
935 2153 1049 2185 Verba
1069 2140 1073 2216 ¹
1138 2157 1308 2198 Populare.
1333 2157 1549 2188 Illustrantur
1570 2156 1651 2187 haec
1667 2156 1716 2194 iis,
1733 2164 1817 2197 quae
1829 2155 1959 2196 scripsit

183 2220 273 2251 quum
294 2208 358 2240 iam
379 2207 414 2238 in
437 2207 533 2239 armis
566 2216 700 2238 essemus
732 2206 922 2248 explicandi
950 2215 1047 2236 causa
1069 2220 1073 2264 1
1094 2212 1155 2252 Ep,
1179 2212 1208 2248 3,
1232 2212 1249 2241 5
1273 2210 1305 2241 h,
1330 2211 1352 2242 1,
1382 2210 1502 2242 Caesa„-
1517 2209 1643 2251 putabit
1658 2209 1807 2251 fortasse
1821 2208 1854 2239 in
1871 2208 1959 2240 nobis

185 2264 359 2300 adduntur,
384 2267 420 2293 ut
449 2262 484 2292 in
513 2261 565 2292 ΜΞ
594 2260 701 2292 Laelii
732 2261 770 2291 53
800 2258 883 2301 qvod
920 2258 1047 2301 Tarqm·
1071 2265 1072 2271 ¹
1094 2263 1253 2296 violandis
1274 2262 1398 2305 aliquid
1418 2273 1451 2294 se
1474 2263 1588 2295 babere
1597 2263 1762 2304 populare.
1785 2261 1959 2294 Sententia

183 2316 267 2347 niam
300 2315 421 2347 dimisse
445 2315 571 2356 ferunt,
602 2317 663 2344 lum
698 2313 893 2344 exsulantem
931 2323 965 2343 se
1001 2313 1046 2342 iu-

1093 2319 1174 2350 haec
1198 2323 1261 2350 est:
1294 2318 1443 2359 lmprobi
1466 2318 1555 2349 cives
1586 2318 1619 2349 in
1651 2327 1705 2349 me
1738 2317 1881 2358 impetus
1915 2316 1974 2356 fa-v

184 2371 352 2409 redemisse,
377 2381 452 2413 quos
464 2370 548 2410 fidos
569 2369 685 2401 amicos
709 2369 877 2407 habuisset,
902 2378 976 2410 quos
1000 2368 1045 2399 in·
1094 2371 1196 2408 ciunt,
1220 2380 1325 2412 eaque
1348 2371 1474 2402 ratione
1497 2370 1611 2412 populi
1635 2369 1776 2411 grat-iam
1797 2373 1939 2410 captant.

173 2426 269 2467 fidos,
291 2435 381 2467 qaum
403 2424 465 2455 iam
489 2423 610 2455 neutris
629 2423 769 2464 qratiam
792 2423 914 2463 referre
927 2425 1044 2464 posset.
1135 2423 1241 2465 Neque
1265 2423 1343 2454 haec
1366 2434 1426 2454 non
1449 2433 1504 2464 esso
1521 2423 1614 2464 prius
1636 2428 1696 2454 cet.
1731 2421 1854 2462 Scripsi
1883 2432 1956 2452 cum

226 2480 406 2511 Rubiieerer
428 2478 544 2510 eisdem
560 2477 721 2519 procellis.
751 2478 828 2508 Non
853 2482 1046 2508 cunctanter
1068 2497 1070 2507 .
1094 2476 1119 2507 C
1154 2476 1191 2507 F.
1215 2476 1362 2507 Mullero
1386 2476 1419 2507 in
1443 2476 1566 2507 Philol.
1590 2475 1689 2506 XIX.
1713 2485 1743 2516 p.
1760 2474 1831 2506 326.
1855 2473 1958 2505 Codd.

183 2534 290 2575 recepi
325 2533 572 2570 correctionem,
619 2542 718 2573 quam
753 2531 872 2572 aliquis
908 2531 1045 2572 protulit
1068 2511 1071 2571 ¹
1093 2530 1202 2571 Atque,
1227 2530 1315 2570 quod
1338 2540 1403 2561 non
1428 2529 1601 2561 ferendum
1623 2538 1694 2561 esse
1708 2528 1777 2570 ipsa
1793 2527 1956 2559 sententia

182 2588 268 2628 apud
293 2586 484 2618 Corradum.
513 2586 631 2626 Neque
654 2585 744 2616 6111111
767 2594 806 2616 ea
827 2584 985 2625 pericula,
1010 2584 1043 2615 in
1068 2575 1071 2635 ¹
1092 2583 1195 2615 docet.
1220 2582 1325 2623 Neque
1348 2601 1388 2604 —
1410 2592 1471 2613 non
1494 2591 1542 2613 est
1564 2583 1583 2613 i.
1607 2592 1637 2623 q.
1661 2583 1764 2622 atque.

182 2644 302 2685 quibus
325 2643 419 2677 nulla
441 2642 495 2674 vel
519 2641 639 2682 exigua
662 2640 831 2672 contentio
848 2645 905 2678 est,
921 2641 1044 2681 proelia
1068 2648 1071 2667 J
1135 2638 1153 2677 ξ
1176 2638 1205 2668 8.
1232 2636 1331 2678 Quam
1361 2637 1479 2670 brevem
1504 2655 1543 2660 -
1565 2636 1716 2667 rationem
1746 2637 1883 2666 nostram
1916 2635 1958 2664 vi-

182 2697 248 2728 dici
269 2700 415 2737 possunt,
439 2703 546 2736 neque
567 2692 678 2724 subiici
698 2692 827 2733 proeliis
847 2693 978 2733 probari
992 2703 1044 2734 po·
1068 2689 1071 2740 ¹
1092 2691 1157 2722 des.
1175 2692 1276 2723 Bosio
1291 2702 1380 2732 quam
1395 2691 1589 2723 adverbium
1607 2700 1677 2722 esse
1693 2690 1831 2732 putanti,
1844 2690 1956 2720 eadem

185 2756 259 2783 test.
283 2750 406 2782 Contra
427 2759 536 2786 nemo,
560 2748 617 2789 qui
636 2747 1045 2788 Ciee1·0ne1nlegit,igno-
1069 2745 1071 2774 ἵ
1092 2746 1126 2776 vi
1148 2745 1291 2786 positum
1314 2755 1350 2776 ac
1366 2755 1528 2786 perquam,
1551 2754 1628 2775 sane
1645 2754 1745 2785 quam,
1769 2752 1868 2774 nemo
1883 2752 1958 2773 con-

184 2810 234 2836 rat
255 2803 384 2845 quoties
407 2802 495 2833 vitae
528 2800 675 2842 pericula
704 2804 735 2831 et
764 2799 894 2831 labores
925 2805 1045 2841 tempe·
1068 2784 1071 2840 ¹
1093 2799 1238 2830 tradixit.
1272 2798 1467 2830 Dissensum
1488 2798 1672 2839 significavi
1694 2798 1735 2828 ad
1754 2797 1836 2827 VH.
1859 2796 1907 2834 15,
1928 2796 1956 2826 2.

184 2856 323 2888 statibus
345 2860 379 2887 et
399 2854 553 2896 procellis
575 2857 751 2894 comparet.
1092 2853 1159 2884 Hic
1193 2862 1256 2893 ego
1285 2862 1374 2894 quam
1408 2862 1478 2883 esse
1506 2857 1586 2893 puto
1615 2861 1721 2882 accus.
1752 2849 1957 2892 pronominis

229 2909 269 2941 Ut
293 2919 361 2941 mea
383 2918 524 2949 persona
548 2925 589 2930 —
611 2906 771 2937 videretur
801 2906 923 2937 habere.
957 2906 1048 2945 Quid
1093 2906 1224 2938 relativi
1248 2918 1287 2932 z
1311 2905 1404 2942 hanc,
1426 2909 1464 2936 ut
1485 2905 1548 2936 hoc
1570 2905 1673 2936 dicat:
1711 2903 1866 2935 Breviter
1897 2902 1957 2933 tibi

186 2965 227 2995 sit
250 2966 285 2994 ut
316 2963 349 2994 h.
372 2963 395 2994 ].
422 2966 455 2993 et
483 2961 650 3003 quomodo
676 2960 758 2991 haec
788 2960 888 2991 verba
919 2970 1046 3001 praece·
1093 2960 1232 3001 exposui
1254 2968 1338 3000 quae
1360 2958 1460 2989 fuerit
1478 2959 1560 2990 ratio
1575 2963 1695 2995 nostra,
1713 2957 1871 2998 quamdiu
1884 2965 1957 2996 spes

185 3016 339 3048 dentibus
362 3015 570 3052 adhaereant,
594 3023 661 3044 non
674 3013 811 3054 planum
827 3018 885 3043 est.
910 3012 946 3044 C.
959 3013 1045 3043 Mul·
1069 3021 1071 3054 1
1094 3013 1183 3054 pacis
1206 3018 1291 3048 e1·at;
1317 3011 1373 3042 sed
1397 3020 1433 3042 ea
1456 3016 1602 3052 tempora
1619 3011 1815 3046 inciderunt,
1837 3014 1955 3039 utemn

186 3071 274 3102 lerus
296 3070 330 3101 in
354 3069 439 3100 coni.
462 3068 551 3100 Tull.
574 3078 606 3109 p.
629 3067 670 3098 24
691 3066 774 3108 qnod
794 3066 924 3097 causale
938 3076 998 3107 pro
1012 3069 1046 3097 ut
1070 3056 1071 3120 ¹
1094 3067 1257 3098 rationem
1279 3071 1390 3096 tenere
1413 3074 1479 3095 11011
1504 3065 1679 3105 potuerim.
1716 3063 1751 3095 Si
1783 3073 1849 3093 non
1884 3062 1957 3102 plus

188 3123 339 3164 reposuit.
364 3122 438 3163 Ego
462 3121 570 3163 potius
593 3119 753 3151 videretur
774 3119 808 3150 in
832 3118 956 3150 videtur
979 3130 1045 3151 11111-
1069 3129 1072 3158 1
1095 3120 1251 3161 praestiti,
1275 3118 1370 3159 culpa
1397 3117 1459 3149 fuit
1483 3118 1638 3159 temporis
1661 3127 1728 3148 non
1752 3125 1837 3147 mea.

185 3177 324 3207 tandum
346 3182 435 3217 puto.
463 3175 500 3205 Ut
525 3175 633 3215 itaque
658 3179 705 3204 est
729 3171 855 3216 ὥσπερ,
892 3178 921 3203 et
947 3175 979 3201 ut
1006 3172 1045 3201 vi·
1069 3176 1072 3199 5
