2062 3565
127 129 213 168 :300
533 128 616 168 ΕΡ.
651 127 727 168 AD
761 127 807 166 T.
842 124 1194 167 POMPONIUM
1226 123 1492 165 AT'HCUM.

725 261 840 302 XXI.
907 262 973 314 (A.
1015 261 1060 301 U.
1099 261 1140 300 C.
1179 259 1296 313 710.)

195 380 234 419 1.
277 377 416 423 Quum
451 376 585 432 paullo
618 381 710 417 ante
745 375 942 417 dedissem
978 374 1027 415 ad
1061 379 1099 415 te
1133 374 1261 416 Cassii
1294 372 1502 415 tabellario
1534 374 1683 424 literas,
1719 389 1760 416 v.
1796 374 1895 416 Idus

131 452 240 492 venit
278 455 413 492 noster
454 448 700 499 tabellarius,
747 454 787 490 et
830 448 994 504 quidem
1036 448 1212 504 portenti
1246 447 1374 488 simile
1408 447 1493 488 sine
1525 447 1608 488 tuis
1639 447 1781 488 literis.
1816 447 1893 488 Sed

130 526 209 565 cito
253 524 407 564 conieci
454 523 627 564 Lanuvii
676 529 714 564 te
760 523 896 564 fuisse.
942 523 1043 563 Eros
1077 528 1211 563 autem
1244 521 1463 572 festinavit,
1500 528 1545 561 ut
1578 520 1627 562 ad
1661 536 1723 561 me
1756 520 1894 562 literae

94 609 103 629 ἓ
131 596 361 639 Dolabellae
408 597 690 652 perferrentur,
734 612 815 637 non
860 596 908 637 de
954 610 994 636 re
1028 610 1116 636 mea
1149 620 1206 624 ——
1240 594 1420 635 nondum
1455 594 1561 635 enim
1596 609 1702 635 meas
1735 609 1895 650 accepe-

78 977 113 1002 lo

81 1342 114 1368 15

130 678 191 711 rat
237 696 309 720 -—,
354 670 421 711 sed
467 670 672 726 rescripsit
705 670 753 711 ad
788 686 867 720 eas,
904 684 1071 724 quarum
1105 668 1331 724 exemplum
1365 667 1442 709 tibi
1475 668 1673 719 miseram,
1709 683 1803 709 sane
1836 668 1896 709 lu-

353 746 373 770 c)

353 774 393 783 cv·

132 743 304 784 culente.
439 743 503 784 Ad
549 759 610 784 me
655 750 803 793 autem,
849 758 973 796 quum
1020 741 1147 782 Cassii
1180 740 1433 781 tabellarium
1469 741 1724 792 dimisissem,
1759 742 1895 783 statim

132 815 297 857 Balbus.
333 816 369 857 O
404 816 460 856 dii
494 815 604 866 boni,
640 831 760 870 quam
793 815 908 856 facile
943 814 1185 870 perspiceres
1210 813 1349 854 timere
1369 813 1515 854 otium!
1553 814 1606 855 Et
1623 815 1730 856 nosti
1753 815 1895 865 virum,

133 904 251 943 quam
298 894 444 940 tectus,
492 889 559 930 sed
604 894 738 930 tamen
783 887 954 929 Antonii
1000 886 1167 927 consilia
1199 885 1407 926 narrabat:
1442 886 1555 927 illum
1591 887 1800 928 circumire
1834 903 1897 928 ve-

131 969 305 1013 teranos,
353 971 398 1004 ut
440 968 528 1004 acta
577 963 758 1004 Caesaris
803 961 1006 1003 sancirent
1049 960 1170 1015 idque
1213 975 1253 1000 se
1299 960 1473 1000 facturos
1508 974 1592 1000 esse
1625 961 1817 1011 iurarent,
1854 964 1899 1001 ut

133 1042 218 1078 rata
252 1051 388 1078 omnes
422 1036 617 1078 haberent
650 1051 773 1092 eaque
809 1035 965 1076 duoviri
999 1033 1186 1076 omnibus
1220 1031 1426 1074 mensibus
1459 1033 1717 1088 inspicerent.
1771 1033 1898 1085 Ques-

132 1116 198 1152 tus
247 1116 307 1151 est
354 1112 474 1152 etiam
525 1110 573 1151 de
623 1125 694 1151 sua
742 1109 908 1159 invidia,
958 1124 1082 1163 eaque
1117 1108 1246 1148 omnis
1281 1107 1366 1148 eius
1399 1107 1524 1148 oratio
1559 1107 1650 1158 fuit,
1688 1114 1732 1149 ut
1765 1124 1896 1150 amare

134 1183 335 1226 videretur
370 1184 608 1225 Antonium.
660 1183 769 1234 Quid
817 1182 999 1237 quaeris?
1054 1181 1171 1222 Nihil
1215 1180 1374 1221 sinceri.
1428 1182 1468 1220 3.
1506 1180 1611 1222 Mihi
1645 1186 1778 1223 autem
1817 1197 1899 1224 non

137 1264 198 1299 est
243 1257 426 1308 dubium,
473 1257 572 1312 quin
606 1272 666 1298 res
701 1261 853 1312 spectet
886 1255 935 1296 ad
970 1260 1112 1296 castra.
1163 1257 1265 1295 Acta
1298 1254 1404 1294 enim
1439 1253 1508 1296 illa
1556 1270 1617 1295 res
1663 1261 1723 1296 est
1766 1256 1899 1297 animo

136 1331 255 1383 virih’,
290 1331 459 1373 consilio
492 1330 651 1386 puerili.
686 1330 789 1382 Quis
823 1329 929 1370 enim
962 1328 1039 1369 hoc
1072 1344 1153 1369 non
1188 1327 1304 1378 vidit,
1338 1328 1452 1382 regni
1479 1327 1663 1369 heredem
1687 1329 1899 1370 relictum?

136 1405 246 1457 Quid
280 1410 414 1447 autem
448 1403 682 1446 absurdius:

450 1501 535 1541 Hoc
568 1505 748 1550 metuere,
783 1501 952 1541 alterum
988 1499 1028 1540 in
1059 1503 1161 1539 metu
1194 1514 1268 1539 non
1296 1513 1441 1551 ponere
1474 1499 1568 1540 --.7

141 1600 254 1652 Quin
287 1599 408 1640 etiam
442 1597 517 1639 hoc
551 1598 638 1653 ipso
672 1602 849 1652 tempore
883 1595 1009 1637 multa
1043 1591 1367 1637 ὑποσόλοικα.
1418 1595 1554 1636 Pontii
1588 1595 1901 1651 Neapolitanum

142 1690 163 1716 a
210 1678 335 1715 matre
378 1672 659 1728 tyrannoctoni
704 1671 921 1726 possideri!
985 1669 1199 1724 Legendus
1233 1669 1333 1710 mihi
1366 1669 1524 1725 saepius
1557 1674 1617 1710 est
1649 1669 1748 1711 Cato
1781 1670 1906 1712 maior

86 1766 100 1791 2
143 1747 193 1789 ad
226 1752 266 1788 te
300 1746 459 1788 missus.
494 1745 742 1786 Amal-iorem
776 1744 883 1785 enim
916 1759 979 1785 me
1013 1748 1198 1784 senectus
1231 1743 1340 1784 facit.
1376 1743 1609 1785 Stomachor
1643 1743 1789 1784 omnia.
1825 1743 1902 1785 Sed

142 1820 243 1862 mihi
288 1820 449 1874 quidem
493 1814 762 1874 βεβάοται·
818 1817 991 1859 viderint
1033 1817 1211 1858 iuvenes.
1271 1817 1332 1858 Tu
1366 1832 1454 1858 mea
1487 1816 1658 1868 curabis,
1694 1823 1740 1859 ut
1773 1833 1902 1860 curas.

144 1897 184 1935 i.
231 1894 343 1935 Haec
389 1893 529 1948 scripsi
576 1907 644 1933 seu
694 1892 842 1932 dictavi
888 1891 1067 1946 apposita
1117 1889 1292 1931 secunda
1335 1905 1471 1931 mensa
1520 1890 1625 1946 apud
1659 1891 1903 1932 Vestorium.

142 1967 341 2009 Postridie
386 1966 492 2022 apud
540 1967 719 2007 Hirtium
755 1964 995 2020 cogitabam,
1030 1970 1070 2005 et
1103 1963 1265 2019 quidem
1299 1960 1630 2008 πεντέλοιπον.
1680 1965 1745 2005 Sic
1780 1963 1904 2005 homi-

140 2057 231 2083 nem
280 2041 488 2083 traducere
536 2040 585 2081 ad
635 2041 847 2095 optimates
896 2054 1005 2095 paro.
1054 2036 1222 2096 Λῆρος
1255 2034 1420 2088 πολύς.
1465 2031 1596 2079 Nemo
1630 2043 1690 2078 est
1721 2039 1903 2087 istorum,

106 2136 117 2158 ἦ
141 2116 209 2169 qui
242 2116 369 2156 otium
402 2130 483 2155 non
516 2115 670 2155 timeat.
706 2112 838 2164 Quare
872 2111 1013 2153 talaria
1047 2110 1266 2151 videamus.
1301 2110 1472 2161 Quidvis
1506 2111 1613 2151 enim
1632 2112 1765 2165 potius
1785 2126 1902 2164 quam

184 2256 219 2286 ll
244 2255 399 2286 duumviri
422 2257 430 2278 l
436 2254 592 2285 Formam
618 2254 787 2284 barbaram
810 2253 960 2290 removi).

185 2386 254 2426 §2
282 2384 390 2416 Teo-tus
420 2384 550 2421 dicitur,
589 2383 645 2424 qui
678 2382 894 2423 cogitationes
924 2392 998 2413 suas

144 2440 227 2481 tegit
249 2446 281 2471 et
303 2448 387 2480 quae
410 2438 504 2469 novit
526 2437 723 2468 dissimulat.
757 2436 839 2477 Opp.
863 2439 1000 2476 apertu&

146 2494 224 2524 Vid.
247 2493 384 2524 Ellendt
407 2492 446 2522 ad
470 2490 537 2522 Cic.
560 2491 600 2521 de
623 2489 713 2522 Orat.
737 2490 784 2520 II.
806 2500 837 2530 p.
861 2489 922 2519 3:20
945 2499 992 2530 sq.

186 2546 285 2587 quue
305 2555 339 2575 se
352 2545 505 2585 facturos
527 2552 594 2574 esse
623 2543 778 2573 iurarent.
821 2542 887 2573 Cur
910 2543 1004 2573 malit

145 2599 289 2633 Orellius
312 2599 447 2634 acturos,
471 2596 599 2636 ignoro.
624 2595 754 2633 Facere,
772 2598 806 2625 ut
829 2603 878 2626 est
892 2605 1003 2626 curam

145 2662 268 2695 gerere,
298 2657 336 2682 ut
364 2650 490 2692 aliquid
520 2650 585 2680 fiat.
635 2648 790 2680 Duoviros
821 2660 888 2680 non
935 2659 1004 2681 esse

145 2706 178 2738 h.
201 2707 223 2737 l.
246 2704 455 2745 magistratus
477 2702 742 2743 municipiorum,
764 2703 821 2734 sed
835 2703 1004 2743 magistra—

146 2767 197 2791 tus
213 2769 296 2800 quos
315 2763 407 2790 extra
419 2757 569 2788 ordinem
586 2757 626 2787 ad
637 2757 699 2787 hoc
714 2757 885 2797 negotium
902 2757 1005 2788 creari

147 2814 279 2844 volebat
302 2811 483 2848 Antonius,
507 2819 582 2841 vere
605 2810 688 2841 vidit
710 2810 879 2841 Ernestus.

147 2925 302 2966 dignatur
325 2923 451 2959 Cicero,
475 2921 563 2962 quod
585 2921 755 2961 praedium
777 2921 933 2957 hominis,
949 2922 1004 2962 qui

148 2977 278 3010 Caesari
300 2985 429 3017 semper
451 2974 588 3006 infestus
604 2974 709 3005 fuerat
724 2974 823 3015 inque
839 2984 914 3005 eum
929 2985 1005 3006 eon-

149 3033 322 3068 iuraverat,
350 3036 461 3061 tamen
491 3038 559 3059 11011
593 3027 708 3059 fUiSset
742 3028 876 3059 domino
908 3028 1008 3069 priori
1031 3060 1032 3070 ἵ
1056 3037 1151 3066 fictus
1174 3041 1222 3066 est
1244 3044 1262 3066 e
1284 3035 1430 3076 quinque
1460 3036 1536 3073 inis,
1569 3045 1649 3076 quos
1679 3035 1760 3066 01im
1791 3036 1826 3066 in
1859 3036 1911 3067 his

150 3086 324 3122 redditum,
347 3084 405 3114 sed
426 3087 593 3114 teneretur
615 3091 633 3111 a
657 3080 808 3118 Servilia,
831 3091 914 3122 quae
931 3092 1007 3113 cum
1031 3081 1034 3121 ζ
1056 3088 1121 3119 οῙ-ϊε
1168 3087 1300 3125 offendi,

151 3140 288 3172 Caesare
311 3135 565 3168 familiarissime
588 3135 724 3166 vixerat.

1080 2381 1098 2420 ξ
1120 2384 1150 2413 4.
1174 2380 1290 2422 Scripsi
1311 2391 1366 2412 seu
1389 2381 1517 2413 dictavi.
1565 2382 1674 2413 Verba
1710 2391 1765 2413 Seu
1787 2382 1907 2414 dictavi

1022 2452 1025 2490 i
1050 2435 1161 2466 addita
1183 2440 1260 2475 puto
1283 2435 1324 2465 ab
1353 2435 1474 2476 aliquo,
1504 2435 1557 2466 cui
1587 2435 1708 2466 mirum
1737 2436 1909 2467 videbatur

1051 2489 1245 2520 Ciceronem
1279 2489 1364 2520 inter
1396 2499 1533 2520 coenam
1573 2489 1684 2521 literas
1720 2491 1907 2522 exaravisse

1051 2544 1136 2585 apud
1160 2543 1362 2574 Vestorium.
1393 2543 1501 2584 Ipsius
1525 2543 1693 2575 Ciceronis
1722 2554 1790 2575 non
1820 2550 1909 2576 sunt.

1051 2597 1139 2628 Nam
1159 2597 1186 2628 is
1209 2597 1317 2638 potius
1339 2597 1478 2628 alterum
1502 2597 1638 2628 verbum
1655 2597 1839 2635 delevisset,
1853 2603 1909 2629 aut

1052 2657 1139 2684 certe
1164 2653 1197 2683 in
1221 2652 1416 2693 corrigendo
1439 2653 1599 2693 posuisset
1630 2653 1679 2684 vel
1692 2654 1811 2694 potius,
1844 2654 1910 2685 sive

1044 2707 1163 2748 polz'uS,
1186 2717 1254 2737 non
1276 2716 1341 2737 seu.

1094 2760 1133 2790 Et
1155 2761 1275 2802 quidem
1290 2757 1523 2792 πευτέλοιπον.
1558 2760 1639 2790 Voc.
1655 2759 1817 2792 Graecum
1831 2769 1908 2790 con·

1028 2819 1201 2853 ¹firmatur
1234 2828 1282 2855 e0‚
1323 2819 1411 2859 quod
1444 2819 1563 2850 iterum
1598 2818 1720 2858 legitur
1755 2819 1788 2849 in
1828 2817 1908 2849 XV.

190 2869 208 2908 ξ
231 2868 259 2898 3.
285 2866 390 2898 Pontii
419 2864 661 2905 Neapolitanum
684 2882 714 2886 —
746 2864 922 2903 possideri!
946 2865 1002 2895 In-
1028 2858 1029 2873 ³

1054 2873 1082 2909 2,
1105 2873 1135 2903 4.
1179 2871 1245 2903 Sed
1274 2872 1450 2903 molestum
1485 2877 1532 2903 est
1564 2871 1610 2901 sic
1643 2871 1739 2902 initio
1773 2880 1911 2912 sequen-

1053 2926 1094 2957 tis
1127 2926 1318 2957 sententiae.
1365 2925 1533 2966 Scriptum
1565 2930 1658 2966 puto:
1703 2923 1760 2955 Est
1788 2924 1910 2965 quidem

1055 2974 1272 3014 πευτέλοιπος
1293 2977 1343 3008 hic
1365 2987 1398 3008 o:
1429 2977 1560 3008 Hirtius
1581 2977 1670 3008 solus
1692 2977 1841 3009 Puteolis
1863 2987 1911 3009 re·

1349 3088 1503 3125 Balbum,
1555 3087 1713 3125 Hirtium,
1758 3087 1910 3124 Pansam,

1058 3142 1232 3174 Octavium
1256 3148 1286 3172 et
1311 3141 1512 3182 Philippum.
1538 3141 1614 3171 Vid.
1637 3151 1686 3182 ep.
1711 3142 1746 3171 ll
1772 3148 1855 3173 extr.
