2062 3565
693 173 800 216 LIB.
835 173 928 215 XV.
963 172 1048 214 ΕΡ.
1085 171 1281 213 15-17,
1779 170 1865 208 329

669 373 790 416 XVI.
827 371 865 413 b.
932 375 997 426 (A.
1040 373 1084 413 (J.
1123 373 1164 413 o.
1203 371 1320 425 710.)

172 491 304 534 Narro
345 488 445 531 tibi:
493 489 589 531 haec
639 488 725 530 loca
758 494 925 530 venusta
958 494 1066 538 sunt,
1101 487 1239 529 abdita
1272 490 1377 527 certe
1411 491 1465 536 ct,
1499 486 1533 526 si
1566 484 1663 540 quid
1698 482 1869 525 scribere

113 565 223 617 velis,
257 563 308 606 ab
341 562 501 604 arbitris
532 561 672 604 libera.
716 561 793 603 Sed
827 562 961 604 nescio
994 576 1073 617 quo
1106 560 1223 602 modo
1256 553 1396 610 οἶκος
1429 555 1589 614 φιλος.
1630 559 1773 614 Itaque
1807 573 1870 599 me

114 638 292 687 referunt
335 635 454 694 pedes
499 636 542 678 in
586 635 874 677 Tusculanum.
925 636 978 677 Et
1022 640 1155 676 tamen
1201 633 1298 675 llaec
1342 629 1670 692 ῥωπογραφία
1716 631 1871 687 ripulae

114 711 271 754 videtur
314 709 503 752 habitura
545 708 710 750 celerem
756 709 995 750 satietatem.
1044 707 1244 763 Equidem
1288 706 1407 747 etiam
1454 706 1609 761 pluvias
1653 710 1803 756 metuo,
1838 705 1872 746 si

113 779 461 846 προγνωστικοὶ
493 785 629 824 nost-ra
662 797 754 823 vera
786 787 895 823 sunt.
931 782 1066 823 Ranae
1089 780 1195 822 enim
1221 775 1578 838 ῥητορεύουσιν.
1611 779 1687 829 Tu,
1709 794 1870 833 quaeso,

111 858 174 900 fac
207 857 329 899 sciam
360 855 432 898 ubi
466 855 637 897 Brutum
671 859 851 896 nostrum
886 860 927 896 et
959 869 1038 910 quo
1072 854 1136 895 die
1170 853 1302 894 videre
1337 852 1498 908 possim.

153 1034 258 1067 Narro
281 1035 348 1067 tibi.
371 1035 420 1067 Cf.
443 1035 485 1067 ad
506 1035 553 1066 ΙΙ.
577 1035 624 1072 11,
650 1035 677 1066 1.
1018 1033 1115 1064 rebus
1137 1030 1318 1062 humilibus
1341 1037 1373 1063 et
1395 1031 1600 1072 argumentis
1623 1032 1731 1069 variis,
1754 1032 1808 1063 cui
1823 1042 1877 1074 op-

153 1087 244 1120 Haec
275 1088 346 1120 loca
382 1098 415 1119 o:
451 1088 602 1120 Antium.
636 1088 723 1118 Nam
758 1097 801 1119 ex
839 1086 971 1119 Antiati
1019 1086 1153 1129 ponitur
1179 1082 1458 1131 μεγαλογραφιά,
1488 1094 1572 1125 quae
1602 1093 1653 1116 res
1684 1095 1822 1126 magnas
1845 1091 1878 1117 et

110 1143 247 1184 scriptas
276 1152 346 1174 esse
375 1152 426 1184 ep.
453 1143 501 1180 11,
532 1143 580 1180 12,
606 1142 643 1172 16
665 1152 685 1172 a
715 1147 747 1174 et
768 1141 794 1179 b,
819 1141 854 1173 15
879 1146 911 1173 et
934 1139 971 1173 17
1020 1149 1214 1184 argumenta
1236 1143 1350 1184 gravia
1371 1143 1574 1184 exsequitur.
1597 1142 1731 1174 Nomen
1751 1143 1878 1175 deriva-

113 1202 199 1229 recte
213 1197 367 1228 adversus
383 1196 578 1228 Schutzium
601 1196 772 1227 contendit
793 1195 970 1233 Gruberus,
1019 1202 1072 1228 tur
1105 1193 1174 1230 ἀπὸ
1211 1197 1271 1229 τοῦ
1311 1193 1442 1242 ῥώττου,
1477 1197 1564 1238 quod
1596 1197 1722 1228 indicat
1754 1206 1878 1229 merces

111 1252 152 1283 de
175 1257 320 1292 tempore
343 1251 449 1292 epistt·
472 1251 544 1284 Cic·
565 1261 595 1292 p-
619 1250 670 1282 30·
1019 1255 1214 1287 humiliores
1237 1255 1318 1286 varii
1333 1255 1473 1296 generis,
1486 1261 1604 1293 scruta,
1619 1255 1766 1287 obsonia.
1788 1256 1879 1288 Male

156 1303 207 1336 Me
228 1305 372 1344 referunt
386 1303 486 1344 pedes
517 1303 551 1334 in
575 1303 794 1334 Tusculanum.
818 1303 974 1335 Imitatur
994 1330 997 1356 Ε
1020 1319 1262 1350 nonnunquam
1283 1309 1495 1340 confunditur
1509 1319 1585 1340 cum
1602 1316 1744 1350 cognato
1759 1319 1879 1350 genere

113 1359 198 1390 hanc
220 1358 421 1390 locutionem
444 1358 574 1390 Plinius
598 1368 647 1400 ep.
670 1358 740 1389 V11
783 1360 800 1389 5
823 1357 869 1389 ad
888 1357 974 1389 diae·
994 1358 997 1399 1
1021 1358 1316 1408 ρυπαρογραφίας.
1354 1363 1431 1393 Vid.
1464 1361 1574 1402 Sillig.
1612 1361 1716 1394 Catal.
1741 1362 1824 1393 artis.
1849 1373 1878 1403 p.

113 1412 178 1443 tam
201 1413 286 1442 tuam
308 1411 369 1452 ipsi
391 1422 446 1449 me,
475 1413 510 1442 ut
542 1410 702 1442 veris-sime
732 1410 861 1448 dicitur,
881 1410 975 1451 pedes
1019 1419 1090 1450 398,

113 1465 240 1498 ducunt·
264 1466 314 1498 Cf·
338 1476 469 1508 quoque
492 1466 621 1498 TibUlli
643 1466 734 1504 hae&
760 1466 806 1497 ῙῙ·
830 1467 859 1504 6,
875 1467 913 1498 13
926 1476 975 1507 sq·
997 1502 999 1506 ,
1053 1465 1309 1517 Ῥητορεύουσιν
1338 1485 1370 1506 o:
1400 1475 1597 1507 declamant.
1629 1475 1741 1507 Ranae
1770 1475 1880 1516 strepi-

116 1551 228 1583 luravi
243 1551 371 1593 quoties
387 1551 570 1583 rediturum
585 1551 625 1582 ad
642 1551 760 1582 limina
778 1561 949 1592 nunquam
959 1549 974 1580 ?
996 1510 1000 1611 ἱ
1020 1532 1264 1630 ζέῗγγῐῖῗζῗὸ
1271 1532 1882 1631 Εἰὃξὲἓειΐῑὶῗξξῖῗῃξέρῃῗοίἒῖζζ

157 1604 268 1644 Quum
287 1605 376 1641 ‚bene
399 1605 513 1642 iuravi,
537 1614 593 1646 pes
615 1609 724 1636 tamen
748 1605 817 1645 ipse
839 1604 933 1636 redit.

565 1648 569 1650 ·
1021 1642 1175 1674 dicebant
1209 1652 1357 1674 coaxare.
1391 1643 1432 1674 In
1468 1643 1485 1674 Ι
1514 1643 1555 1674 de
1583 1642 1686 1674 divin.
1713 1644 1731 1683 ξ
1756 1643 1793 1674 15
1815 1648 1881 1676 tres

150 1681 405 1737 Ῥωπογραφία.
439 1689 543 1722 Docte
576 1690 660 1721 hanc·
698 1699 813 1722 vocem
835 1690 977 1721 illustra·
1022 1705 1133 1727 versus
1156 1705 1199 1727 ex
1221 1696 1318 1728 Arati
1350 1696 1574 1738 Prognosticis
1596 1707 1615 1728 a
1638 1696 1797 1729 Cicerone
1820 1698 1880 1729 La-

116 1748 164 1779 vit
192 1747 242 1780 Cl.
278 1747 458 1780 Salmasius
491 1748 533 1778 ad
567 1747 733 1789 Spartiani
762 1747 922 1780 Hadrian.
945 1759 975 1789 p.
1021 1750 1090 1782 tine
1119 1751 1287 1782 conversis
1317 1758 1498 1789 servantur,
1534 1761 1617 1792 quae
1655 1751 1697 1783 ad
1726 1761 1882 1784 ranarum

115 1801 156 1833 22
187 1812 234 1844 sq.
268 1802 329 1834 Est
357 1811 462 1844 genus
485 1802 638 1843 picturae,
661 1802 750 1844 quod
771 1806 918 1834 versatur
939 1802 975 1833 in
1020 1804 1190 1845 praesagia
1211 1805 1385 1846 pertinent.

696 1922 844 1963 XVII.
910 1922 975 1975 (A.
1016 1922 1060 1964 U.
1100 1924 1141 1964 C.
1180 1923 1298 1978 710.)

186 2053 225 2092 1.
261 2051 371 2092 Duas
412 2050 546 2105 accepi
591 2049 782 2106 postridie
816 2049 930 2101 Idus,
965 2050 1130 2092 alteram
1163 2066 1208 2092 eo
1242 2050 1306 2092 die
1341 2051 1489 2103 datam,
1525 2051 1688 2093 alteram
1723 2051 1880 2094 Idibus.

120 2126 237 2168 Prius
268 2124 394 2179 igitur
439 2124 647 2179 superiori.
702 2124 759 2165 De
794 2124 933 2175 Bruto,
968 2139 1093 2180 quum
1127 2124 1241 2166 scies.
1276 2125 1337 2166 De
1371 2125 1580 2167 consulum
1614 2126 1706 2167 ficto
1739 2126 1882 2167 timore

118 2212 393 2256 cognoveram.
429 2196 543 2238 Sicca
576 2197 682 2238 enim
716 2194 1061 2257 φιλοστόργως
1094 2197 1160 2239 ille
1195 2197 1372 2253 quidem,
1408 2198 1477 2240 sed
1511 2199 1801 2240 tumultuosius
1831 2199 1882 2241 ad

118 2287 180 2316 me
213 2272 334 2314 ctiam
356 2271 467 2313 illam
493 2271 763 2326 suspicionem
786 2271 966 2328 pertulit.
1001 2271 1110 2324 Quid
1133 2277 1180 2313 tu
1203 2273 1365 2314 autem?
1399 2269 1462 2315 τά
1483 2269 1580 2331 μὲν
1603 2266 1881 2331 διδόμεναΡ

118 2346 289 2389 Nullum
334 2345 441 2386 enim
484 2343 649 2386 verbum
695 2361 718 2387 a
761 2346 928 2401 Siregio.
975 2346 1071 2388 Non
1119 2346 1262 2402 placet.
1307 2347 1367 2388 De
1411 2347 1612 2389 Plaetorio
1646 2347 1778 2388 vicino
1810 2352 1881 2388 tuo

119 2418 352 2477 permoleste
391 2417 468 2459 tuli
515 2432 756 2474 quemquam
802 2419 911 2474 prius
945 2418 1104 2461 audisse
1139 2434 1258 2475 quam
1291 2434 1369 2461 me.
1420 2420 1480 2461 De
1515 2421 1612 2476 Syro
1648 2421 1878 2477 prudenter.

163 2609 182 2649 ἓ
207 2609 235 2640 1.
260 2607 308 2639 De
331 2606 434 2638 Bruto
453 2616 549 2648 quum
570 2605 662 2637 scies.
686 2604 799 2636 Facile
810 2605 892 2637 haec
904 2615 976 2647 sup·
998 2612 1001 2624 ¹
1025 2610 1181 2649 spectent.
1204 2608 1403 2649 Interpretes
1424 2609 1479 2640 vel
1500 2617 1536 2640 se
1558 2609 1710 2650 ignorare
1726 2609 1879 2647 fatentur,

122 2662 254 2704 plentur
276 2670 319 2693 ex
343 2669 392 2702 ep.
418 2659 457 2690 16
479 2659 496 2689 b
518 2663 601 2690 extr.
1026 2663 1080 2695 vel
1101 2663 1247 2696 referunt
1268 2665 1309 2696 ad
1330 2665 1443 2696 fictum
1466 2664 1563 2696 illum
1584 2665 1758 2696 consulum
1785 2665 1878 2696 timo-

161 2713 211 2745 De
231 2713 389 2744 consulum
403 2712 485 2753 ficto
506 2710 627 2741 timore·
662 2709 871 2742 Simulabant
899 2720 976 2742 con·
1025 2725 1106 2748 rem.
1129 2716 1196 2749 Sed
1218 2718 1391 2759 sequentia
1412 2718 1552 2749 obstant.
1575 2717 1732 2759 Suspicor
1753 2716 1879 2749 Cicero-

119 2768 206 2799 sules
230 2776 265 2799 se
287 2766 422 2798 insidias
444 2770 591 2797 metuere
613 2773 632 2794 a
654 2763 759 2795 Bruto
789 2767 821 2794 et
851 2763 977 2801 Cassio,
1026 2779 1103 2802 nem
1124 2771 1285 2812 respicere
1307 2771 1347 2801 ad
1375 2770 1523 2802 debitum
1554 2771 1688 2811 aliquod
1716 2779 1758 2802 ex
1789 2775 1878 2810 parte

120 2822 260 2862 ideoque
281 2819 454 2851 Antonius
477 2816 630 2859 praesidii
645 2816 696 2847 sui
712 2825 809 2847 causa
824 2816 977 2849 homines
1023 2823 1229 2857 solvendum,

121 2878 263 2904 armatos
285 2881 397 2904 secum
419 2871 570 2906 ducebat,
594 2869 714 2910 quibus
736 2869 862 2901 scilicet
895 2879 978 2901 rem·
1066 2876 1095 2906 A
1118 2876 1253 2918 Sireqz'o.
1286 2877 1417 2908 Nomen
1439 2877 1602 2907 incertum
1624 2875 1757 2907 retineri
1778 2875 1877 2906 satius

120 2925 287 2966 publicanl
308 2925 492 2966 opprimere
521 2922 681 2954 Stadebat.
711 2921 799 2953 Phil.
830 2923 876 2954 II.
908 2923 977 2955 112.
1025 2936 1083 2968 est,
1106 2941 1207 2972 quam
1229 2940 1306 2962 cum
1327 2931 1393 2961 Iac,
1415 2928 1583 2961 Gronovio
1604 2929 1667 2959 huc
1690 2927 1809 2959 inferre
1823 2927 1877 2958 Sa.

161 2976 213 3011 Τὰ
241 2975 301 3024 μὲν
331 2974 512 3022 διδόμενα.
537 2975 675 3007 Initium
698 2976 873 3016 proverbii,
891 2978 979 3017 quod
1024 2994 1081 3014 rae
1112 2983 1193 3025 7292}
1219 2984 1425 3016 mentionem
1455 2992 1497 3014 ex
1528 2992 1576 3023 ep·
1601 2983 1649 3019 15,
1672 2982 1700 3018 2,
1724 2986 1779 3011 aut
1801 2990 1876 3013 cum

122 3035 238 3067 Cicero
260 3035 380 3067 iterum
401 3033 479 3065 citat
501 3033 535 3064 in
557 3041 608 3072 ep·
631 3030 694 3061 VI·
716 3033 744 3069 5,
758 3032 792 3069 23
817 3037 921 3063 totum
935 3032 978 3064 le·
1024 3036 1201 3068 Tunstallo
1225 3047 1294 3068 voc.
1307 3035 1470 3067 Graecum
1487 3035 1564 3066 hinc
1578 3040 1783 3074 extorquere.
1806 3033 1875 3065 Nee

121 3089 210 3129 gitur
232 3088 319 3130 apud
351 3088 527 3119 Platonem
559 3086 593 3116 iu
627 3083 750 3125 Gorgia
792 3096 821 3127 p.
845 3086 906 3117 499
939 3088 977 3118 C.
1023 3098 1113 3130 seqq.
1137 3089 1176 3120 de
1204 3088 1362 3120 Plaetorio
1394 3092 1426 3119 et
1455 3088 1495 3119 de
1527 3088 1605 3127 Syro
1627 3086 1786 3128 explicari
1806 3095 1875 3127 pos-

122 3138 294 3188 δέχεσθαι
320 3136 359 3174 τὸ
388 3136 582 3186 διδόμενον,
606 3136 689 3180 quod
706 3138 803 3170 datur
824 3138 976 3180 accipiere·
1023 3147 1107 3181 sunt,
1133 3153 1191 3176 nec
1214 3143 1331 3176 verba:
1357 3141 1510 3173 Arabioni
1531 3141 1569 3171 cle
1593 3139 1672 3172 Silio
1695 3139 1777 3170 nilu'l
1798 3139 1874 3171 ira-s-

122 3198 202 3229 dum.
225 3198 292 3231 Sed
314 3208 380 3231 non
404 3197 481 3230 satis
504 3196 717 3230 manifestum
739 3201 797 3234 est,
819 3206 884 3237 quo
896 3195 975 3228 haec
1021 3205 1084 3227 cor.
