2062 3565
734 148 838 190 ΜΒ.
875 148 988 191 XIV.
1026 149 1108 191 ΕΡ.
1149 151 1278 190 7-9.
1796 150 1876 190 277

131 285 368 328 Antonium.
434 285 540 327 Nam
585 285 691 340 quod
736 286 896 328 Iuniam
931 284 1072 326 scribis
1106 284 1306 343 moderate
1340 292 1380 326 ct
1412 285 1538 331 amice
1571 285 1718 341 sciptas
1752 285 1885 326 literas

129 358 326 409 attulisse,
370 357 471 400 mihi
512 358 676 401 Paullus
720 358 833 401 dedit
875 358 925 401 ad
971 374 1011 400 se
1046 373 1068 400 a
1102 358 1221 401 fratre
1255 359 1409 410 missas,
1444 358 1591 414 quibus
1624 358 1667 400 in
1699 359 1887 401 extremis

125 436 209 474 erat
227 430 319 473 *sibi
351 431 519 474 insidias
550 432 656 484 fieri;
691 448 732 474 se
764 432 807 474 id
841 432 960 474 certis
992 431 1224 474 auctoribus
1258 432 1510 488 comperisse.
1559 432 1648 474 Hoc
1680 447 1754 474 nec
1789 431 1887 473 mihi

126 503 310 561 placebat
341 510 382 547 et
412 505 539 547 multo
572 505 632 547 illi
665 506 814 548 minus.
849 505 1027 562 Reginae
1061 505 1156 561 fuga
1189 504 1289 547 mihi
1322 521 1403 547 non
1436 505 1605 547 molesta
1636 510 1711 547 est.
1746 504 1888 547 Clodia

126 577 224 633 quid
252 578 378 633 egerit
411 577 562 621 scribas
594 579 644 621 ad
677 594 740 621 me
774 579 906 621 velim.
940 579 1002 621 De
1035 579 1241 635 Byzantiis
1274 578 1433 621 curabis
1466 583 1513 621 ut
1545 583 1690 630 cetera,
1731 584 1771 620 et
1815 579 1887 621 Pe·
1926 592 1940 617 5

123 650 253 706 ldpem
286 649 337 693 ad
370 656 410 693 te
443 667 630 694 arcesses.
665 653 766 708 Ego,
801 658 850 694 ut
882 652 1073 708 postulas
1108 652 1261 694 Baiana
1294 652 1456 708 negotia
1489 651 1734 706 chorumque
1757 652 1886 703 illum,

124 724 172 767 de
215 739 294 780 quo
338 725 437 767 scire
481 726 554 777 vis,
599 741 724 782 quum
768 741 1020 782 perspexerO,
1066 730 1153 767 tum
1199 726 1385 777 scribam,
1419 741 1469 768 ne
1503 725 1602 781 quid
1635 725 1809 780 ignores.
1845 728 1885 766 2.

123 797 233 850 Quid
279 798 400 850 Galli,
445 798 542 854 quid
587 799 775 855 Hispani,
823 799 921 855 quid
956 801 1100 842 Sextus
1135 804 1241 854 agat,
1277 800 1531 841 vehementer
1564 803 1766 856 exspecto.
1827 798 1887 840 Ea

123 872 276 914 scilicet
305 877 353 914 tu
384 872 619 925 declarabis,
655 874 725 928 qui
757 879 902 915 cetera.
936 873 978 915 N
980 873 1181 915 auseolam
1207 872 1284 914 tibi
1311 877 1421 915 tuam
1446 888 1608 915 causam
1632 873 1705 915 otii
1729 872 1886 915 dedisse

123 946 237 989 facile
282 946 462 1003 patiebar
472 965 484 999 3
518 947 705 990 videbare
737 948 844 990 enim
877 947 978 989 mihi
1010 947 1162 1003 legenti
1195 952 1284 988 tuas
1317 947 1453 989 literas
1487 947 1687 1002 requiesse
1722 947 1886 1003 paullis-

123 1035 206 1076 per.
261 1021 322 1063 De
364 1021 491 1064 Bruto
535 1037 689 1078 semper
732 1022 781 1064 ad
826 1037 888 1064 me
921 1021 1056 1064 omnia
1089 1020 1340 1077 perscribito,
1376 1020 1445 1062 ubi
1478 1021 1544 1072 sit,
1579 1020 1677 1075 quid
1711 1021 1885 1076 cogitet;

124 1109 242 1149 quem
274 1095 436 1150 quidem
469 1109 543 1152 ego
576 1110 690 1152 spero
722 1096 802 1138 iam
835 1099 925 1137 tuto
960 1094 1020 1136 vel
1054 1094 1183 1136 solum
1218 1098 1303 1135 tota
1337 1092 1435 1135 urbe
1468 1094 1603 1148 vagari
1637 1109 1764 1149 posse.
1811 1094 1886 1135 Ve-

123 1174 348 1212 rumtamen
368 1201 376 1210 .
399 1201 407 1211 .
433 1201 441 1211 .

165 1329 186 1358 4
207 1327 337 1360 molesta
359 1330 417 1361 est.
441 1328 537 1372 [Sed]
561 1329 673 1363 Clodia
693 1349 735 1355 —-

124 1478 194 1509 bari
214 1479 248 1510 h.
271 1479 293 1510 l.
316 1479 459 1511 nimium
481 1485 585 1521 putat,
608 1489 712 1521 quum
734 1479 814 1512 satis
837 1485 922 1511 esset
945 1487 983 1510 ea
1005 1484 1008 1531 ι
1030 1483 1068 1509 ut
1088 1481 1175 1509 recte
1197 1477 1353 1509 observat
1374 1475 1633 1516 Wesenbergius
1648 1476 1789 1507 Emend.
1804 1485 1836 1517 p.
1851 1475 1889 1508 97

125 1541 210 1573 quae
231 1532 401 1564 Antonius
423 1532 553 1566 fecisset
574 1533 681 1565 Bruto
704 1531 982 1574 nonimprobari;
1006 1534 1009 1550 ¹
1030 1530 1065 1562 in
1090 1530 1230 1562 transitu
1253 1530 1294 1561 ad
1328 1529 1430 1561 aliam
1462 1538 1532 1560 rem
1560 1527 1618 1559 sed
1646 1529 1803 1561 vitiosum
1833 1533 1891 1567 est,

126 1585 235 1627 itaque
259 1591 313 1627 aut
335 1586 398 1617 iam
421 1592 478 1618 aut
499 1589 604 1618 tamen
625 1587 745 1628 corrigi
767 1587 848 1618 vult.
893 1586 985 1617 Illud
1007 1594 1010 1624 ι
1030 1584 1214 1625 asyndeton
1237 1582 1406 1615 usitatum.

127 1649 146 1671 a
167 1639 303 1672 Klotzio
325 1641 450 1673 editum
472 1646 530 1679 est,
552 1650 614 1673 nec
635 1641 719 1673 mihi
740 1641 900 1682 displicet.
1006 1630 1010 1681 Ι
1071 1638 1215 1680 Pelopem
1237 1639 1270 1671 h.
1293 1639 1315 1670 1.
1338 1648 1409 1670 esse
1431 1647 1563 1670 servum
1585 1637 1640 1668 vel
1667 1637 1824 1669 libertum
1839 1646 1890 1669 su-

169 1693 250 1725 Nam
271 1694 354 1736 quod
374 1694 500 1727 Iuniam
522 1699 583 1727 cet.
604 1695 702 1727 Iunia
725 1701 795 1727 erat
816 1695 865 1726 M.
889 1694 985 1726 Bruti
1006 1685 1010 1767 ἱ
1031 1693 1200 1735 spicantur
1211 1692 1416 1726 Onomastici
1432 1691 1583 1724 Tulliani
1593 1691 1767 1733 scriptores
1774 1702 1806 1733 p.
1816 1692 1889 1723 445.

126 1758 229 1785 soror,
251 1749 298 1780 M.
322 1749 443 1791 Lepidi
465 1760 561 1781 uxor.
583 1750 723 1787 Literas‚
747 1759 828 1791 quas
851 1759 889 1781 ea
904 1753 984 1780 attu-
1032 1747 1222 1790 Perperam.
1255 1747 1336 1780 Sine
1359 1747 1462 1779 dubio
1484 1751 1533 1778 est
1555 1746 1676 1788 Pelops
1698 1746 1892 1787 Byzantius,

126 1802 173 1840 lit,
210 1803 320 1834 mariti
350 1804 390 1835 ad
419 1803 553 1835 fratrem
584 1804 685 1836 fuisse
715 1803 871 1840 arbitron
904 1812 985 1845 quas
1032 1803 1073 1834 ad
1095 1812 1195 1844 quem
1218 1801 1335 1834 Cicero
1357 1802 1448 1834 dedit
1467 1801 1641 1843 epistolam
1653 1799 1778 1833 Graece
1794 1801 1894 1843 scrip-

127 1861 236 1888 autem
259 1857 397 1889 Paullus
418 1858 459 1888 ab
483 1858 598 1889 eodem
628 1857 766 1899 Lepido,
795 1857 895 1889 fratre
925 1866 985 1888 suo

129 1910 183 1952 (cf.
207 1910 375 1942 Perizonii
396 1912 512 1943 Anim.
534 1912 624 1943 Hist.
646 1922 676 1953 p.
701 1911 760 1943 121
794 1913 897 1953 seqq.)
932 1921 985 1943 ac·

127 1968 236 2005 ceptas
258 1964 372 1995 Tullio
393 1965 538 2003 dederat,
560 1965 658 1997 Bruti
680 1965 721 1996 ad
743 1965 909 2007 Lepidum
932 1965 985 1997 da-

128 2022 177 2050 tas
201 2018 407 2050 crediderim.

1031 1863 1099 1889 tam
1121 1859 1163 1890 de
1185 1858 1366 1890 honoribus
1387 1857 1451 1889 sibi
1479 1867 1499 1888 a
1521 1856 1695 1898 Byzantiis
1717 1857 1894 1888 decernen-

1007 1898 1010 1924 ¹
1032 1911 1092 1942 dis.
1118 1911 1196 1942 vid.
1219 1911 1309 1943 Plut.
1332 1910 1403 1944 cie.
1427 1910 1477 1941 24.

1078 1964 1206 1996 Baiana
1228 1965 1353 2007 neqolia
1385 1980 1399 1991 a
1411 1975 1470 2007 per
1490 1964 1631 1995 ironiam
1655 1964 1744 1995 dicit.
1790 1964 1895 1995 Nulla

170 2069 240 2102 Hoc
261 2081 318 2102 nec
340 2071 416 2102 mihi
429 2072 581 2112 placebat
605 2082 735 2113 uquum
755 2071 871 2104 Cicero
889 2073 985 2104 inter-

127 2129 311 2166 pretaretur
332 2125 395 2157 hoc
423 2127 549 2167 fingere
577 2127 752 2168 Lepidum,
786 2133 823 2159 ut
853 2136 985 2159 causam

129 2179 356 2212 tumultuandi
378 2181 410 2212 et
432 2181 605 2213 secedendi
638 2191 657 2212 a
690 2181 784 2213 bonis
814 2181 984 2213 haberet'ss

126 2233 154 2264 Ι.
177 2232 216 2264 F.
237 2231 339 2266 Gron.

170 2285 310 2328 Reqinae
322 2286 411 2328 fuya
458 2287 637 2320 Suetonius
661 2289 696 2320 iu
718 2289 783 2320 Iul.
815 2289 855 2320 52
889 2288 988 2320 tradit

130 2340 305 2372 Caesarem
328 2340 539 2382 Cleopatra-m
561 2342 595 2373 in
618 2343 734 2374 urbem
746 2343 885 2375 accitam
897 2352 986 2384 prae·
1012 2374 1014 2379 ,

131 2393 206 2425 miis
220 2394 467 2435 honoribusque
482 2401 613 2426 auctam
633 2396 807 2428 remisisse.
832 2395 898 2428 Sed
915 2406 988 2428 eam

131 2455 205 2490 post
244 2448 392 2481 Caesaris
420 2454 559 2482 mortem
589 2451 722 2492 demum
755 2452 873 2483 urbem
911 2452 990 2483 reli·
1014 2457 1015 2465 ¹

133 2501 252 2543 quisse,
276 2502 333 2533 ubi
355 2503 522 2534 metuebat
559 2503 710 2536 inimicos
741 2514 785 2536 ex
820 2504 883 2535 hoc
917 2505 990 2536 loco

133 2555 299 2586 discimus.
322 2555 444 2587 Rursus
468 2562 668 2587 memoratur
690 2557 798 2596 reqina
822 2556 919 2588 XIV.
939 2558 989 2595 520,
1014 2563 1016 2576 ·

134 2607 362 2646 2.XV.1a,
389 2610 423 2646 5,-
446 2610 538 2647 4‚4;
565 2609 674 2647 15‚2;
700 2610 748 2648 17,
772 2611 802 2642 2.
1015 2610 1017 2652 ζ

181 2659 291 2692 Clodia
314 2661 391 2701 quid
411 2661 521 2702 eyeril.
546 2662 644 2700 Quod
666 2662 700 2694 in
715 2663 868 2695 Mediceo
885 2665 991 2705 prima
1015 2655 1017 2686 ⁴1

135 2723 251 2744 manus
274 2714 445 2756 scripserat
466 2715 608 2745 molesta.
632 2715 699 2747 Sed
713 2715 834 2754 Clodia,
851 2717 884 2748 id
903 2724 990 2748 recte
1017 2748 1018 2751 ,

1034 2018 1124 2050 enim
1147 2018 1217 2049 illic
1240 2017 1383 2059 negotia,
1407 2018 1464 2049 sed
1489 2013 1743 2061 ἀπραγόπολις,
1779 2017 1894 2049 civitas

1008 2116 1009 2119 Ἴ
1034 2075 1226 2107 otiosorum.
1249 2074 1339 2107 Suet.
1363 2075 1454 2116 Aug.
1479 2075 1530 2106 98.
1554 2074 1680 2106 Statius
1696 2073 1780 2106 Silv.
1794 2074 1857 2112 IV,
1874 2074 1893 2108 7

1034 2129 1158 2160 desides
1180 2129 1320 2160 Baiae.”
1342 2128 1488 2160 Gronov.

1080 2181 1271 2224 Chorumque
1292 2181 1382 2212 illum
1404 2191 1440 2213 οι
1473 2181 1605 2213 turbam
1631 2181 1824 2220 otiosorum,
1852 2182 1893 2214 cf.

1036 2246 1086 2278 ep.
1098 2236 1127 2274 9,
1143 2236 1172 2274 2,
1186 2236 1220 2267 in
1231 2236 1350 2277 quibus
1364 2239 1457 2267 erant
1470 2235 1606 2273 Balbus,
1618 2235 1758 2274 Hirtius,
1772 2236 1891 2276 Pansa,

1037 2300 1087 2332 ep.
1111 2290 1149 2321 11
1174 2294 1259 2322 extr.

1079 2343 1096 2384 ξ
1119 2342 1149 2373 2.
1172 2342 1363 2374 Nauseolam
1386 2342 1443 2373 tibi
1464 2345 1549 2374 tuam
1572 2347 1634 2375 cet.
1650 2353 1685 2374 a:
1708 2348 1740 2375 te
1763 2343 1895 2375 fastidio

1012 2402 1015 2427 t
1037 2397 1196 2428 stomachi
1227 2397 1344 2429 leviter
1365 2401 1560 2438 temptatum
1591 2407 1609 2428 a
1632 2398 1776 2438 negotiis
1797 2398 1895 2429 absti-

1038 2451 1149 2483 nuisse
1171 2451 1285 2489 laetor,
1310 2461 1387 2482 nam
1409 2451 1477 2482 vidi
1500 2461 1543 2482 ex
1574 2451 1679 2483 literis
1709 2452 1774 2483 tuis
1803 2462 1895 2483 accu—

1014 2518 1015 2537 :
1038 2510 1107 2536 rate
1129 2505 1258 2546 scriptis
1281 2509 1312 2536 te
1335 2505 1446 2545 quiete
1470 2504 1629 2536 refectum
1651 2505 1747 2536 novis
1769 2505 1896 2537 viribus

1038 2558 1080 2588 ad
1101 2558 1311 2590 scribendum
1333 2557 1479 2589 rediisse.
1503 2556 1554 2590 Cf.
1579 2567 1629 2599 ep.
1653 2558 1702 2596 10,
1725 2558 1754 2589 2.

1086 2609 1141 2642 Vel
1160 2611 1258 2642 solum
1280 2620 1315 2642 οι
1339 2610 1411 2642 sine
1436 2610 1507 2641 ullo
1529 2610 1701 2652 praesidio,
1725 2611 1825 2643 nullis
1845 2621 1896 2643 co—

1040 2664 1186 2696 mitibus.

1086 2718 1196 2750 Verum
1208 2722 1312 2750 tamen
1321 2742 1400 2750 .....
1418 2719 1560 2751 Reticet:
1577 2729 1671 2761 spero
1683 2720 1788 2761 magis
1798 2730 1897 2761 quam

136 2767 181 2798 ita
202 2774 383 2800 correctum
405 2774 470 2800 est:
502 2769 631 2800 molesta
663 2770 714 2800 ἐι.
749 2768 873 2802 Clodia.
904 2770 992 2802 Nam
1015 2770 1019 2808 Ι
1040 2773 1147 2810 credo,
1171 2777 1227 2804 aut
1248 2772 1357 2804 simile
1379 2772 1469 2814 quid.

758 2876 835 2918 IX.

901 2877 966 2930 (A.
1008 2878 1054 2919 U.
1091 2879 1134 2920 c.
1171 2879 1289 2933 710.)

205 2990 242 3030 l.
276 2990 336 3030 De
370 3005 409 3030 re
444 2989 606 3045 publica
639 2991 765 3033 multa
798 2994 968 3047 cognovi
1001 3008 1049 3034 ex
1083 2994 1164 3035 tuis
1187 2994 1327 3044 literis,
1352 3008 1451 3048 quas
1477 2993 1640 3049 quidem
1663 2993 1895 3048 multiiuges

179 3112 198 3150 ξ
232 3113 260 3143 l.
295 3113 486 3155 Multiiuqes.
518 3114 725 3147 Vocabulum
756 3117 789 3148 in
824 3117 1015 3149 Ciceronis

142 3164 269 3206 scriptis
301 3166 379 3199 alibi
410 3178 477 3199 non
508 3167 684 3200 invenitur.
718 3169 836 3202 Postea
868 3176 902 3202 ut
929 3162 1016 3204 alia&

1038 3120 1216 3160 composita
1239 3129 1314 3150 cum
1337 3119 1454 3150 adiect.
1479 3117 1595 3148 multus
1607 3115 1734 3156 saepius
1748 3115 1897 3155 usurpari

1038 3180 1189 3216 coeptum
1212 3180 1270 3206 est.
1293 3173 1422 3205 Iudicat
1445 3172 1558 3203 multas
1580 3169 1680 3206 simul,
1704 3168 1884 3210 complures.

1908 959 1942 986 10
