2062 3565
0 3110 14 3209 {nav-w
0 2693 14 3096 uqi-§svw--W-ww
0 2567 10 2679 ''nv-⁴*
0 2537 7 2543 i
0 2502 6 2520 *⁸
0 2447 9 2484 -rv

694 164 800 207 LIB.
835 166 912 208 XI.
949 166 1032 208 ΕΡ.
1071 168 1265 210 16-18.
1776 172 1859 212 153

91 300 202 351 sisse,
238 315 339 355 quae
371 305 418 342 tu
451 302 535 357 ipse
569 301 766 357 intelligis
800 302 1032 358 responderi
1066 305 1260 360 potuisse.
1297 309 1337 347 2.
1372 306 1492 359 Quod
1527 308 1706 364 Oppium
1730 311 1863 350 tecum

91 371 233 415 scribis
280 372 476 425 locutum,
524 389 606 417 non
655 375 844 417 abhorret
887 392 909 418 a
950 392 1038 420 mea
1083 379 1309 434 suspicione
1353 380 1439 422 eius
1479 382 1621 423 oratio.
1671 381 1749 423 Sed
1782 397 1862 423 non

91 445 249 498 dubito,
297 447 395 502 quin
440 448 528 489 istis
573 448 804 503 persuaderi
852 450 964 492 nullo
1006 451 1124 493 modo
1166 453 1292 508 possit
1335 469 1394 505 ea,
1431 469 1531 510 quae
1566 455 1729 506 faciant,
1763 456 1863 497 mihi

90 518 250 576 probari
296 536 424 577 posse,
468 537 628 578 quoquo
673 522 790 564 modo
834 523 989 580 loquar.
1042 527 1129 582 Ego
1174 532 1306 569 tamen
1341 533 1430 569 utar
1463 529 1750 579 moderatione,
1785 544 1863 584 qua

90 598 243 659 potero.
276 594 546 650 Quamquam,
581 595 678 650 quid
713 611 800 637 nica
833 597 1006 648 intersit,
1042 604 1088 640 ut
1120 615 1254 642 eorum
1291 600 1427 643 odium
1463 603 1542 657 (ne)
1577 601 1755 653 subeam,
1782 618 1863 644 non

89 663 287 723 intelligo.
334 670 375 709 3.
417 668 472 710 Te
516 669 625 710 iusta
668 683 788 710 causa
834 670 1037 726 impediri,
1083 687 1162 728 quo
1207 673 1341 715 minus
1375 674 1424 716 ad
1457 689 1530 716 nos
1564 676 1698 718 venias
1732 676 1862 728 video,

89 741 211 796 idque
243 741 345 783 mihi
379 740 494 783 valde
528 741 740 784 molestum
785 748 859 785 est.
912 744 1035 786 Hlum
1072 745 1159 801 [ab]
1198 747 1451 789 Alexandrea
1483 748 1712 792 discessisse
1745 766 1862 792 nemo

88 814 266 866 nuntiat,
302 819 539 869 constatque
571 829 622 856 ne
656 815 879 871 profectum
915 818 1074 872 quidem
1094 819 1196 861 illim
1221 835 1460 876 quemquam
1486 828 1577 878 post
1600 823 1698 866 Idus
1722 825 1860 877 Mart„

88 903 162 930 nec
205 892 296 944 post
339 888 439 930 Idus
487 888 699 930 Decembr.
746 889 797 931 ab
841 891 911 932 illo
955 891 1070 934 datas
1112 894 1213 935 ullas
1258 894 1408 936 literas.
1462 896 1522 937 Ex
1557 912 1636 952 quo
1668 898 1862 953 intelligis

86 961 189 1003 illud
222 961 272 1003 de
305 961 433 1003 literis
466 978 502 1004 a.
537 962 578 1003 d.
613 977 651 1003 v.
686 963 750 1004 Id.
786 964 905 1006 Febr.
940 965 1060 1016 datis,
1097 967 1206 1022 quod
1239 968 1359 1009 inane
1393 974 1510 1020 esset,
1545 971 1702 1012 etiamsi
1725 987 1861 1013 verum

87 1039 205 1087 esset,
239 1050 320 1078 non
354 1051 492 1078 verum
527 1051 626 1078 esse.
661 1036 710 1078 L.
743 1037 978 1080 Terentium
1004 1038 1236 1082 discessisse
1259 1056 1307 1082 ex
1331 1041 1468 1084 Africa
1491 1043 1638 1084 scimus
1656 1043 1862 1086 Paestum-

88 1124 164 1165 que
208 1109 377 1151 venisse.
427 1109 538 1162 Quid
582 1110 617 1151 is
661 1110 799 1153 afferat
840 1117 912 1153 aut
955 1128 1035 1168 quo
1080 1113 1199 1155 modo
1241 1115 1383 1156 exierit
1416 1121 1487 1158 aut
1518 1116 1615 1172 quid
1649 1117 1692 1159 in
1727 1117 1863 1160 Africa

87 1184 155 1224 fiat
187 1183 288 1225 scire
321 1184 455 1225 velim.
505 1184 668 1226 Dicitur
712 1185 819 1227 enim
854 1201 924 1242 per
956 1186 1175 1229 Nasidium
1209 1189 1378 1230 emissus
1411 1204 1510 1231 esse.
1560 1190 1609 1232 Id
1643 1191 1760 1246 quale
1794 1192 1860 1243 sit,

87 1256 221 1308 velim,
257 1257 290 1298 si
323 1257 541 1309 inveneris,
576 1257 625 1300 ad
659 1274 722 1300 me
757 1259 920 1302 scribas.
973 1260 1034 1301 De
1069 1261 1154 1303 HS.
1191 1278 1243 1311 x„
1279 1267 1326 1304 ut
1359 1261 1516 1314 scribis,
1552 1255 1710 1310 stiam.
1745 1264 1860 1306 Vale.

87 1342 202 1371 xnx.
238 1329 413 1373 Kalend.
447 1331 591 1384 Quint.

128 1499 144 1526 5
168 1495 274 1527 odium
296 1505 358 1527 non
379 1496 504 1528 subeam
529 1515 569 1522 -·
591 1497 612 1533 ’1
635 1497 734 1529 Illum
756 1498 795 1529 ab
817 1498 1026 1531 Alexandrea
1051 1518 1092 1523 -—

87 1671 102 1684 n
113 1657 272 1689 mendum
294 1657 400 1694 video,
417 1656 655 1689 correctionem
670 1657 778 1689 adhuc
794 1657 951 1698 quaer0.''
972 1661 975 1716 j
997 1658 1032 1690 in
1056 1658 1145 1690 Med.
1168 1659 1311 1690 inveniri
1334 1659 1500 1700 Hauptius
1522 1659 1652 1692 monuit
1674 1661 1695 1691 l.
1720 1670 1747 1692 c.
1760 1671 1792 1702 p.
1811 1661 1859 1694 17.

86 1709 138 1742 Ne
160 1709 244 1742 illud
266 1710 400 1752 quidem
424 1710 503 1742 satis
526 1715 664 1748 constat,
688 1716 800 1742 utrum
812 1710 864 1742 his
880 1720 950 1742 ver·
972 1717 975 1749 1
1041 1711 1060 1752 ξ
1083 1712 1117 1743 2.
1145 1711 1183 1742 Ut
1206 1721 1310 1743 eorum
1333 1712 1437 1743 odium
1460 1723 1500 1744 ne
1513 1712 1647 1744 subeam.
1671 1713 1803 1745 Inserni
1820 1724 1859 1745 ne

85 1762 137 1794 bis
158 1772 268 1795 sermo
290 1763 332 1794 sit
353 1763 393 1795 de
416 1763 564 1804 epistola,
587 1773 628 1794 an
652 1764 693 1794 de
714 1763 793 1794 filia.
824 1763 898 1794 Hoc
921 1763 948 1794 si
971 1767 974 1803 ξ
995 1765 1036 1796 de
1058 1764 1292 1806 Wesenbergii
1305 1766 1469 1798 sententia
1485 1766 1616 1798 Emend
1643 1777 1674 1808 p.
1690 1767 1740 1798 14.
1760 1766 1858 1798 Putat

85 1816 238 1848 admittas
260 1817 459 1849 sententiam
487 1817 553 1848 loci
576 1816 670 1849 foede
693 1817 838 1858 corrupti
860 1822 948 1850 reete
970 1847 972 1863 Ι
995 1818 1085 1850 enim
1115 1817 1232 1851 Cicero
1269 1819 1354 1851 nihil
1388 1830 1446 1852 sua
1475 1820 1644 1858 interesse,
1675 1826 1712 1853 ut
1734 1827 1858 1859 caveat,

84 1876 250 1903 assecutus
272 1871 404 1902 videtur
425 1870 622 1911 Maiaspina,
645 1880 750 1912 quum
772 1871 946 1903 scriberet:
970 1866 972 1919 ζ
994 1881 1036 1903 ne
1068 1870 1217 1903 Caesaris
1251 1873 1373 1905 amicos
1411 1874 1558 1906 oratione
1582 1884 1641 1906 sna
1662 1874 1778 1906 irritet.
1811 1874 1860 1905 Ne

88 1939 100 1949 υ
109 1934 212 1965 quum
234 1924 396 1966 quaedam
419 1933 477 1964 pro
500 1923 613 1954 Tullia
634 1923 771 1955 fortasse
794 1923 947 1955 Dolabel·
969 1958 971 1960 ,
993 1924 1123 1955 facilius
1152 1925 1286 1963 excidit,
1317 1936 1417 1967 quam
1447 1937 1518 1964 non,
1541 1928 1632 1968 quod
1655 1937 1723 1958 non
1747 1928 1859 1959 minus

84 1977 135 2008 lae
169 1982 225 2008 aut
258 1977 316 2008 alii
350 1976 483 2007 cuidam
516 1976 688 2008 scribenda
721 1981 839 2014 essent,
874 1987 946 2008 eam
968 1966 971 2003 Ῐ
993 1984 1079 2009 recte
1092 1978 1262 2011 diceretur.
1281 1979 1352 2011 Noa
1363 1980 1487 2011 subeam
1500 1980 1590 2012 enim
1602 1986 1686 2013 esset
1699 1981 1857 2023 effuyiam.

84 2041 197 2062 curam
221 2029 339 2062 Cicero
361 2039 421 2060 suo
443 2038 535 2061 more
557 2028 592 2060 in
616 2029 767 2060 Atticum
785 2030 947 2061 derivat.'“
968 2053 969 2074 3
1035 2031 1054 2070 ξ
1086 2032 1114 2063 3.
1146 2032 1217 2074 [ab]
1252 2033 1458 2065 Alexandrea
1491 2035 1682 2066 discessisse.
1704 2035 1859 2067 Baiter-us

85 2083 122 2115 Si
144 2083 229 2115 illud
251 2083 358 2124 magis
379 2083 497 2124 placet,
519 2082 636 2114 ceteris
651 2083 851 2114 coniecturis
864 2083 945 2115 haec
967 2079 970 2113 Ἴ

84 2137 232 2168 accedat:
263 2135 328 2167 Pro
358 2146 406 2173 ea,
436 2146 526 2177 quam
560 2134 605 2165 ad
639 2146 685 2166 me
719 2136 944 2166 consolandum
968 2148 969 2153 ¹

82 2188 239 2230 scripsisti
261 2185 458 2235 πρᾳότατα,
477 2190 592 2229 putato
616 2198 654 2219 ea
677 2197 723 2219 me
746 2187 945 2228 rewipsisse
969 2231 971 2234 .

83 2252 147 2279 cet.
168 2247 286 2288 Neque
308 2246 399 2278 enim
422 2244 537 2277 Cicero
561 2245 605 2276 ad
621 2245 740 2277 modum
751 2244 946 2276 consolantis
970 2289 971 2292 Ἴ

83 2299 226 2331 scribere
254 2304 391 2340 poterat,
420 2308 523 2339 quum
557 2298 659 2330 vellet
680 2308 764 2328 more
785 2297 948 2328 consolan—
969 2299 971 2324 ι’

83 2352 127 2383 tis
154 2352 310 2390 indicare,
339 2352 394 2383 vel
423 2352 704 2393 comparationem
732 2361 808 2382 cum
831 2361 945 2382 conso—

83 2407 175 2439 lante
202 2406 385 2438 instituere.
417 2405 668 2447 Peerlkampius
696 2405 854 2438 coniecit:
885 2405 947 2436 Pro
970 2433 972 2452 ἶ

83 2471 132 2498 ea,
154 2470 244 2502 quam
266 2478 308 2484 —
327 2459 490 2501 scripsisse
512 2469 558 2490 me
573 2463 683 2501 putas,
705 2459 851 2501 epistola,
873 2461 946 2490 tan-

83 2516 146 2544 tum
167 2512 247 2546 scito
269 2523 308 2545 ea
330 2523 376 2545 me
398 2513 563 2553 scripsisse
584 2518 635 2545 cet
673 2503 793 2545 Verba·
807 2513 893 2550 dedi,
911 2518 947 2545 ut
970 2512 971 2534 ἶ

657 2630 828 2673 XVIII.
896 2632 962 2683 (A.

994 2084 1069 2115 coll.
1105 2094 1154 2126 ep.
1183 2085 1233 2122 25,
1263 2087 1283 2117 2
1305 2092 1336 2117 et
1367 2087 1407 2118 18
1430 2087 1502 2118 init.
1526 2093 1613 2119 recte
1638 2087 1721 2118 vidit
1744 2088 1783 2118 ab
1805 2088 1858 2119 de-

994 2137 1133 2168 lendum
1155 2147 1236 2170 esse.

1035 2191 1084 2222 De
1113 2191 1220 2223 literis
1255 2205 1285 2224 α..
1320 2193 1351 2224 d.
1382 2192 1415 2225 V.
1438 2193 1489 2225 Id.
1512 2193 1600 2226 Febr.
1623 2194 1718 2225 datis.
1756 2196 1858 2226 Initio

968 2237 971 2284 J
994 2246 1171 2287 superioris
1194 2247 1288 2288 epist.
1315 2247 1433 2279 Cicero
1456 2249 1522 2280 iam
1536 2249 1672 2289 negavit
1689 2249 1763 2280 illas
1781 2248 1858 2281 Cae-

993 2300 1075 2331 saris
1098 2309 1179 2332 esse.
1202 2301 1301 2332 Nunc
1324 2306 1356 2333 et
1371 2302 1463 2333 fictas
1481 2308 1576 2334 vocat
1589 2309 1621 2334 et
1633 2303 1759 2341 inanes,
1775 2313 1858 2344 quae

993 2353 1079 2385 nihil
1102 2354 1211 2396 ipsum
1234 2355 1385 2387 iuvarent

1036 2406 1098 2438 Per
1120 2406 1296 2440 Nasidium.
1319 2408 1420 2440 Hunc
1443 2409 1593 2440 nominat
1615 2408 1734 2441 Caesar
1757 2410 1795 2441 B.
1820 2412 1856 2441 C.

969 2478 972 2504 l
993 2461 1041 2492 II.
1064 2460 1082 2492 3
1104 2470 1192 2502 seqq.
1216 2467 1249 2493 et
1270 2462 1409 2503 scriptor
1430 2462 1471 2494 de
1493 2462 1582 2494 bello
1605 2463 1679 2494 Afr.
1703 2473 1730 2493 c.
1756 2464 1807 2493 95³.

1005 2633 1050 2673 U.
1089 2635 1130 2674 C.
1171 2634 1288 2688 707.)

149 2762 188 2801 l.
222 2760 283 2802 De
315 2757 426 2800 illius
459 2756 713 2799 Alexandrea
747 2756 927 2798 discessu
959 2757 1064 2800 nihil
1097 2758 1231 2801 adhuc
1264 2761 1451 2811 rumoris,
1477 2765 1694 2816 contraque
1719 2760 1853 2815 opinio

84 2832 199 2874 valde
242 2847 327 2874 esse
375 2831 629 2887 impeditum.
681 2830 824 2885 Itaque
859 2845 932 2872 nec
966 2832 1098 2884 mitto,
1132 2837 1179 2874 ut
1212 2833 1514 2883 constitueram,
1548 2833 1781 2875 Ciceronem
1815 2837 1854 2872 et

84 2912 123 2948 te
166 2920 277 2961 rogo,
323 2909 370 2948 ut
412 2920 474 2946 mc
517 2904 613 2946 hinc
647 2902 849 2959 expedias.
899 2903 1082 2954 Quodvis
1115 2904 1222 2947 enim
1250 2905 1493 2961 supplicium
1525 2905 1653 2947 levius
1687 2909 1747 2945 est
1779 2904 1852 2944 hac

83 2977 376 3034 permansione.
425 2978 516 3019 Hac
561 2975 609 3017 de
655 2990 695 3017 re
740 2980 782 3017 et
823 2975 874 3017 ad
920 2977 1145 3027 Antonium
1189 2977 1331 3033 scripsi
1364 2982 1405 3019 et
1437 2978 1486 3019 ad
1521 2976 1694 3020 Balbum
1727 2981 1768 3018 et
1801 2976 1850 3018 ad
1889 2995 1903 3018 ε.

127 3139 146 3180 ξ
169 3140 196 3171 1.
222 3139 261 3170 Ut
284 3150 330 3171 me
351 3139 426 3171 hinc
447 3140 598 3181 expedias
627 3150 660 3172 o:
684 3146 721 3173 ut
743 3140 865 3173 efficias
889 3143 970 3195 peri

87 3191 310 3231 caesarianos,
334 3194 392 3235 qni
413 3194 487 3225 ist-in
519 3200 604 3230 sunt,
629 3200 668 3226 ut
688 3203 741 3227 me
765 3193 946 3227 Brundisio
966 3202 969 3242 j

992 3141 1161 3174 discedere
1186 3142 1363 3181 patiantur.

1904 615 1918 639 5

1883 984 1919 1011 10

1884 1346 1915 1371 15
