2062 3565
745 146 850 188 LIB.
887 146 1007 189 XIII.
1044 147 1126 190 ΕΡ.
1164 151 1296 188 2—5.
1818 151 1898 190 217

138 292 242 318 esses
285 284 326 319 et
364 279 407 320 in
454 279 513 321 liis
558 281 721 335 quidem
764 281 926 323 tabulis.
973 284 1007 324 A
1044 298 1104 324 1116
1140 284 1262 338 igitur
1296 285 1443 325 omnia.
1478 285 1595 337 Quod
1631 285 1717 326 (lies
1752 285 1905 340 longior

138 357 199 392 est
232 376 289 381 —
324 357 531 395 teneamus
564 354 683 396 modo
717 355 823 410 quod
860 356 1042 398 volumus
1080 382 1151 407 »2-‚
1189 363 1284 412 puto
1320 358 1400 399 fore
1436 359 1551 400 istam
1587 358 1706 400 etiam
1743 374 1764 400 a
1799 374 1907 414 prac-

139 440 236 468 cone
270 425 390 477 diem,
425 431 530 469 certe
564 427 614 469 ab
648 428 876 471 heredibus.
914 433 953 471 2.
988 430 1048 471 De
1082 430 1222 486 Crispo
1257 436 1296 472 et
1329 431 1505 473 Mustela
1528 432 1697 483 videbis,
1726 438 1766 473 et
1789 432 1904 473 velini

139 498 239 541 scire
281 514 381 553 quae
429 500 482 541 sit
524 516 614 556 pars
649 501 834 544 duorum.
883 503 942 544 De
976 503 1092 545 Bruti
1128 503 1303 545 adventu
1337 520 1443 547 eram
1478 505 1608 547 factus
1641 507 1799 548 certior.
1837 508 1906 547 At-

138 572 285 614 tulerat
333 572 439 614 enim
489 572 539 614 ab
583 589 628 615 eo
663 579 846 630 Aegypta
881 575 1049 618 libertus
1083 577 1230 618 literas.
1267 577 1363 619 Misi
1398 578 1447 619 ad
1482 583 1519 619 te
1553 579 1776 635 epistolam,
1811 580 1907 635 quia
1949 599 1963 623 ε

139 645 345 688 commode.
380 647 528 703 scripta
561 653 659 690 erat.

138 814 216 845 tium
238 824 334 845 meum
353 824 497 856 yererem
518 814 582 845 nisi
604 814 736 846 consilio
758 817 812 846 tuo
821 821 839 846 r
871 816 943 857 Ego
967 816 1000 847 in
1044 818 1180 857 exigere
1205 827 1347 858 possum,
1371 829 1436 849 non
1461 826 1510 850 est
1541 820 1798 858 incommodum,
1829 831 1906 862 quo-

137 868 188 901 his
210 873 341 900 secutus
363 878 438 900 sum
460 869 531 900 cod.
555 869 655 906 Med„
680 867 825 901 Orellius
835 869 881 907 Z.‚
900 880 999 911 quem
1044 872 1134 903 niam
1158 879 1212 903 aut
1236 873 1270 904 in
1294 873 1365 914 ipsa
1377 874 1543 915 emptione
1557 875 1627 907 dies
1643 876 1738 916 pretii
1756 876 1906 908 solvendi

138 922 261 954 librum
282 922 314 954 h.
339 923 360 954 l.
386 923 620 964 interpolatum
644 932 714 954 esse
727 922 999 955 docuitFr.H0f-
1043 926 1122 957 satis
1146 926 1247 966 longa
1266 927 1407 965 dabitur,
1438 936 1495 959 aut
1517 928 1652 960 heredes
1675 928 1846 970 Scapulae,
1871 931 1904 962 in

138 987 290 1015 mannus,
312 977 346 1009 in
381 977 497 1009 libello
525 978 566 1010 de
599 984 757 1019 apparatu
787 978 859 1009 crit.
891 979 998 1020 epistt.
1044 979 1165 1020 quibus
1188 985 1282 1010 erant
1305 980 1440 1021 Crispus
1472 987 1503 1012 et
1534 982 1687 1020 Mustela,
1720 983 1905 1024 longiorem

137 1030 178 1062 ad
200 1030 272 1062 Att.
296 1041 326 1072 p.
350 1030 401 1061 29.
1044 1032 1132 1064 diem
1156 1033 1347 1064 concedent.

182 1086 210 1115 A
232 1096 279 1117 me
300 1085 398 1126 i9itur
419 1085 522 1116 omnia
545 1095 588 1116 sc.
613 1085 876 1126 praestabuntur.
912 1086 998 1125 Quo·
1093 1085 1262 1117 Tenemus
1284 1086 1372 1118 modo
1395 1088 1477 1128 quod
1498 1089 1638 1120 volumus
1661 1099 1694 1121 o:
1728 1090 1907 1122 dummodo

138 1138 228 1170 niam
250 1149 317 1170 non
341 1149 474 1180 possum
496 1139 575 1170 dare
597 1139 743 1180 praedeS,
774 1138 843 1180 ipse
866 1149 924 1180 per
946 1149 998 1171 me
1046 1141 1080 1171 in
1103 1141 1255 1172 auctione
1277 1141 1388 1173 hortos
1415 1143 1489 1173 illos
1513 1143 1729 1176 obtineamus.

137 1192 277 1224 solvam.
1085 1195 1101 1232 ξ
1125 1195 1153 1225 2.
1178 1193 1327 1226 Duorum.
1351 1195 1430 1226 Ern.
1455 1196 1602 1228 malebat
1624 1207 1740 1236 eorum,
1754 1196 1809 1230 Or.
1832 1197 1907 1229 duo—

184 1246 275 1288 Quod
293 1246 362 1279 dies
383 1248 506 1288 lonqior
528 1250 574 1278 ese
596 1257 630 1278 sc
667 1257 782 1279 eorum
804 1248 996 1285 nominum;
1041 1257 1107 1277 rum
1126 1247 1243 1278 horum.
1267 1247 1357 1278 Illud
1380 1249 1491 1289 probo.

137 1301 226 1342 quod
251 1312 318 1333 non
352 1302 416 1334 uisi
446 1306 519 1342 post
551 1301 690 1341 longum
721 1307 849 1342 tempus
879 1310 999 1332 numos

751 1408 834 1449 JV.
900 1409 966 1461 (A.
1009 1409 1054 1449 [J.
1093 1410 1135 1449 G.
1176 1409 1294 1463 709.)

203 1528 241 1567 1.
290 1524 429 1567 Habeo
474 1539 620 1566 munus
667 1539 688 1564 a
730 1530 768 1565 ‘te
811 1523 1057 1565 elaboratum
1092 1523 1227 1565 decem
1263 1525 1500 1579 legatorum.
1540 1527 1733 1581 Equidem
1770 1528 1905 1584 (idem)

137 1603 250 1656 puto.
283 1599 389 1640 Nam
424 1598 529 1640 lilius
562 1613 667 1640 anno
701 1603 792 1653 post
825 1602 1011 1653 quaestor
1046 1598 1123 1639 fuit,
1157 1613 1275 1651 quam
1310 1599 1450 1640 consul
1486 1600 1722 1643 Mummius.
1760 1605 1800 1644 2.
1826 1603 1903 1644 Sed

136 1672 324 1728 quoniam
370 1672 526 1727 saepius
573 1671 621 1713 de
670 1670 902 1712 nominibus
947 1671 1104 1725 quaeris
1154 1671 1251 1726 quid
1295 1671 1465 1727 placeat,
1511 1688 1584 1728 ego
1634 1689 1792 1730 quoque
1827 1676 1902 1718 tibi

136 1746 294 1802 saepius
334 1745 553 1801 respondeo
598 1745 765 1801 placere.
811 1744 852 1786 Si
897 1743 994 1799 quid
1029 1745 1176 1799 poteris
1210 1760 1299 1786 cum
1336 1746 1496 1797 Pisone,
1533 1749 1738 1799 conficies3
1775 1750 1903 1791 Avius
1947 1762 1962 1788 5

135 1821 242 1863 enim
275 1820 434 1862 videtui·
465 1820 510 1861 in
543 1820 672 1860 officio
706 1818 880 1860 futurus.
916 1817 1047 1858 Velim
1081 1823 1172 1859 ante
1206 1820 1356 1874 possis3
1388 1820 1421 1861 si
1444 1821 1591 1872 minus,
1618 1822 1756 1877 utique
1779 1823 1900 1864 simul

135 1895 273 1946 simus,
309 1909 431 1949 quum
466 1893 619 1934 Brutus
653 1892 788 1934 veniet
820 1892 864 1933 in
896 1891 1187 1933 Tusculanum.
1224 1893 1365 1948 Magni
1398 1895 1565 1935 interest
1598 1910 1684 1937 mea
1719 1912 1799 1938 una
1832 1912 1904 1938 nos

135 1983 234 2009 esse.
285 1968 394 2010 Scies
439 1972 572 2008 autem
605 1967 676 2022 qui
708 1965 794 2008 dies
826 1967 862 2007 is
894 1965 1055 2007 futurus
1089 1966 1154 2017 sit,
1189 1966 1222 2008 si
1256 1980 1378 2023 puero
1411 1968 1617 2023 negotium
1653 1969 1824 2019 dederis,
1860 1980 1905 2013 ut

135 2048 313 2096 quaerat.
823 2041 828 2044 ’

176 2210 196 2240 2
216 2209 408 2249 leqalorum;
433 2211 464 2240 et
485 2207 607 2250 quidem
624 2210 715 2248 puto.

175 2359 192 2398 ξ
217 2358 245 2389 l.
267 2356 378 2388 Habeo
401 2365 511 2387 munus
532 2374 572 2378 —
595 2355 700 2386 elecem
732 2355 916 2396 levaturum.
940 2356 991 2387 Cf.
1040 2356 1154 2387 scribi:
1181 2355 1245 2398 qu
1266 2356 1348 2387 idem
1365 2360 1456 2398 pulo.

135 2422 185 2453 ep.
209 2411 259 2449 30,
283 2412 312 2442 3.
336 2409 530 2442 Genitivum
553 2409 650 2441 credo
673 2419 753 2447 esse,
784 2410 840 2450 qui
862 2410 993 2447 dicitur,
1082 2409 1100 2450 ξ
1124 2410 1152 2440 2.
1177 2408 1224 2440 De
1246 2410 1419 2441 nominibus
1436 2421 1490 2451 np.
1503 2411 1688 2452 exigendis.
1712 2412 1857 2452 cf.ep.2,
1874 2412 1901 2442 1.

133 2465 353 2497 definitivum.
376 2464 510 2496 Atticus
533 2472 577 2494 ex
598 2463 742 2504 antiquis
764 2463 858 2494 libris
879 2463 994 2495 decem
1015 2458 1017 2496 f
1039 2463 1067 2500 3,
1091 2463 1120 2493 1.
1147 2462 1196 2500 33,
1220 2463 1249 2501 2,
1280 2473 1363 2505 quae
1386 2473 1501 2495 omnes
1526 2464 1642 2496 ordine
1664 2465 1750 2496 hanc
1775 2474 1902 2505 praece·

134 2520 323 2560 legatorum
347 2518 484 2550 nomina
507 2522 647 2549 eruerat.
693 2517 788 2556 Quae
812 2522 994 2558 sequuntur
1015 2508 1017 2547 l
1037 2519 1130 2550 dunt.
1154 2519 1342 2559 Pelluntur,
1367 2521 1424 2561 qui
1447 2522 1487 2552 de
1505 2521 1699 2552 nominibus
1718 2521 1901 2562 legatorum

133 2574 168 2605 in
191 2573 303 2605 codice
326 2575 357 2604 et
379 2571 499 2614 quidem
515 2574 595 2612 puto
609 2570 750 2603 feliciter
762 2571 909 2603 correxit
922 2572 992 2603 Mo-
1036 2573 1090 2604 hic
1115 2574 1170 2614 agi
1192 2579 1321 2615 putent.

132 2638 222 2660 serus
257 2628 292 2659 in
323 2627 440 2668 Symb.
477 2626 556 2657 crit.
586 2635 670 2666 spee.
704 2625 833 2666 quinto,
866 2636 897 2666 p.
934 2626 990 2656 23:
1079 2626 1116 2657 Si
1139 2627 1216 2669 quid
1230 2627 1352 2668 poteri-5
1375 2638 1440 2659 cum
1466 2628 1590 2659 Pisone.
1613 2628 1664 2660 Cf.
1691 2630 1730 2659 ad
1754 2638 1802 2668 ep.
1823 2630 1850 2664 2,
1872 2629 1900 2658 l.

133 2681 278 2724 Equidem
301 2680 381 2712 idem
396 2681 479 2721 puto
503 2689 556 2720 up.
580 2678 616 2710 C.
640 2678 846 2709 Tuditanum
864 2683 993 2719 patrem
1014 2675 1016 2683 '
1037 2678 1121 2711 Cum
1144 2681 1207 2712 hoc
1229 2682 1443 2723 coniungitur
1467 2682 1574 2713 Avius
1598 2682 1681 2713 XII.
1708 2685 1735 2718 ὅ,
1760 2682 1788 2712 2.

133 2735 166 2766 in
191 2735 230 2766 iis
252 2734 362 2771 fuisse,
387 2743 452 2765 non
478 2732 593 2769 filium,
624 2731 681 2772 qui
703 2736 774 2762 tum
796 2731 902 2762 adhuc
924 2737 993 2763 erat
1013 2737 1015 2777 3
1085 2731 1181 2764 Velim
1205 2737 1281 2765 ante
1297 2735 1402 2775 possis
1431 2735 1489 2766 int.
1513 2744 1644 2767 mecum
1667 2744 1745 2772 esse,
1782 2741 1816 2764 ut
1851 2744 1897 2764 se-

132 2788 405 2820 adolescentulus,
429 2787 494 2818 vid.
520 2795 568 2827 ep.
593 2784 621 2822 6,
646 2786 674 2816 4.
705 2784 839 2817 Poterat
860 2795 991 2827 quoque
1014 2795 1015 2814 ι
1035 2787 1171 2827 quentia
1192 2787 1320 2820 docent.

770 2904 816 2945 V.
883 2905 948 2957 (A.
991 2906 1036 2946 U.
1074 2907 1116 2947 C.
1155 2907 1272 2961 709.)

199 3023 237 3062 1.
271 3023 339 3076 Sp.
373 3019 617 3062 Mummium
651 3023 831 3074 putaram
865 3019 907 3061 in
941 3019 1078 3062 decem
1094 3021 1237 3077 legatis
1260 3022 1396 3071 fuisse,
1422 3023 1490 3065 sed
1517 3023 1721 3070 videlicet;
1749 3022 1894 3062 etenim

175 3178 240 3211 Sed
260 3178 414 3211 videlicet.
450 3178 557 3211 Nimis
580 3178 718 3220 abrupte
740 3179 785 3210 sic
815 3179 880 3210 ‹lici
914 3189 988 3210 con·
1012 3178 1215 3224 ‚cedendum
1239 3178 1388 3211 Graevio.
1427 3180 1460 3211 [s
1483 3179 1640 3211 coniecit:
1666 3177 1726 3209 Sed
1749 3177 1893 3209 videlicet
