2062 3565
712 149 817 191 LIB.
855 149 970 191 XIV.
1006 149 1089 191 ΕΡ.
1129 150 1324 190 18—20.
1819 153 1900 192 297

143 285 340 338 labellum,
383 284 720 341 quemadmodum
764 284 839 327 tibi
874 285 974 326 dicis
1009 285 1177 341 placere,
1213 285 1352 341 scripsi
1387 285 1615 341 diligenter.
1669 286 1753 341 Ego
1787 286 1906 327 ctiam

141 360 192 403 ad
235 360 390 402 Siccam
400 378 411 411 ;
457 358 533 401 tibi
577 359 653 401 hoc
699 359 831 401 oneris
876 374 956 400 non
1000 359 1182 414 impono5
1218 359 1310 401 11010
1343 364 1382 401 te
1416 358 1530 401 illuni
1564 360 1712 400 iratum
1748 358 1907 400 habere.

141 432 267 476 Servii
300 432 521 474 orationem
556 447 769 488 cognosco,
804 432 847 474 in
881 446 960 487 qua
994 431 1083 487 plus
1116 432 1272 473 timoris
1305 431 1421 473 video
1455 447 1572 487 quam
1606 433 1778 475 consilii.
1813 432 1905 482 Sed,

143 505 330 560 quoniam
365 506 566 562 perterriti
600 521 739 548 omnes
771 521 925 557 sumus,
961 506 1157 547 assentior
1191 506 1343 547 Servio.
1390 505 1590 547 Publilius
1623 512 1755 548 tecum
1790 506 1907 547 trica-

143 586 209 620 tus
253 583 327 620 est.
374 579 467 620 Huc
511 579 619 620 enim
652 578 846 620 Caerellia
878 579 1000 620 missa
1033 577 1083 619 ab
1117 579 1206 620 istis
1239 584 1301 620 est
1333 578 1464 634 legata
1497 580 1546 620 ad
1582 595 1657 630 me,
1692 581 1758 622 cui
1792 580 1959 622 faciles

141 652 317 708 persuasi
350 651 450 693 mihi
482 651 540 703 id,
571 652 679 707 quod
711 656 883 707 rogaret,
918 667 968 693 ne
1002 651 1122 693 licere
1157 651 1335 707 quidem,
1369 667 1451 693 non
1488 652 1606 694 modo
1640 668 1721 694 non
1756 653 1906 695 lubere.

143 725 367 767 Antonium
401 725 435 766 si
468 724 618 777 videro,
653 730 836 767 accurate
870 740 984 780 agam
1020 724 1069 765 de
1104 724 1318 766 Buthroto,
1356 726 1395 766 5.
1434 726 1561 766 Venio
1595 726 1644 767 ad
1669 727 1908 768 recentiores

140 798 291 850 literas,
325 813 569 854 quamquam
603 798 652 840 de
687 798 824 840 Servio
857 799 937 840 iam
971 798 1171 853 rescripsi.
1212 826 1231 848 Ι,
1245 798 1313 839 Me
1347 798 1474 840 facere
1507 814 1693 854 magnam
1727 801 1910 859 πρᾶξιν

141 872 418 914 DolabeUae.'’
470 873 578 915 Mihi
623 872 849 914 mehercule
897 873 955 914 ita
999 871 1182 923 videtur3
1228 885 1307 913 non
1355 873 1551 927 potuisset
1593 873 1718 914 maior
1765 874 1834 914 tali
1868 888 1908 914 re

139 945 292 1002 talique
324 951 515 1002 tempore.
550 945 629 987 Sed
661 943 811 996 tamen,
842 944 1041 1001 quidquid
1075 945 1112 986 ei
1146 943 1295 995 tribuo,
1315 943 1450 986 tribuo
1468 960 1517 986 ex
1538 945 1621 986 tuis
1643 945 1783 987 literis.
1816 944 1909 987 Tibi

143 1033 235 1060 vero
262 1019 457 1061 assentior
489 1018 678 1060 maiorem
713 1018 897 1078 πρᾶξιν
930 1017 1016 1059 eius
1050 1018 1147 1068 fore,
1182 1017 1215 1058 si
1248 1016 1348 1058 mihi
1375 1017 1482 1072 quod
1506 1017 1647 1059 debuit
1669 1018 1909 1060 dissolverit.

140 1091 292 1133 Brutus
339 1092 458 1134 velim
499 1092 552 1134 sit
593 1096 780 1134 Asturae.
833 1094 875 1133 6.
926 1091 1048 1144 Quod
1092 1095 1225 1132 autem
1258 1090 1399 1132 laudas
1432 1106 1508 1142 me,
1544 1092 1651 1146 quod
1683 1092 1785 1133 1111111
1818 1098 1910 1133 ante

140 1164 190 1206 de
222 1165 466 1221 profectione
501 1166 760 1217 constituam,
797 1180 917 1221 quam
950 1165 1029 1207 ista
1063 1181 1142 1221 quo
1176 1180 1343 1207 evasura
1377 1165 1459 1206 sint
1493 1164 1642 1216 videro,
1676 1171 1789 1206 muto
1823 1180 1910 1206 sen-

138 1238 322 1280 tentiam.
367 1239 511 1294 Neque
556 1240 774 1296 quidquam
821 1245 958 1281 tamen
1001 1244 1108 1290 ante,
1157 1255 1276 1295 quam
1309 1244 1349 1280 te
1383 1239 1534 1281 videro.
1570 1239 1746 1281 Atticam
1781 1255 1910 1281 meam

138 1312 287 1367 gratias
335 1313 436 1355 mihi
480 1329 595 1369 agere
642 1313 691 1356 de
738 1318 862 1356 matre
895 1312 1067 1368 gaudeo,
1103 1313 1169 1354 cui
1203 1312 1365 1368 quidem
1399 1328 1472 1368 ego
1505 1317 1631 1354 totam
1665 1313 1800 1354 villam
1834 1313 1910 1354 cel-

139 1385 299 1444 lamque
342 1386 507 1438 tradidi,
556 1402 724 1442 eamque
769 1385 997 1442 cogitabam
1051 1400 1090 1428 v.
1122 1386 1222 1428 Idus
1254 1385 1403 1427 videre.
1452 1386 1514 1427 Tu
1549 1386 1707 1428 Atticae
1741 1386 1910 1427 salutem

140 1459 263 1501 dices.
296 1460 383 1502 Nos
417 1460 564 1502 Piliam
598 1461 813 1516 diligenter
846 1459 1067 1502 tuebimur.

184 1625 203 1656 9
225 1621 292 1656 non'
310 1627 327 1664 †
342 1625 486 1666 potuisse
507 1643 549 1648 -—-

183 1782 202 1822 ξ
225 1781 254 1814 3.
274 1781 323 1813 De
347 1782 506 1813 coronatis
528 1789 589 1814 cet.
613 1782 663 1815 Cf.
687 1793 737 1825 ep.
762 1784 810 1823 14,
836 1785 863 1816 1.
1051 1793 1115 1825 que
1138 1784 1241 1816 subst.
1262 1783 1351 1821 ἰνίου,
1375 1794 1441 1825 quo
1464 1784 1567 1815 utitur
1587 1785 1736 1816 Lucilius
1755 1795 1805 1827 ap.
1824 1785 1911 1816 Non.

183 1837 202 1876 ξ
232 1838 262 1867 4.
291 1835 355 1876 qu
386 1836 480 1867 eciam
514 1836 559 1867 ad
585 1836 714 1868 Siccam.
745 1838 835 1870 Male
857 1848 874 1870 e
898 1848 1002 1878 marg.

144 1888 259 1920 Lamb.
281 1899 301 1920 8
321 1888 458 1920 Klotzio
480 1894 649 1930 receptum
672 1897 722 1922 est
743 1901 827 1932 erqo,
862 1890 925 1932 quo
946 1900 1002 1932 op-

143 1942 277 1982 ponitur
298 1942 450 1983 sequenti
471 1942 538 1973 tibz'.
1024 1929 1027 1953 ἶ

184 1995 290 2028 Servii
310 1995 484 2026 orationem
498 2005 655 2037 coynosco.
678 1997 754 2038 Ipsa
773 2007 883 2029 rerum
896 1997 1002 2028 1111180
1025 1995 1027 2025 !

142 2050 281 2092 epistola
301 2050 402 2082 series
431 2054 528 2088 vetat,
552 2051 729 2092 quominus
750 2052 792 2083 de
814 2043 962 2083 oratione
984 2061 1004 2082 a

143 2101 259 2134 Servio
289 2101 439 2144 Sulpicio
473 2103 507 2134 in
536 2110 651 2135 senatu
674 2104 788 2136 habita
810 2105 1002 2145 cogitemus.

143 2157 275 2188 Atticus
296 2157 535 2198 perscripserat,
558 2167 642 2199 quae
666 2157 812 2190 eServio
825 2163 1002 2199 acceperat.

143 2209 247 2241 Erant
268 2210 438 2247 eiusmodi,
460 2217 498 2242 ut
520 2210 664 2242 hominis
686 2211 835 2243 animum
849 2211 1004 2243 timidum

143 2263 220 2294 inde
241 2263 450 2304 perspiceres.
487 2263 674 2305 Coynvscere
695 2275 763 2295 11011
786 2274 856 2296 esse
884 2264 1004 2296 sollici-

143 2317 280 2347 tandum
301 2317 421 2348 docent
443 2325 491 2355 ea,
506 2327 590 2358 quae
603 2318 714 2349 attulit
728 2319 946 2350 Marklaudus
964 2319 1005 2350 ad

145 2369 244 2402 Statii
266 2369 349 2401 Silv.
372 2370 435 2401 IV.
459 2371 487 2408 6,
511 2371 561 2402 23.
585 2370 635 2403 Cf.
658 2373 699 2403 ad
720 2371 804 2404 XII.
828 2373 877 2410 22,
902 2373 930 2403 l.

186 2424 343 2456 Publilius
371 2427 470 2456 tecum
500 2426 634 2456 tricatus
656 2429 713 2464 est,
736 2432 797 2458 cet.
831 2426 1005 2458 Pertinent

146 2482 226 2514 haec
248 2483 290 2514 ad
323 2481 504 2514 Publiliam
526 2483 705 2522 dimissam,
730 2493 830 2525 quam
851 2483 950 2515 frater
971 2490 1005 2516 et

146 2541 251 2567 mater
272 2545 292 2566 a
313 2533 473 2568 Cicerone
496 2536 607 2568 reduci
630 2537 796 2568 volebant.
823 2537 937 2575 Quum
948 2536 1004 2567 tri·

145 2598 201 2620 cae
223 2587 290 2619 sint
312 2587 556 2628 impedimenta,
579 2589 716 2620 tria-atur
745 2589 801 2630 qui
823 2589 902 2630 quid
924 2589 1005 2621 velit

1024 1875 1025 1884 ἵ
1050 1839 1068 1868 8
1091 1843 1124 1870 01
1146 1838 1196 1876 22,
1218 1838 1276 1869 ubi
1299 1837 1396 1869 Cotta
1417 1847 1521 1870 senex
1543 1844 1678 1870 vocatur
1689 1849 1819 1879 maynus
1832 1839 1912 1870 trico

1049 1891 1249 1928 nummarius,
1271 1890 1391 1921 solvere
1413 1890 1495 1921 nulli
1516 1891 1631 1922 lentus.
1661 1892 1701 1922 In
1724 1902 1790 1932 quo
1813 1892 1913 1923 verbo

1025 1945 1249 1986 ¹explicando
1284 1955 1350 1976 non
1388 1945 1497 1976 minus
1531 1952 1616 1976 errat
1650 1946 1789 1983 Nonius,
1813 1956 1910 1987 quam

1051 1997 1232 2030 Salmasius
1255 1999 1296 2029 ad
1320 1997 1384 2029 Iul.
1407 1997 1513 2039 Capit.
1535 2009 1565 2040 p.
1592 1999 1652 2030 102
1675 1998 1709 2029 F.
1736 1999 1797 2030 Vis
1821 1999 1914 2031 verbi

1050 2052 1163 2084 tricari
1190 2053 1386 2094 perspicitur
1421 2062 1554 2094 quoque
1585 2063 1627 2084 ex
1654 2054 1727 2084 Ital.
1752 2042 1911 2093 'trec-care,

1050 2104 1137 2137 Gall.
1158 2105 1287 2136 tricher.

1092 2157 1163 2189 Non
1186 2157 1273 2189 modo
1294 2168 1357 2189 non
1381 2158 1496 2189 lubere.
1522 2158 1612 2190 Male
1635 2160 1672 2190 C.
1696 2158 1732 2190 F.
1747 2159 1911 2190 Mullerus

1052 2210 1192 2252 (Philol.
1215 2211 1316 2243 XIX.
1340 2211 1416 2251 327)
1440 2212 1582 2243 alterum
1603 2222 1663 2242 non
1686 2212 1819 2243 delevit.

1094 2265 1113 2306 ξ
1143 2267 1171 2296 5.
1205 2279 1219 2291 u
1233 2264 1286 2296 Me
1309 2264 1425 2305 faeere
1454 2274 1596 2306 moynam
1619 2262 1744 2310 πρᾶξιν
1767 2264 1910 2296 Dolabel-

1049 2323 1135 2353 lae.''
1167 2321 1217 2354 Cf.
1251 2331 1300 2363 ep.
1329 2321 1379 2358 18,
1413 2321 1442 2352 1.
1473 2319 1605 2360 Saepius
1627 2331 1672 2351 me
1694 2321 1808 2363 affilas,
1830 2320 1913 2362 quod

1049 2386 1113 2407 rem
1131 2378 1252 2418 (sestam
1278 2375 1316 2407 D.
1341 2374 1434 2406 nimis
1456 2374 1489 2404 in
1512 2374 1633 2404 caelum
1655 2373 1762 2404 videar
1785 2374 1912 2415 efferre.

1050 2430 1090 2460 In
1114 2430 1163 2467 iis,
1202 2438 1286 2471 quae
1323 2433 1516 2469 sequuntur,
1550 2438 1611 2457 non
1642 2427 1781 2467 potuisse
1811 2426 1910 2458 maior

1050 2485 1293 2526 quodammodo
1321 2484 1455 2515 defendi
1487 2492 1580 2524 posse
1609 2490 1697 2523 putu,
1727 2482 1754 2512 si
1785 2482 1910 2522 cogita-

1052 2534 1142 2566 tione
1163 2535 1341 2566 assumitur
1362 2544 1392 2565 v.
1404 2534 1494 2574 steri.
1517 2534 1640 2576 Scripsi
1664 2540 1773 2565 tamen
1790 2534 1911 2575 poluis-

1049 2589 1097 2618 εει
1119 2597 1195 2619 011111
1216 2587 1395 2625 Gronovio,
1419 2588 1575 2629 quoniam
1609 2598 1673 2618 una
1699 2588 1790 2618 litera
1816 2587 1909 2618 facilc

147 2652 212 2673 non
236 2647 345 2683 aperte
367 2641 520 2674 declarat.
544 2642 594 2674 Cf.
619 2641 698 2673 XV.
714 2642 764 2679 13,
788 2643 817 2673 5.
833 2642 913 2674 Erat
926 2652 1003 2683 quo·
1050 2652 1069 2673 a
1090 2642 1205 2674 scribis
1226 2641 1336 2674 omitti
1358 2642 1473 2682 potuit.

758 2759 848 2803 XX.

913 2763 978 2815 (A.
1020 2764 1064 2804 zs.
1103 2765 1146 2804 C.
1184 2764 1301 2818 710.)

213 2889 252 2932 1.
304 2890 338 2932 Ε
387 2888 630 2945 Pompeiano
676 2889 769 2930 navi
811 2889 1000 2930 advectus
1041 2904 1130 2931 sum
1162 2890 1205 2930 in
1240 2889 1399 2931 Luculli
1435 2889 1560 2931 nostri
1592 2887 1811 2943 hospitium
1850 2901 1906 2929 vr.

150 2962 263 3014 Idus,
310 2964 405 3005 liora
448 2962 528 3004 fere
581 2975 650 3004 111.
661 2981 672 3013 3
723 2977 905 3018 egressus
949 2968 1084 3003 autem
1124 2979 1144 3003 e
1191 2964 1284 3004 navi
1329 2963 1463 3018 accepi
1504 2968 1593 3003 tuas
1626 2962 1773 3012 literas,
1809 2976 1907 3016 quas

191 3121 210 3161 ς
234 3122 261 3152 1.
285 3121 322 3152 Ιη
347 3121 470 3152 Luculli
492 3131 523 3151 n.
546 3119 710 3160 hospitium
732 3130 766 3151 οε
784 3120 817 3152 111
834 3121 1003 3162 praedium

1048 3125 1094 3156 ΙΙ.
1126 3125 1170 3165 9),
1200 3130 1278 3156 111110
1309 3130 1376 3156 erat
1400 3127 1461 3155 (jn.
1486 3123 1628 3159 Luculli,
1653 3121 1821 3152 familiaris
1844 3121 1906 3157 sui,

151 3174 416 3216 Neapolitanum,
439 3176 526 3216 quod
550 3175 588 3206 L.
612 3174 743 3206 Luculli
768 3175 872 3206 suerat
884 3174 1002 3214 (Acad.
1026 3191 1028 3193 ·
1048 3176 1127 3208 XV.
1151 3178 1167 3208 1
1194 3178 1235 3215 b.,
1260 3178 1288 3208 1.

1930 957 1964 984 10

1933 1326 1962 1351 15
