2062 3565
121 943 155 969 10

120 1316 154 1342 15

170 139 258 178 324
575 136 659 177 ΕΡ.
695 135 771 176 AD
804 135 850 175 Τ.
886 133 1236 175 ΡΟΜΡΟΝΪΠΜ
1273 134 1537 176 ATTICUM.

172 274 213 314 in
258 271 465 314 latrocinio
510 276 550 311 et
597 270 825 311 amentiam.
874 271 914 310 5.
959 268 1168 310 Dolabella
1218 270 1276 311 vir
1310 270 1486 325 optimus
1520 270 1624 325 (est).
1674 269 1779 319 Etsi,
1813 283 1938 323 quum

175 344 395 387 scribebam
429 343 602 384 secunda
636 357 773 384 mensa
806 343 1000 398 apposita,
1035 343 1190 384 venisse
1224 357 1315 384 eum
1339 342 1389 384 ad
1412 342 1532 384 Baias
1552 342 1779 394 audiebam,
1803 347 1937 384 tamen

178 419 226 459 ad
270 433 331 458 me
377 432 424 458 ex
468 417 682 459 Formiano
725 417 883 472 scripsit
929 442 985 445 -
1031 431 1130 471 quas
1162 416 1313 468 literas,
1347 431 1473 472 quum
1506 432 1527 457 e
1560 415 1719 458 balineo
1754 415 1937 466 exissem,

176 491 310 546 accepi
345 515 400 518 ——
436 505 519 530 sese
553 489 601 530 de
636 488 898 530 attributione
945 489 1078 530 omnia
1112 504 1267 530 summa
1299 489 1458 530 fecisse:
1494 488 1729 532 Vettienum
1763 494 1938 540 accusat,

174 563 342 604 tricatur
375 562 541 614 scilicet,
575 568 622 604 ut
654 562 882 604 monetalis.
949 562 1027 604 Sed
1061 563 1118 603 ait
1149 567 1278 604 totum
1312 563 1521 618 negotium
1554 563 1727 605 Sestium
1757 567 1938 605 nostrum

176 636 409 691 suscepisse,
445 637 640 692 optimum
675 637 838 693 quidem
872 636 988 678 illum
1023 637 1152 678 virum
1176 637 1383 691 nostrique
1409 636 1743 678 amantissimum.
1778 636 1940 683 Quaero

176 715 308 751 autem
355 710 453 766 quid
496 711 659 752 tandem
704 711 857 752 Sestius
905 710 948 751 in
995 710 1069 751 hac
1114 725 1155 752 re
1199 710 1327 752 facere
1370 710 1510 765 possit,
1554 709 1660 764 quod
1693 725 1775 751 non
1808 710 1941 764 quivis

175 785 385 825 nostrum?
430 783 521 835 Sed,
570 785 604 826 si
644 784 743 840 quid
790 789 945 840 praeter
991 798 1101 839 spem
1135 784 1224 835 erit,
1259 783 1381 825 facies
1415 788 1461 824 ut
1494 782 1632 824 sciam.
1682 783 1753 825 Sin
1788 787 1862 832 est,
1895 786 1943 823 ut

176 857 358 909 arbitror,
404 857 611 912 negotium
658 856 875 913 perditum,
920 855 1072 897 scribes
1105 862 1255 908 tamen,
1290 871 1419 911 neque
1452 856 1530 897 ista
1562 871 1624 897 res
1657 853 1939 897 commovebit.

177 934 218 972 6.
259 932 345 974 Nos
388 931 454 972 hic
498 928 873 988 φιλοσοφοῦμεν

176 1004 494 1059 καθήκοντος
527 1006 737 1061 magnifice
771 1005 1015 1061 explicamus
1049 1005 1516 1063 προςφωνοῡμενᾳυθ
1550 1003 1748 1045 Ciceroni.
1781 1002 1874 1049 Qua
1893 1001 1942 1043 de

176 1095 215 1120 re
260 1079 366 1121 enim
409 1080 544 1135 potius
588 1085 699 1136 pater
742 1079 851 1121 filio?
898 1078 1055 1120 Deinde
1101 1078 1192 1119 alia.
1238 1077 1348 1130 Quid
1383 1078 1570 1132 quaeris?
1605 1075 1792 1118 Exstabit
1823 1091 1942 1132 opera

176 1153 508 1207 peregrinationis
540 1153 676 1195 huius.
712 1153 932 1194 Varronem
966 1152 1086 1193 hodie
1119 1156 1190 1193 aut
1223 1167 1308 1192 cras
1341 1155 1555 1192 venturum
1590 1149 1803 1206 putabant.
1849 1150 1938 1204 Ego

917 956 973 959 -—*
1008 929 1105 985 quid
1140 930 1247 971 euim
1281 929 1417 970 aliud?
1453 955 1509 958 *ψ
1544 934 1585 970 et
1616 927 1680 971 τοὶ
1714 927 1820 989 περὶ
1852 928 1940 971 τοῦ

175 1231 308 1268 autem
341 1227 384 1268 in
417 1227 709 1284 Pompeianum
730 1226 1005 1283 properabam,
1039 1241 1120 1268 uon
1156 1241 1234 1281 quo
1268 1226 1343 1267 hoc
1376 1225 1463 1266 loco
1500 1224 1721 1280 quidquam
1745 1223 1939 1280 pulcrius,

174 1300 242 1341 sed
286 1301 602 1356 interpellatores
635 1302 717 1343 illic
751 1302 886 1344 minus
918 1301 1089 1342 molesti.
1137 1300 1214 1342 Sed
1249 1298 1449 1355 perscribe
1484 1313 1645 1354 quaeso,
1680 1312 1783 1353 quae
1817 1310 1938 1337 causa

175 1374 228 1415 sit
271 1373 426 1429 Myrtili
472 1401 528 1405 —
574 1391 721 1432 poenas
768 1374 930 1431 quidem
974 1373 1087 1415 illum
1138 1372 1373 1429 pependisse
1417 1371 1554 1412 audivi
1600 1396 1672 1422 ——,
1718 1375 1759 1412 et
1791 1369 1940 1411 satisne

175 1452 313 1503 pareat
349 1447 456 1489 unde
500 1453 725 1504 corruptus.
766 1450 804 1488 7.
838 1448 951 1488 Haec
984 1462 1107 1501 quum
1143 1444 1370 1495 scriberem,
1405 1448 1564 1485 tantuin
1598 1442 1705 1499 quod
1739 1442 1940 1484 existima—

219 1616 233 1646 1
258 1616 399 1656 optimus.
423 1614 493 1646 Etsi
513 1633 554 1638 —-
577 1617 593 1645 ὅ
618 1616 653 1644 ut
675 1613 762 1644 homo
786 1612 862 1642 talis
885 1630 926 1635 —-
948 1612 986 1642 16
1013 1610 1134 1651 Myrtili
1157 1630 1198 1634 —
1221 1609 1258 1643 17
1274 1611 1380 1650 paret,
1404 1607 1487 1639 unde
1509 1606 1702 1648 corruptus?
1723 1624 1764 1630 ——-

219 1764 238 1803 ᾗ·
262 1764 290 1794 5.
324 1762 492 1794 Dolabella
516 1762 563 1793 vir
593 1763 726 1803 optimus
756 1763 846 1803 (est).
884 1761 1034 1792 Verbum
1056 1777 1059 1812 ἒ
1081 1759 1143 1797 tili,
1167 1758 1324 1800 quoniam
1346 1758 1387 1789 de
1421 1756 1557 1788 homine
1589 1755 1656 1785 iam
1685 1758 1802 1785 necato
1829 1753 1940 1794 quaeri

177 1817 268 1847 deest
294 1817 327 1846 iu
351 1816 454 1853 codd„
477 1816 534 1847 sed
558 1815 653 1847 facile
678 1826 694 1847 e
718 1825 785 1856 seq.
809 1815 868 1846 elsi
899 1814 1034 1846 eruitur.
1057 1832 1059 1872 i
1082 1823 1149 1844 non
1172 1817 1287 1854 potest,
1319 1821 1403 1852 quae
1428 1820 1525 1842 causa
1547 1809 1578 1840 ei
1599 1808 1653 1846 sit,
1687 1818 1784 1849 quam
1807 1816 1941 1838 causam

179 1873 252 1904 Nisi
277 1872 360 1904 forte
382 1872 441 1903 illa
463 1872 631 1913 iungenda
652 1879 730 1903 sunt
751 1882 827 1902 cum
852 1882 881 1902 v.
899 1870 1034 1910 scripsit.
1081 1866 1206 1903 habeat,
1230 1866 1287 1896 sed
1309 1865 1499 1906 ponendum
1532 1868 1601 1894 erat
1630 1861 1844 1903 praeteritum
1864 1859 1941 1901 fne-

178 1927 345 1966 Quoniam
368 1927 400 1957 h.
417 1927 438 1957 l.
462 1937 529 1957 non
541 1927 650 1967 agitur
662 1927 702 1958 de
719 1926 912 1957 Dolabellae
925 1926 1036 1956 animo
1057 1938 1060 1977 ζ
1082 1921 1135 1952 rit.
1171 1921 1325 1951 Eri-orem
1349 1925 1459 1950 autem
1482 1918 1561 1949 inde
1581 1916 1727 1953 fluxisse,
1763 1915 1852 1956 (1¹10d
1885 1914 1941 1946 Οἱ·

179 1982 213 2012 in
236 1991 347 2023 remp„
371 1981 427 2012 sed
450 1981 490 2012 de
514 1981 649 2012 homine
679 1981 771 2011 tardo
801 1981 834 2011 in
867 1980 1036 2016 solvendo,
1058 2005 1061 2038 ι
1081 1992 1156 2013 cero
1175 1981 1359 2022 scripsisset
1374 1976 1566 2024 Μυρτίλου,
1590 1986 1657 2007 non
1671 1976 1778 2014 credo,
1793 1975 1873 2017 quia
1887 1984 1943 2006 no-

178 2036 265 2075 quod
286 2036 435 2072 debebat,
458 2034 506 2065 vir
528 2035 658 2076 optimus
681 2035 805 2066 ironice
829 2039 972 2065 vocatur.
1059 2044 1060 2055 ¹
1081 2039 1172 2070 mina
1214 2038 1344 2079 propria
1376 2037 1500 2069 Graece
1533 2034 1706 2067 enuntiare
1739 2043 1807 2065 non
1843 2033 1938 2065 solet.

221 2090 269 2119 De
293 2088 509 2120 uilrz'bnlione.
534 2089 583 2121 Cf.
608 2089 708 2120 XVI.
732 2089 760 2126 3,
784 2090 812 2119 5.

223 2142 370 2173 Tricatur
392 2142 524 2180 scilieet,
548 2145 582 2173 ut
606 2142 782 2173 monetalis.
823 2142 872 2172 Ita
895 2141 1036 2172 scriben-

180 2197 259 2227 dum
281 2206 324 2227 ex
348 2196 439 2238 epist.
463 2196 512 2234 ll,
537 2197 553 2226 5
585 2196 632 2227 lib
666 2195 721 2233 X.‚
752 2196 810 2226 ubi
847 2196 887 2226 de
923 2195 1036 2226 eodem

182 2251 338 2282 Vettieno
367 2250 486 2290 agitur,
514 2250 596 2280 vidit
625 2249 811 2287 Schutzius,
835 2259 895 2280 nec
924 2248 1036 2289 displi-

181 2306 250 2337 cuit
273 2304 410 2338 Orellio.
435 2305 537 2337 Codd.
560 2306 648 2335 homo
671 2304 760 2335 talis.
785 2304 834 2335 De
858 2315 888 2334 v.
923 2303 1037 2334 tricarz'

182 2358 297 2390 monui
319 2358 361 2389 ad
383 2358 483 2389 XIV.
506 2359 556 2395 19,
579 2360 609 2388 4.

227 2410 378 2451 Optimum
395 2410 513 2452 quidem
529 2411 617 2441 illum
635 2410 743 2441 virum.
767 2410 920 2441 Klotzius
936 2416 1038 2440 trans·

183 2463 291 2505 posuit
311 2463 400 2494 illum
423 2470 500 2495 ante
522 2464 653 2505 quidem,
670 2473 775 2504 ,quem
792 2473 914 2495 errasse
927 2462 1039 2494 docuit

183 2517 366 2559 Seyffertus
389 2519 430 2549 ad
451 2518 550 2548 Tusc.
573 2518 615 2549 V.
639 2520 689 2548 40.
720 2518 788 2549 Ubi
809 2518 931 2558 quidem
954 2516 1039 2548 nihil

184 2573 248 2604 uisi
270 2572 523 2603 affirmationem
544 2572 700 2608 continet,
724 2571 871 2612 sequitur
899 2571 1039 2602 vocabu-

184 2627 265 2664 lum,
288 2625 376 2666 quod
399 2625 589 2655 affirmatur.

226 2677 333 2719 Neque
367 2676 431 2707 ista
464 2686 515 2708 res
546 2677 750 2708 commovebit.
785 2677 959 2708 Intercidit
994 2686 1041 2708 me

187 2732 239 2764 vel
261 2741 317 2762 nos
337 2737 413 2762 ante
435 2731 582 2768 verbum,
606 2735 640 2761 ut
661 2736 748 2772 puto.

229 2787 246 2827 ξ
268 2785 297 2816 6.
319 2781 372 2818 Τὰ
400 2781 477 2831 περὶ
502 2784 563 2817 τοῦ
592 2783 812 2822 καθήκοντος.
839 2784 887 2815 De
905 2783 1040 2817 Officiis.

188 2842 236 2874 (tf.
260 2841 359 2874 XVI.
382 2842 431 2880 11,
454 2843 484 2872 4.
507 2842 556 2879 14,
580 2843 608 2872 3.

229 2896 269 2926 In
291 2895 511 2936 Pompeianum
529 2895 742 2935 properabam.
763 2896 847 2926 Mox
865 2895 1042 2926 consilium

192 2949 343 2981 mutavit.
366 2949 444 2979 Vid.
466 2947 565 2979 XVI.
590 2948 638 2986 11,
663 2949 691 2978 6.

237 3002 326 3039 Quae
347 3012 444 3033 causa
468 3001 509 3033 sit
532 3001 657 3043 Myrtili
679 3021 720 3025 —
742 3005 772 3033 et
786 3002 905 3033 satisne
914 3005 1043 3044 pareat,

190 3057 272 3088 ande
295 3058 467 3097 corruptus.
504 3056 582 3087 Non
604 3056 746 3087 multum
768 3057 876 3087 tribuo
906 3059 1043 3089 auctori-

188 3109 248 3140 tati
270 3109 356 3146 libri,
390 3110 424 3140 in
446 3119 511 3150 quo
533 3108 682 3140 Faernus
703 3109 737 3140 in
759 3109 892 3151 Myrtilo
924 3116 956 3142 et
979 3121 1043 3142 cor-

189 3166 294 3210 reptus
316 3164 495 3196 invenerat.
520 3163 586 3196 Sed
610 3174 667 3205 pro
684 3164 814 3205 Myrtilo
831 3165 945 3205 scripsi
962 3166 1043 3205 llyr-

1083 2091 1342 2123 Coniunctivum
1359 2092 1477 2131 pareat
1498 2099 1558 2130 pro
1579 2089 1711 2119 soloeco
1726 2089 1825 2128 paret
1846 2097 1942 2127 rupa-

1082 2148 1126 2176 lel
1148 2145 1372 2177 revocandum
1397 2154 1466 2175 esse
1488 2148 1576 2174 recte
1599 2146 1736 2173 monent
1747 2141 1943 2173 Wesenber-

1082 2199 1155 2239 gius
1178 2209 1198 2239 p
1234 2199 1274 2229 99
1298 2204 1330 2229 et
1352 2198 1503 2229 Moserus
1526 2195 1640 2236 Symb.
1666 2194 1747 2227 Crit.
1770 2194 1852 2226 VII.
1867 2205 1898 2235 p.
1914 2194 1942 2232 7,

1081 2253 1137 2294 qui
1160 2262 1227 2283 non
1251 2252 1361 2283 minus
1385 2252 1469 2282 bene
1491 2251 1644 2281 observat
1673 2248 1755 2280 unde
1778 2250 1944 2289 corruptus

1081 2307 1147 2338 diei
1168 2316 1262 2348 posse
1284 2317 1343 2348 pro
1365 2317 1384 2336 a
1407 2316 1537 2347 quonam
1558 2306 1733 2344 corruptus,
1751 2304 1809 2335 sed
1822 2313 1866 2335 ne
1877 2303 1943 2335 dici

1081 2360 1216 2401 quidem
1245 2369 1339 2401 posse
1369 2358 1451 2388 unde
1482 2359 1642 2398 correptus
1670 2366 1729 2398 pro
1761 2367 1780 2387 a
1812 2366 1945 2398 quonam

1082 2416 1242 2454 correptus
1267 2424 1292 2444 s.
1315 2418 1493 2444 accusatus.
1516 2412 1601 2443 Rem
1623 2416 1732 2442 autem
1754 2410 1857 2442 simili
1872 2411 1943 2442 bre-

1084 2468 1184 2499 vitate
1207 2467 1314 2508 tangit
1337 2467 1453 2498 Cicero
1475 2465 1573 2496 XVI.
1598 2465 1646 2502 11,
1671 2467 1707 2495 5:
1740 2464 1789 2495 De
1811 2463 1944 2506 Myrtilo

1083 2520 1234 2551 dilucide.
1271 2519 1296 2550 O
1317 2520 1426 2561 quales
1448 2521 1483 2549 tu
1513 2528 1631 2558 semper
1659 2518 1758 2548 istos!
1786 2516 1882 2547 Itane
1909 2517 1944 2547 in

1084 2573 1124 2604 D.
1148 2574 1281 2604 Brutum
1294 2573 1313 2603 ,Ρ
1336 2573 1391 2603 Diz'
1413 2571 1497 2602 istis.
1530 2571 1625 2610 Quae
1654 2570 1755 2602 verba
1783 2580 1802 2600 a
1831 2570 1945 2601 multis

1086 2627 1172 2658 male
1194 2626 1361 2657 intellecta
1383 2630 1471 2656 recte
1494 2623 1664 2664 expedivit
1684 2623 1822 2664 Popma,
1845 2632 1944 2663 quem

1086 2687 1268 2723 sequuntur
1291 2680 1499 2721 Mongaltius
1522 2685 1555 2711 et
1583 2678 1770 2710 Schutzius.
1811 2677 1946 2710 Scilicet

1085 2735 1243 2776 Myrtilus
1265 2735 1401 2776 quidam
1423 2733 1595 2764 dicebatur
1607 2732 1677 2764 sive
1689 2741 1766 2763 vere
1779 2731 1848 2763 sive
1860 2730 1944 2762 falso

1085 2789 1261 2820 insidiatus
1299 2797 1369 2819 esse
1402 2787 1450 2818 M.
1479 2785 1640 2818 Antonio.
1687 2785 1786 2816 Hanc
1815 2785 1945 2826 culpam

1087 2841 1302 2873 conferebant
1324 2840 1378 2871 isti
1400 2840 1435 2870 in
1466 2839 1506 2870 D.
1529 2839 1684 2877 Brutum,
1720 2849 1739 2869 a
1766 2847 1832 2880 quo
1869 2847 1944 2868 eum

1088 2905 1219 2927 servum
1256 2899 1311 2926 aut
1342 2894 1537 2925 libertinum
1568 2892 1736 2923 hominem
1756 2896 1945 2933 corruptum

1088 2949 1249 2986 dicebant,
1272 2953 1309 2979 ut
1330 2948 1405 2979 odia
1426 2945 1651 2978 multitudinis
1682 2944 1728 2976 in‘
1750 2955 1824 2976 eum
1857 2945 1947 2977 exci-

1088 3008 1206 3034 tarent.
1231 3001 1283 3034 Cf.
1305 3001 1400 3033 Fam.
1424 3000 1507 3032 XII.
1530 3000 1580 3038 23,
1598 3000 1627 3031 2.

1132 3057 1151 3096 ξ
1173 3055 1203 3088 7.
1229 3054 1361 3086 Tantum
1382 3054 1466 3096 quod
1485 3065 1520 3086 o:
1543 3053 1763 3090 commodum,
1788 3062 1854 3094 quo
1867 3053 1944 3084 vidi-

1090 3116 1162 3142 m'us
1185 3109 1380 3142 Ciceronem
1403 3109 1578 3151 aliquoties
1601 3118 1707 3140 usum.
1741 3107 1791 3139 Cf.
1821 3109 1862 3139 de
1883 3108 1945 3139 hac

1091 3165 1233 3196 formula
1246 3164 1408 3196 sermonis
1423 3163 1594 3196 familiaris
1608 3162 1780 3194 Manutius
1797 3162 1838 3194 ad
1851 3161 1944 3194 Fam.
