2062 3565
122 2369 156 2395 10

194 165 247 203 42
594 165 678 206 ΕΡ.
714 165 790 206 AD
823 165 869 206 T.
903 164 1257 207 POMPONIUM
1294 166 1560 208 ATTICUM.

190 312 269 338 11011
304 298 450 353 potuit,
485 313 604 353 quam
637 304 683 340 ut
714 313 776 340 res
809 299 895 340 sine
929 299 1124 354 sanguine
1142 302 1344 342 confieret.
1378 299 1497 342 Balbi
1518 302 1596 344 mei
1617 302 1760 356 tuique
1783 302 1958 344 adventu

189 371 431 412 delectatum
464 376 503 412 te
536 371 650 413 valde
683 371 853 427 gaudeo.
889 372 929 412 Is
963 386 1228 427 quaecunque
1261 373 1338 414 tibi
1371 373 1420 415 de
1455 374 1622 417 Caesare
1656 375 1760 417 dixit
1776 390 1956 430 quaeque

188 444 331 485 Caesar
364 444 535 499 scripsit,
571 446 665 496 scio,
700 460 740 486 re
774 445 851 486 tibi
885 444 1085 500 probabit,
1120 461 1382 503 quaecunque
1417 447 1578 490 fortuna
1610 449 1698 491 eius
1729 448 1865 500 fuerit,
1890 463 1954 491 ve-

187 532 318 559 1·1ss1m
374 532 592 572 sonpfflsse.

184 622 261 652 sime
288 632 400 654 mecum
431 632 498 654 esse
520 622 680 664 poteritis.
708 624 780 653 Att.
813 622 911 653 VIII.
946 622 993 659 15,
1017 624 1046 653 3.
1095 635 1126 666 p.
1161 626 1220 657 153
1247 627 1328 658 haec
1358 627 1402 657 ita
1433 628 1625 667 refingenti:
1650 646 1691 651 —-
1711 629 1790 660 scito
1812 631 1876 669 (res
1898 628 1957 660 tibi

184 676 288 707 XIII.
309 676 339 714 2,
362 677 390 708 2.
414 677 512 707 Tusc.
537 676 579 707 V.
595 677 635 707 82
655 676 803 715 quomodo
825 686 907 706 nunc
928 678 986 706 est.
1005 676 1047 707 N.
1088 678 1243 719 probabit,
1269 689 1468 722 quaeeunque
1491 680 1630 720 fortuna
1665 681 1733 712 eius
1752 681 1876 722 fuerit)
1907 681 1957 712 vel

184 728 224 760 D.
248 729 313 760 111.
337 730 377 759 41
400 728 546 770 quomodo
568 738 651 758 nunc
666 728 787 770 quidem
800 730 855 765 est,
869 739 931 759 non
958 728 1048 760 video

184 790 246 822 cet,
268 785 309 816 de
331 783 386 817 Or.
409 784 456 815 ΙΙ.
488 785 547 814 140
575 783 722 825 quomodo
752 793 834 814 aune
853 793 888 814 se
909 784 1041 815 istorum

184 842 270 871 artes
292 840 416 877 habent,
437 837 685 880 pertimescenda
708 841 756 869 est
778 839 948 870 multitudo
970 848 1045 869 cau·

182 903 299 931 sarum,
322 893 440 935 quibus
463 893 497 924 in
522 893 602 924 loeis
631 893 769 924 verbum
793 892 943 929 additum
960 893 1047 934 quod

183 954 218 978 ut
247 949 278 979 h.
309 949 331 979 1.
361 948 596 985 desideramus,
633 948 678 979 sic
702 949 865 980 omittitur
887 949 958 980 Att.
982 948 1045 980 IX.

182 1001 210 1039 7,
235 1004 252 1033 3
278 1001 352 1032 Jlen·
374 1002 468 1033 etiam
495 1001 642 1034 Caesaris
665 1020 705 1025 —
726 1012 806 1033 sana
830 1004 930 1033 mente
951 1002 1046 1043 scrip-

182 1059 243 1093 tas,
267 1066 324 1098 quo
346 1057 435 1088 modo
457 1056 490 1087 in
513 1058 605 1088 tanta
617 1056 756 1087 insania.
769 1074 810 1079 -
823 1055 909 1087 Sunt
924 1061 1042 1092 autem,

181 1109 247 1151 qui,
278 1110 436 1150 quoniam
465 1111 500 1142 in
529 1111 618 1142 Med.
653 1117 685 1141 et
721 1109 855 1142 Oxonn.
884 1110 1043 1151 scriptum

181 1163 241 1195 sit:
264 1181 306 1187 —
322 1163 528 1204 probaturum
552 1164 640 1201 sciet,
668 1164 748 1195 haec
760 1173 836 1194 011111
850 1164 1045 1204 praecedeu-

182 1218 269 1249 tibus
295 1218 405 1250 verbis
440 1219 647 1259 coniungant
682 1218 864 1249 scribentes
893 1217 966 1254 scio,
1001 1219 1042 1248 et.

181 1272 304 1304 Melius
327 1278 437 1304 tamen
461 1272 644 1304 sententiae
665 1272 897 1312 diiunguntur.

225 1323 391 1365 confieret.
414 1324 465 1356 Cf.
487 1333 573 1366 quae
594 1324 634 1355 de
658 1324 717 1355 hac
735 1323 841 1355 forma
855 1323 1043 1354 notavimus

1095 732 1192 773 ipsum
1222 743 1268 763 me
1296 733 1474 773 scripsisse:
1505 734 1598 774 quasi
1630 743 1707 765 vero
1729 734 1835 766 multo
1857 735 1956 766 maio-

1096 796 1168 817 rem
1190 787 1290 818 fidem
1313 786 1429 818 Cicero
1452 787 1560 818 Balbo
1582 788 1709 826 maiori,
1723 798 1823 829 quam
1835 787 1956 820 minori

1097 841 1265 882 ipsiusque
1303 840 1452 873 Caesaris
1485 842 1613 882 scriptis
1643 842 1748 874 literis
1777 841 1955 874 habuisset.

1095 896 1248 937 Diligens
1271 897 1410 938 scriptor
1432 897 1569 929 fortasse
1599 898 1633 929 in
1656 898 1707 929 his
1729 898 1828 929 Balbi
1851 898 1955 930 mino-

1095 951 1139 981 ris
1161 950 1323 982 rationem
1345 950 1512 982 habuisset
1535 956 1566 982 et
1597 951 1798 983 sententiam
1820 951 1867 983 ita
1889 951 1955 984 fere

1094 1002 1348 1034 conformasset:
1373 1021 1413 1026 —
1435 1013 1470 1034 re
1492 1003 1549 1034 tibi
1567 1003 1711 1044 probabit
1731 1021 1775 1028 —
1795 1003 1955 1036 verissime

1093 1058 1124 1086 et
1147 1055 1235 1098 illum
1257 1054 1376 1087 dia-isse
1399 1058 1429 1086 et
1451 1065 1485 1087 se
1505 1056 1677 1097 scripsisse.
1701 1055 1768 1088 Sed
1788 1057 1873 1093 illud
1886 1067 1953 1089 non

1093 1109 1189 1140 valde
1217 1109 1455 1145 desideramus;
1488 1119 1565 1140 uam
1597 1109 1624 1140 si
1654 1109 1775 1142 Caesar
1796 1110 1956 1152 probabat

1093 1163 1263 1195 verissime
1285 1172 1320 1194 se
1342 1163 1518 1204 scripsisse,
1542 1173 1581 1195 eo
1605 1164 1674 1204 ipso
1701 1164 1801 1195 Balbi
1822 1173 1954 1206 quoque

1093 1217 1179 1249 dieta
1214 1217 1505 1248 confirmabantur.
1546 1236 1587 1240 —
1615 1217 1772 1250 Ceterum
1799 1218 1888 1259 quod.
1918 1219 1952 1250 in

1093 1271 1246 1302 omnibus
1268 1270 1361 1301 libris
1384 1270 1512 1312 scriptis
1535 1277 1663 1312 praeter
1684 1281 1788 1302 unum
1810 1271 1954 1303 Antoni-

1093 1333 1203 1359 anum,
1242 1323 1299 1364 qui
1335 1322 1503 1354 bellissime
1538 1324 1664 1360 habuit,
1700 1323 1876 1355 inventum
1905 1329 1954 1355 est

163 3173 166 3176 ῃ
180 3137 310 3178 alliqati
327 3136 511 3168 adulatione
524 3137 686 3172 dicuutur,
700 3135 788 3176 quod
804 3134 920 3165 frustra
937 3142 1036 3175 temp·
1058 3135 1061 3148 ²

181 1376 1474 1415 31111132.υεῖᾲςεηηιηιε,1·οιτειεεε
1510 1377 1674 1409 malitiose
1710 1376 1869 1418 scriptum
1905 1382 1953 1409 est

222 1431 300 1463 Scio.
334 1432 409 1462 Hoc
438 1431 575 1463 verbum
610 1441 627 1461 a
650 1431 758 1463 Balbo
781 1431 921 1462 orationi
946 1431 1042 1462 int-er·
1066 1422 1181 1480 [iussu
1219 1429 1389 1461 Ciceronis
1419 1440 1478 1470 pro
1512 1429 1681 1467 verissime,
1717 1435 1755 1461 ut
1783 1434 1953 1462 notaretur

181 1486 322 1526 ponitur,
345 1490 381 1516 ut
403 1485 509 1516 solent
532 1485 641 1525 opinor
663 1491 693 1516 et
716 1495 749 1515 ct
751 1483 808 1515 edo
1066 1510 1069 1536 !
1091 1484 1267 1525 impeditus
1290 1490 1321 1515 et
1345 1484 1497 1515 sordidus
1520 1483 1619 1515 Balbi
1642 1493 1760 1515 sermo.
1783 1483 1952 1516 Weiskius

222 1538 266 1569 Re
295 1538 352 1569 libi
374 1538 520 1579 probabit
553 1540 618 1578 [np.
648 1538 782 1577 Caesar)
813 1556 853 1560 —
884 1537 1043 1568 verissime
1066 1545 1068 1570 ,1
1091 1542 1177 1568 certe
1217 1547 1283 1568 non
1316 1537 1468 1574 librariis,
1502 1537 1559 1568 sed
1592 1537 1655 1578 ipsi
1685 1537 1838 1569 Ciceroni
1868 1537 1952 1569 illud

180 1593 351 1634 scripsisse.
374 1593 451 1625 Nou
474 1593 633 1624 assentior
647 1593 832 1630 Tunstallo‚
849 1593 954 1633 Epist.
969 1593 1041 1624 crit.
1065 1582 1068 1634 Ι
1088 1591 1212 1622 tribuit.

778 1667 900 1709 XVI.
966 1668 1028 1719 (A.
1070 1667 1113 1707 U.
1154 1667 1194 1706 C.
1235 1666 1353 1719 705.)

250 1764 287 1803 l.
337 1763 483 1803 Omnia
527 1762 624 1803 mihi
674 1762 826 1818 piovisa
862 1767 957 1802 suut
989 1765 1144 1816 praeter
1178 1756 1378 1798 occultum
1412 1765 1451 1797 et
1484 1762 1616 1798 tutum
1651 1758 1726 1797 iter
1759 1757 1810 1798 ad
1843 1772 1948 1799 marc

182 1849 383 1891 superum.
422 1835 511 1877 Hoc
546 1836 648 1877 enim
684 1836 779 1876 mari
815 1835 875 1876 uti
898 1849 979 1875 11011
1001 1846 1212 1890 possumus
1239 1830 1311 1871 hoc
1328 1837 1505 1886 tempore
1529 1830 1776 1872 311111.]]1110
1801 1836 1947 1882 autem,

181 1923 259 1963 quo
293 1914 446 1964 spectat
489 1911 645 1950 animus
689 1914 729 1950 et
762 1923 840 1962 quo
885 1922 944 1948 105
978 1917 1107 1956 vocat,
1143 1919 1221 1959 qua
1254 1904 1436 1945 veniam?
1484 1902 1718 1945 Cedendum
1751 1904 1856 1946 enim
1889 1910 1950 1946 est

179 1981 454 2031 celerite1,ne
488 1982 588 2023 forte
623 1997 697 2036 qua
734 1997 772 2023 re
806 1980 1001 2036 impediar
1034 1985 1153 2033 atque
1187 1977 1339 2032 alliger.
1381 1977 1469 2018 Nec
1502 1991 1595 2017 vero
1627 1976 1693 2018 ille
1726 1992 1789 2019 me
1821 1977 1947 2028 ducit,

179 2056 244 2109 qui
296 2054 467 2103 videtur,
518 2069 634 2108 quem
683 2069 756 2109 ego
802 2053 1004 2094 hominem
1045 2046 1480 2093 ἀπολιτικώτατον
1521 2045 1698 2089 bmnium
1743 2050 1822 2090 iam
1856 2055 1948 2092 ante

177 2143 402 2184 cognoram,
437 2143 545 2169 nunc
576 2143 666 2168 vero
701 2128 820 2168 etiam
853 2121 1379 2184 α’στρατηγικώτατον.
1418 2122 1513 2162 Nou
1548 2136 1608 2162 me
1626 2121 1750 2176 igitur
1766 2121 1801 2163 is
1819 2121 1946 2173 ducit,

733 2201 800 2255 qui
849 2199 897 2240 ad
932 2213 993 2239 me
1027 2213 1048 2238 3
1082 2196 1301 2238 Philotimo
1334 2193 1536 2235 scribitur.
1587 2195 1629 2236 Is
1662 2195 1767 2236 enim
1802 2210 1863 2236 me
1897 2195 1947 2237 ab

177 2274 438 2330 optimatibus
484 2276 539 2316 ait
585 2275 805 2316 conscindi.
857 2272 1016 2325 Quibus
1050 2268 1325 2327 optimatibus,
1358 2268 1413 2310 dii
1448 2268 1574 2311 boni}>

176 2347 295 2390 modo
339 2349 582 2389 occurrunt?
629 2347 827 2403 quomodo
874 2352 1006 2388 autem
1040 2360 1080 2385 50
1112 2342 1323 2384 venditant
1356 2342 1545 2383 Caesari?
1595 2342 1823 2397 Municipia
1855 2357 1946 2384 vero

178 2421 310 2471 deum,
342 2435 414 2461 nec
449 2420 651 2470 simulant,
689 2426 732 2460 ut
764 2434 888 2474 quum
921 2418 970 2459 de
1002 2417 1072 2458 illo
1105 2420 1266 2470 aegroto
1301 2420 1392 2455 vot-a
1416 2413 1630 2455 fac-iebant.
1658 2418 1698 2456 2.
1718 2415 1796 2457 Sed
1813 2416 1943 2472 plane,

177 2494 376 2550 quidquid
410 2493 501 2535 mali
535 2494 598 2534 hie
634 2494 868 2535 Pisistratus
901 2507 982 2533 non
1015 2491 1167 2539 fecerit,
1201 2494 1280 2530 tam
1315 2494 1472 2543 gratum
1507 2494 1580 2540 est,
1615 2504 1734 2544 quam
1767 2489 1944 2545 sialium

177 2569 304 2610 facere
348 2567 609 2624 prohibuerit.
658 2567 778 2608 Hunc
819 2567 1035 2622 propitium
1081 2572 1255 2619 sperant,
1301 2562 1411 2603 illum
1446 2563 1591 2603 irat-um
1627 2567 1784 2618 putant.
1833 2562 1944 2614 Quas

178 2642 259 2683 fieri
307 2656 442 2682 censes
486 2637 791 2693 ἀπαντήσεις
835 2654 883 2680 ex
932 2637 1103 2694 oppidis,
1155 2650 1254 2691 quos
1287 2635 1476 2676 honores!
1531 2635 1737 2685 Metuunt‚
1771 2635 1942 2690 inquies.

177 2202 244 2243 sed
291 2216 417 2242 sermo
461 2202 681 2251 hominum,

1608 2270 1676 2324 qui
1708 2283 1818 2310 1111110
1850 2284 1946 2324 quo-

219 2762 237 2801 §
260 2761 288 2791 1.
317 2759 382 2791 Hoc
404 2759 493 2790 mari.
516 2759 558 2791 ef.
582 2769 630 2801 ep.
655 2762 683 2797 3,
707 2762 724 2790 5
748 2760 779 2790 h:
795 2760 815 2790 l.
830 2759 938 2800 Insero
955 2757 1035 2789 mari
1128 2755 1295 2787 Conscindz'
1323 2765 1355 2786 o:
1392 2757 1587 2796 gravissime
1616 2756 1792 2796 obiurgari.
1827 2756 1868 2787 cf.
1896 2756 1942 2787 Π.

177 2814 263 2845 nobis
283 2813 404 2845 incerto
425 2823 518 2845 eursu
540 2813 639 2844 bieme
668 2812 803 2843 maa-ima
825 2811 1035 2854 naviqandum
1056 2813 1058 2861 ἱ
1084 2811 1133 2848 19,
1157 2811 1175 2841 3
1198 2809 1300 2840 sibilis
1324 2809 1483 2840 conscissi.

177 2871 236 2906 est,
259 2873 292 2899 et
313 2867 377 2899 IX.
402 2869 430 2905 3,
453 2868 482 2899 1.
1128 2862 1245 2904 Quibus
1266 2862 1468 2902 optimatibus

218 2923 267 2954 Ne
289 2923 383 2964 firte
410 2934 471 2965 qua
500 2934 534 2954 re
563 2941 603 2946 —
633 2922 748 2962 alliqer
777 2932 808 2953 οι
840 2917 1060 2995 3(1511·111ξ31·,1

178 2978 315 3009 vinciar.
337 2977 377 3008 cf.
400 2977 515 3008 Plane.
539 2977 577 3008 81
610 2986 671 3007 non
692 2975 780 3006 modo
802 2975 957 3016 beneficio,
981 2975 1040 3006 sed
1057 2997 1059 3024 4
1082 2970 1195 3002 Madv.
1212 2967 1281 3027 .O.p.
1305 2968 1367 2999 Ac.
1390 2969 1419 2999 Ι.
1443 2979 1474 3010 p.
1497 2970 1568 3001 516.
1617 3024 1623 3031 ⁸
1755 3023 1762 3030 .
1790 3023 1797 3030 ι

178 3031 273 3062 etiam
302 3030 536 3061 benevolentiae
568 3028 797 3070 siyng'ficatione
829 3028 970 3067 alliqari,
1005 3025 1060 3070 et}
1124 3022 1301 3063 fisnnwlpla
1335 3032 1406 3053 v82'0
1440 3023 1530 3054 deum
1563 3024 1697 3061 faelunt,
1730 3017 1853 3054 dlvufis
1885 3023 1941 3054 ho-

179 3083 264 3115 Dial.
294 3085 335 3115 de
368 3082 460 3116 Orat.
495 3083 545 3119 13,
568 3082 625 3112 ubi
649 3081 783 3122 Crispus
807 3087 837 3112 et
860 3081 1037 3112 MarceHus
1057 3071 1060 3104 l
1083 3076 1219 3107 norihus
1231 3081 1358 3113 ornant,
1372 3086 1430 3117 pro
1443 3077 1512 3108 eius
1529 3078 1633 3109 salute
1648 3082 1725 3108 vota
1737 3081 1939 3117 nuncupant.

1129 3129 1224 3170 Quum
1248 3129 1286 3160 de
1307 3129 1364 3160 illo
1387 3134 1514 3171 aeyrolo
1537 3131 1796 3171 volasset-iebant.
1821 3129 1940 3162 '‘Pom-

1058 3201 1061 3225 1
1084 3183 1166 3223 peio,
1190 3192 1292 3223 qutun
1306 3184 1450 3222 graviter
1462 3190 1643 3224 aegrotaret
1655 3183 1804 3224 Neapoli,
1822 3182 1939 3214 melius

1489 2864 1552 2893 -Ρ
1577 2864 1618 2895 Ι11
1642 2863 1764 2895 talibus
1779 2862 1944 2894 exclama-

1083 2916 1228 2948 tionibus
1260 2915 1456 2956 particulam
1494 2918 1530 2946 at
1564 2926 1660 2957 saepe
1689 2916 1801 2948 abesse
1829 2915 1942 2947 docuit

179 3196 273 3223 tatur.

2032 438 2038 442 -
2022 373 2041 403 ὁ(
2023 236 2042 361 ψὴν-ν’*
2019 0 2044 223 «au-*dem

2024 543 2048 754 ,τοίη-ΨΜ..
2027 507 2045 517 5
2035 480 2038 486 -

2023 760 2038 852 ·-,υιο..
