2062 3565
145 961 178 987 10

143 1327 177 1353 15

196 156 280 196 356
595 154 678 195 ΕΡ.
713 153 788 194 AD
820 153 867 193 T.
902 150 1252 193 POMPONIUM
1285 149 1550 191 ATTICUM.

195 291 316 333 nulti.
364 289 473 331 Illud
516 289 612 330 satis
656 291 899 343 opportune:
935 285 1016 326 duo
1049 285 1161 326 sinus
1195 284 1373 334 fuerunt,
1409 299 1508 338 quos
1540 284 1712 325 tramitti
1744 287 1958 339 oporteret,

199 365 421 405 Paestanus
466 366 506 403 et
547 360 792 402 Vibonensis
805 378 816 410 ;
864 364 1080 413 utrumque
1129 356 1300 413 pedibus
1355 357 1493 412 aequis
1540 356 1800 398 tramisimus.
1854 356 1960 398 Veni

199 436 325 490 igitur
357 434 407 475 ad
442 434 574 476 Sicam
617 439 757 474 octavo
791 432 855 473 die
888 447 909 473 e
944 431 1202 486 Pompeiano,
1237 444 1361 485 quum
1395 444 1522 471 unum
1556 429 1662 470 diem
1694 429 1833 471 Veliae
1867 444 1960 470 con-

201 507 405 557 stitissem,
450 506 523 547 ubi
564 505 729 561 quidem
762 504 821 546 fui
855 519 949 546 sane
981 503 1153 544 libenter
1187 503 1293 558 apud
1326 502 1523 543 Thalnam
1556 507 1751 554 nostrum,
1783 519 1859 545 nec
1892 517 1961 558 po·

198 581 260 622 tui
309 580 451 636 accipi,
494 579 564 620 illo
609 578 773 620 absente
805 578 1053 634 praesertim,
1088 576 1309 617 liberalius.
1344 589 1408 616 Ix.
1442 575 1536 616 Kal.
1570 576 1696 630 igitur
1729 576 1780 617 ad
1813 577 1960 618 Sicam.

198 653 264 696 Ibi
311 659 515 709 tamquam
557 653 666 694 domi
715 667 827 694 meae
870 652 1037 694 scilicet.
1083 651 1225 706 Itaque
1267 649 1419 691 obduxi
1465 654 1668 705 posterum
1713 649 1832 691 diem.
1883 647 1961 690 Sed

197 727 403 783 putabam,
439 742 563 783 quum
597 726 797 782 Rhegium
831 726 1041 775 venissem,
1076 724 1158 765 fore
1192 730 1239 765 ut
1269 723 1329 765 ibi
1363 716 1578 781 δολιχὸν
1611 720 1765 767 πλόον
1787 719 1962 782 ὁρμαί-

197 815 368 853 νοντες
410 801 675 857 cogitaremus
721 799 925 841 corbitane
959 799 1099 840 Patras
1132 812 1183 839 an
1217 796 1446 838 actuariolis
1479 795 1529 837 ad
1562 796 1851 852 Leucopetram
1885 797 1961 838 Ta-

197 875 460 926 rentinorum,
504 880 565 916 ast
612 873 707 915 inde
757 872 982 927 Corcyram,
1033 877 1086 922 et,
1138 871 1171 912 si
1223 869 1417 919 oneraria,
1455 868 1641 910 statimne
1676 869 1776 911 freto
1809 885 1861 911 an
1893 870 1964 925 Sy·

198 948 362 989 racusis.
414 948 503 989 Hac
549 962 666 1003 super
710 961 750 987 re
795 944 966 987 scribam
1001 944 1050 985 ad
1083 949 1123 985 te
1158 943 1328 997 Rhegio.
1366 944 1406 982 2.
1442 942 1688 993 Mehercule,
1722 943 1778 984 mi
1810 942 1961 994 Attice,

198 1036 313 1077 saepe
346 1035 517 1071 mecum,
549 1019 578 1074 ἡ
618 1008 744 1078 δεῦρ’
782 1012 903 1068 ὁδός
937 1031 1018 1060 σοι
1052 1016 1109 1059 τί
1135 1011 1353 1061 δύναται
1368 1033 1378 1066 ;
1400 1031 1470 1059 cur
1492 1031 1565 1071 ego
1587 1021 1722 1057 tecum
1744 1030 1825 1056 non
1848 1015 1964 1056 sum?

198 1108 268 1135 cur
317 1093 461 1134 ocellos
510 1092 667 1143 Italiae,
719 1091 879 1132 villulas
927 1105 1035 1131 ineas
1084 1105 1166 1131 non
1213 1090 1353 1131 video?
1405 1089 1482 1132 Sed
1515 1088 1557 1130 id
1591 1088 1716 1143 (satis)
1750 1102 1962 1144 superque,

197 1173 330 1208 tecum
376 1182 438 1208 me
469 1181 551 1207 non
585 1181 683 1216 esse,
719 1164 817 1220 quid
850 1164 1104 1218 fugientem?
1140 1163 1444 1218 periculumne‘?
1477 1165 1534 1203 At
1566 1161 1607 1202 id
1640 1176 1749 1202 nunc
1783 1160 1961 1216 quidem,

197 1240 275 1281 m'si
316 1240 443 1291 fallor,
478 1239 635 1281 nullum
669 1245 742 1280 est.
788 1238 851 1279 Ad
886 1238 1018 1293 ipsum
1052 1237 1159 1278 enim
1192 1242 1351 1278 revocat
1384 1251 1446 1277 me
1479 1235 1696 1276 auctoritas
1729 1240 1814 1276 tua.
1858 1235 1963 1276 Scri-

198 1311 260 1354 bis
303 1313 409 1354 enim
442 1313 486 1354 in
531 1313 682 1354 caelum
717 1311 810 1353 ferri
844 1311 1133 1366 profectionem
1168 1325 1311 1361 meam,
1346 1309 1413 1350 sed
1447 1309 1519 1359 ita,
1554 1308 1586 1349 si
1619 1313 1711 1349 ante
1745 1307 1838 1349 Kal.
1874 1307 1962 1348 Ian.

196 1385 355 1427 redeam
364 1405 376 1437 ;
410 1385 517 1442 quod
551 1385 714 1441 quidem
749 1390 853 1426 certe
888 1385 1031 1426 enitar.
1067 1384 1176 1426 Malo
1210 1385 1316 1425 enim
1350 1383 1413 1425 vel
1447 1398 1539 1424 cum
1571 1382 1713 1423 timore
1746 1379 1855 1421 domi
1877 1394 1960 1422 esse

197 1473 317 1513 quam
361 1459 446 1501 sine
490 1460 632 1501 timore
676 1459 849 1501 Athenis
889 1458 985 1499 tuis.
1036 1458 1113 1499 Sed
1158 1463 1292 1499 tamen
1327 1457 1523 1512 prospice,
1558 1470 1637 1511 quo
1671 1455 1749 1496 ista
1781 1458 1961 1508 vergant,

196 1531 375 1587 mihique
419 1539 489 1575 aut
533 1533 660 1575 scribe
706 1540 788 1584 aut,
836 1532 943 1588 quod
993 1532 1118 1573 multo
1164 1532 1313 1582 malim,
1349 1533 1443 1573 affer
1476 1531 1574 1585 ipse.
1610 1530 1720 1570 Haec
1752 1527 1962 1569 hactenus.

240 1712 278 1742 12
299 1712 336 1742 id
355 1711 437 1743 satis
458 1720 610 1752 superque
632 1728 669 1735 —-
697 1711 734 1742 13
757 1721 832 1742 esse.
859 1710 948 1748 Quid
969 1728 1009 1733 —
1036 1710 1075 1741 14
1098 1710 1149 1741 Ad
1170 1711 1267 1749 ipsum
1291 1712 1393 1740 autem
1418 1725 1459 1732 ——

199 1885 292 1917 culae
315 1891 468 1917 exortum
491 1884 608 1915 diebus
634 1883 738 1915 ferme
760 1891 835 1914 octo
847 1883 1056 1924 praecedunt,
1078 1878 1082 1922 Ι
1104 1892 1142 1919 8.,
1168 1881 1195 1913 l.
1218 1881 1403 1922 Respicitur
1431 1880 1596 1912 Homerus
1630 1879 1663 1909 in
1698 1876 1759 1910 od.
1794 1877 1859 1908 111.
1894 1876 1964 1907 169.

200 1949 233 1973 et
254 1951 335 1982 quos
358 1940 530 1981 excipiunt
551 1939 692 1971 Etesiae.
704 1939 793 1970 Plin.
812 1938 911 1969 H.N.
924 1939 971 1969 ΙΙ.
985 1938 1054 1969 123.
1078 1937 1082 1980 Ι
1147 1937 1270 1967 &orbita
1296 1952 1309 1962 υ
1322 1946 1426 1977 genus
1449 1935 1576 1975 navigii
1599 1934 1728 1965 tardum
1750 1937 1782 1964 et
1803 1931 1962 1973 g1·an‹1e”.

241 1995 375 2026 Pedibus
396 1994 514 2036 aequis.
550 1996 664 2032 Quum
687 1993 721 2024 iu
743 1993 832 2024 Med.
857 1993 899 2023 sit
921 1991 1057 2032 pedibus
1103 1991 1243 2022 Nonius.
1268 1992 1368 2031 Apud
1383 1990 1541 2021 Plautum
1560 1989 1594 2019 in
1609 1987 1759 2019 Poenulo
1770 1996 1844 2027 opp.
1857 1985 1964 2017 celoci.

200 2049 295 2090 equis,
319 2048 410 2079 nulla
432 2049 513 2079 fides
535 2047 690 2078 habenda
711 2053 760 2077 est
784 2046 888 2083 libris,
902 2046 959 2086 qui
972 2045 1057 2086 equis
1104 2047 1210 2078 Paulo
1241 2053 1313 2088 post
1346 2047 1460 2078 eadem
1492 2038 1629 2076 vocatur
1658 2043 1817 2075 oneraria.
1851 2041 1966 2080 Quum

201 2103 368 2134 omittunt.
401 2101 467 2133 Sed
499 2111 602 2142 quum
635 2106 750 2131 natura
778 2100 869 2130 sinus
901 2099 1058 2130 Paestani
1078 2099 1082 2125 l
1103 2102 1186 2133 vens
1219 2106 1394 2141 agerentur
1428 2100 1538 2131 tardae
1573 2105 1666 2130 erant
1701 2099 1734 2128 in
1765 2096 1848 2127 mari
1880 2102 1965 2127 tran-

202 2163 234 2187 et
265 2156 466 2187 Vibonensis
498 2160 595 2192 vetat,
625 2154 804 2195 quominus
831 2153 976 2183 terrestri
1007 2152 1057 2182 ili·
1078 2142 1081 2195 Ι
1104 2155 1218 2195 quillo,
1241 2161 1274 2185 ut
1298 2155 1342 2184 ait
1365 2154 1504 2184 Plautus
1539 2153 1571 2183 111
1603 2153 1716 2183 eadem
1750 2149 1861 2181 fabula
1895 2148 1958 2179 111.

200 2219 276 2239 nere
309 2214 526 2244 transeantur,
558 2207 728 2238 verissime
757 2205 901 2236 correxit
932 2204 1056 2236 Salina·
1078 2201 1081 2241 Ι
1106 2208 1132 2244 1,
1156 2209 1186 2238 4,

202 2261 268 2291 sius
301 2261 420 2292 Exere.
453 2260 542 2291 Plin.
582 2270 613 2300 p.
638 2260 699 2290 400
732 2259 817 2299 apud
848 2244 1081 2300 Mam-obium!
1144 2261 1197 2291 Ad
1218 2261 1438 2301 Leucopetram
1465 2259 1716 2290 Tarentinorum.
1739 2257 1837 2288 Hanc
1862 2255 1966 2287 diver-

202 2314 333 2345 Satum.
356 2314 416 2344 VI.
440 2315 469 2352 4,
493 2314 511 2344 9
533 2313 613 2344 haec
637 2313 737 2343 verba
758 2313 924 2343 citantem.
951 2310 1056 2342 Pedes
1103 2324 1173 2344 sam
1195 2315 1292 2345 credo
1315 2323 1384 2344 esse
1407 2313 1448 2343 ab
1479 2322 1516 2343 ea
1549 2312 1763 2351 Leucopetra,
1793 2318 1878 2350 quae
1900 2317 1966 2339 me-

203 2378 306 2409 quum
327 2368 394 2399 sint
416 2367 545 2409 proprie
567 2366 661 2398 funes
683 2367 723 2397 ad
745 2366 886 2406 angulos
908 2365 1056 2396 velorum
1104 2375 1250 2399 moratur
1272 2369 1305 2399 in
1337 2378 1386 2408 ep.
1418 2377 1486 2408 seq.
1527 2374 1559 2398 et
1592 2364 1857 2407 promuntorium
1892 2362 1965 2404 agri

203 2432 261 2463 pro
283 2422 360 2463 ipsis
382 2421 465 2452 velis
487 2427 656 2462 ponuntur
678 2426 709 2451 et
725 2420 856 2460 pedibus
878 2419 986 2460 aequis
1001 2429 1056 2449 na·
1080 2424 1081 2464 Ι
1104 2421 1247 2461 Rhegini
1270 2421 1390 2451 dieitur
1420 2419 1508 2451 Phil.
1532 2420 1559 2450 I.
1583 2419 1610 2456 7,
1642 2428 1684 2450 ex
1715 2427 1782 2458 quo
1805 2416 1879 2447 loco
1913 2414 1965 2446 Ci-

204 2476 366 2516 vigamus,
407 2484 508 2515 quum
545 2480 673 2505 ventus.
694 2473 875 2514 aequaliter
908 2473 1057 2504 velorum
1080 2495 1083 2513 ¹.
1107 2475 1237 2505 ceronis
1260 2474 1323 2504 iter
1345 2482 1545 2513 cognoscere
1568 2472 1654 2502 licet.

204 2530 296 2560 sinus
320 2528 444 2569 implet.
469 2527 519 2559 Cf.
542 2527 702 2558 Nitzschii
726 2528 834 2558 adnot.
866 2528 905 2557 ad
942 2517 1083 2566 odyss!
1152 2529 1206 2557 Ast
1240 2528 1323 2558 inde.
1353 2527 1471 2558 Lamb.
1508 2536 1590 2557 corr.
1625 2526 1716 2566 atque
1754 2522 1836 2560 inde,
1875 2521 1962 2562 quod

205 2583 249 2614 X.
274 2584 325 2615 31.
1081 2564 1085 2623 Ι
1107 2582 1220 2622 probo.
1246 2581 1332 2611 Nam
1355 2580 1382 2610 si
1406 2580 1459 2610 vel
1481 2578 1630 2609 maxime
1653 2586 1730 2607 usus
1745 2579 1827 2616 part.
1841 2576 1892 2605 ast
1909 2573 1961 2605 Ci-

255 2637 370 2668 Veliae.
396 2637 479 2667 Inde
501 2636 592 2667 dedit
615 2636 786 2676 epistolam
809 2636 850 2666 ad
869 2636 1061 2666 Trebatium
1083 2625 1085 2632 ¹
1107 2634 1219 2664 cei-oni
1240 2633 1448 2668 concedatur,
1471 2636 1581 2662 tamen
1606 2628 1847 2660 adversativam
1869 2626 1965 2667 parti-

208 2692 316 2731 (Fam.
339 2690 422 2722 XII.
445 2689 499 2729 20)
523 2689 740 2730 subscriptam
762 2688 854 2719 XIH
878 2689 954 2719 Kal.
968 2688 1061 2720 Sext.
1107 2688 1218 2719 culam
1240 2686 1403 2718 sententia
1425 2685 1559 2726 respuit.

207 2744 274 2775 Sed
307 2750 430 2775 temere
463 2743 583 2783 aliquis
616 2742 780 2772 indicatus
814 2742 900 2782 apud
933 2740 988 2773 Or.
1011 2742 1060 2773 ed.
1151 2743 1244 2773 Freto
1259 2753 1292 2773 a:
1317 2751 1374 2782 per
1396 2740 1519 2772 fretum
1535 2739 1719 2770 traiicerem
1736 2737 1771 2767 in
1784 2735 1965 2767 Graeciam.

209 2799 236 2829 1.
261 2799 336 2829 inde
358 2796 498 2828 coniecit
519 2806 587 2827 non
609 2796 694 2836 apud
716 2795 878 2833 Thalnam,
904 2797 961 2826 sed
977 2797 1063 2836 apud
1085 2796 1087 2854 Ι
1150 2796 1168 2834 ξ
1191 2797 1219 2826 2.
1240 2790 1259 2827 ἡ
1295 2786 1385 2838 δεῦρ’
1407 2789 1486 2830 ὃὸός
1514 2788 1587 2824 κτλ.
1624 2789 1673 2820 Cf.
1695 2789 1776 2820 XV.
1800 2789 1848 2826 ll,
1871 2789 1901 2819 3.

212 2852 331 2883 Yestam
355 2850 549 2884 Ciceronem
571 2850 688 2881 Veliae
710 2850 820 2881 fuisse.
1085 2855 1088 2887 Ι
1153 2851 1275 2881 Ocellos
1299 2849 1429 2879 Italiae.
1451 2846 1662 2888 Elegantiam
1683 2844 1781 2875 huius
1799 2843 1966 2883 metapho-

253 2905 374 2936 obduxi
393 2907 547 2946 posterum
570 2903 650 2934 diem
673 2914 706 2934 o:
722 2904 832 2935 addidi
846 2914 951 2935 unum
963 2905 1060 2941 diem,
1085 2891 1088 2948 Ι
1109 2914 1164 2935 rae
1185 2902 1365 2934 illustravit
1388 2901 1425 2932 P.
1451 2899 1630 2936 Victorius,
1655 2897 1734 2928 Var.
1751 2897 1844 2928 Lect.
1859 2894 1922 2927 IX.
1936 2896 1966 2933 9,

210 2960 447 3001 profectionem
476 2958 597 2989 distuli.
634 2959 784 2990 Verbum
814 2959 874 2989 hac
897 2959 930 2989 vi
952 2969 1062 2989 rarum
1109 2957 1231 2989 similia
1251 2956 1356 2986 citans
1379 2964 1396 2986 e
1427 2953 1571 2989 Catullo,
1608 2951 1666 2992 qui
1697 2960 1796 2981 carm.
1828 2950 1865 2980 31
1901 2949 1967 2981 Sir-

210 3013 388 3045 illustravit
416 3012 635 3044 Menckenius
669 3012 701 3042 in
726 3013 812 3043 obss.
833 3012 906 3042 Lat.
928 3012 1063 3052 linguae
1110 3011 1257 3041 mionem
1279 3008 1421 3049 appellat
1442 3006 1617 3037 insularum
1639 3003 1781 3041 ocellum,
1815 3002 1965 3043 aliisque.

211 3077 241 3108 p.
263 3066 323 3097 668
346 3076 393 3106 sq.
420 3066 636 3106 interpretans
658 3065 782 3106 lonqius
805 3065 918 3096 ducere
941 3075 976 3096 ac
994 3076 1065 3106 pro·
1085 3063 1089 3120 Ι
1152 3064 1205 3094 Ad
1223 3062 1320 3103 ipsum
1344 3061 1425 3093 enim
1455 3061 1580 3091 revocat
1613 3068 1658 3088 me
1691 3057 1866 3088 auctoritas
1899 3059 1966 3087 tua.

211 3119 350 3150 trahere.
1086 3128 1088 3142 Ι
1111 3116 1285 3148 Schiitzius
1308 3114 1437 3155 scripsit
1458 3115 1561 3144 autem
1590 3121 1647 3152 pro
1679 3110 1770 3147 enim,
1800 3110 1966 3150 verbaque

252 3167 395 3216 ,δολιχὸν
427 3169 529 3204 πλόον
561 3167 791 3215 ὁρμαίνοντες.
824 3171 873 3204 Cf.
907 3172 938 3201 h.
973 3173 992 3202 l.
1026 3173 1063 3203 13
1112 3170 1253 3201 Ernesto
1276 3179 1341 3199 non
1372 3167 1540 3198 intellecta
1573 3166 1619 3196 ita
1648 3163 1806 3204 explicat:
1842 3163 1964 3194 ‹sNunc

2044 971 2055 1000 -22
2039 703 2062 953 aaa-:emm
2036 671 2038 673 ·
2049 651 2054 658 -
