2062 3565
696 148 802 190 LlB.
838 149 953 190 le.
991 148 1073 190 ΕΡ.
1115 150 1306 190 lii—12.

123 285 229 341 piam
275 298 431 325 omnem
479 285 599 327 etiam
633 286 845 336 actionem,
880 300 999 341 quam
1033 285 1148 327 video
1182 285 1363 341 quotidie
1397 286 1630 328 faciliorem.

1794 152 1871 190 ΖΗ]

1697 286 1757 327 1)8
1791 285 1885 326 Clu-

123 358 254 408 viano,
300 357 490 412 quoniam
534 359 576 400 in
621 374 661 400 re
707 374 793 400 mea
840 374 900 400 1118
949 359 1080 415 ipsum
1115 358 1326 414 diligentia
1360 359 1500 410 vincis,
1536 375 1598 401 res
1633 359 1682 401 ad
1719 364 1884 401 centena

123 429 368 488 perducitur.
403 431 537 474 Ruina
571 448 653 474 rem
686 448 766 475 11011
802 433 897 474 fecit
930 432 1181 483 deteriorem,
1217 433 1324 474 haud
1359 434 1442 475 scio
1475 448 1525 475 an
1561 434 1682 475 etiam
1709 434 1886 476 fructuo-

124 504 281 547 siorem.
311 504 392 546 Hic
426 520 583 548 1118811111
617 506 782 557 Balbus,
819 507 992 557 Hirtius,

1028 507 1173 548 Pansa.
1210 506 1333 549 Modo
1367 508 1477 549 venit
1510 508 1703 550 Octavius
1737 513 1778 548 et
1800 507 1885 561 qui-

124 578 215 620 dem
247 578 290 620 in
324 578 546 634 proximam
583 579 715 621 villam
751 580 945 635 Philippi,
981 579 1080 621 mihi
1114 584 1223 621 totus
1256 580 1431 623 deditus.
1467 582 1665 623 Lentulus
1699 579 1888 636 Spinther
1927 591 1941 617 ὅ

125 652 245 695 hodie
278 652 386 709 apud
422 668 499 703 me,
534 669 621 695 cras
655 669 769 696 mane
803 653 928 695 vadit.

167 819 186 850 3
209 829 252 849 an
274 818 338 849 iam
353 818 604 860 fructuosiorem
625 835 667 842 ·—

126 972 192 1000 tate
213 966 401 999 destituittu·
422 972 455 998 et
465 966 609 998 otiosum
620 971 679 998 est.
704 967 788 998 Mox
801 976 860 1008 pro
871 976 989 998 omnem
1014 976 1017 1000 2

126 1022 221 1053 etiam
237 1021 388 1053 actionem
403 1021 613 1053 scribendum
624 1021 754 1054 videtur
765 1031 884 1052 omnem
896 1021 988 1052 istam

125 1075 288 1107 actionem.

169 1128 269 1161 Haud
289 1129 354 1161 scio
375 1140 418 1160 un
441 1128 534 1160 etiam
547 1128 598 1170 fia
614 1129 667 1160 Ita
678 1128 881 1170 scripsicum
893 1129 989 1160 Lam-

130 1182 218 1215 bino.
243 1181 345 1215 Codd.
368 1182 494 1215 habent
514 1181 589 1220 iam,
613 1182 701 1223 quod
724 1192 792 1213 non
804 1188 918 1224 aptum
932 1187 989 1214 est.

733 1289 837 1331 XII.

1080 967 1234 998 Lentulus
1261 968 1407 1009 Spinther
1435 977 1510 998 88111
1529 967 1696 1000 Trebonio
1720 969 1753 1000 in
1777 968 1894 1001 Asiam

1037 1020 1242 1062 profecturus
1264 1021 1350 1062 apud
1373 1020 1569 1052 Ciceronem
1592 1020 1662 1052 fuit.
1686 1021 1768 1053 Eius
1779 1022 1894 1062 episto·

1038 1074 1089 1106 lae
1112 1084 1139 1106 a.
1164 1074 1222 1108 711
1248 1075 1356 1115 Perga
1375 1075 1415 1106 ad
1437 1075 1485 1106 M.
1512 1075 1665 1106 Tullium
1687 1081 1720 1107 et
1741 1077 1782 1108 ad
1804 1086 1895 1108 88118-

1015 1121 1110 1175 stum
1139 1128 1258 1160 missae
1287 1129 1443 1169 leguntur
1473 1127 1559 1160 inter
1589 1137 1660 1170 epp.
1693 1128 1787 1161 Fam.
1812 1129 1894 1162 XII.

1016 1181 1019 1224 1
1041 1183 1082 1214 14
1104 1192 1151 1224 sq.

1015 1014 1017 1023 1

903 1290 968 1344 (Α.
1011 1290 1057 1331 U.
1095 1289 1139 1331 G.
1177 1289 1297 1344 710.)

195 1409 235 1448 1.
270 1407 306 1448 O
338 1407 394 1447 mi
436 1406 587 1457 Attice,
636 1420 771 1447 vereor
814 1421 865 1448 ne
900 1405 1017 1448 nobis
1051 1405 1150 1447 Idus
1184 1405 1355 1447 Martiae
1388 1404 1491 1446 nihil
1525 1404 1710 1447 dederint
1742 1411 1898 1462 praeter

129 1481 324 1523 laetitiam
368 1485 407 1521 et
452 1479 535 1522 odii
567 1495 735 1536 poenam
770 1495 815 1522 ac
848 1479 1010 1522 doloris.

1060 1479 1178 1526 Quae
1211 1479 1312 1521 mihi
1344 1479 1455 1521 istim
1489 1480 1736 1522 afferuntur?
1785 1481 1898 1533 Quae

131 1555 198 1596 hic
241 1554 386 1596 video?
440 1548 514 1596 ’Ώ
558 1551 775 1613 πράξεως
818 1550 973 1608 καλῆς
1012 1553 1127 1610 μέν,
1174 1549 1379 1604 α’τελοῡς
1423 1547 1484 1596 δέ
1491 1555 1498 1595 1
1546 1553 1631 1594 Scis
1676 1569 1795 1609 quam
1839 1555 1899 1596 di-

130 1627 253 1683 ligam
287 1626 452 1670 'Siculos
495 1631 535 1669 ct
580 1642 701 1682 quam
745 1627 853 1669 illam
901 1627 1129 1668 clientelam
1174 1627 1384 1668 honestam
1442 1626 1632 1668 iudicem.
1679 1628 1811 1670 Multa
1855 1629 1900 1670 il-

130 1703 181 1744 lis
214 1702 372 1752 Caesar,
405 1715 534 1755 neque
566 1715 629 1741 1118
672 1700 814 1751 invito,
860 1700 936 1742 etsi
988 1700 1190 1742 Latinitas
1239 1704 1325 1741 erat
1367 1715 1449 1741 non
1482 1699 1645 1742 ferenda
1659 1720 1669 1753 3
1705 1707 1901 1744 verumta-

133 1792 225 1818 men
246 1809 254 1817 .
277 1809 286 1817 .
307 1809 315 1817 .
339 1808 347 1817 .

134 1849 328 1892 dictatore
370 1847 542 1890 comitiis
585 1847 722 1898 latam,
758 1862 836 1902 qua
870 1847 996 1889 Siculi

133 1923 285 1965 mentio
317 1922 442 1964 nulla.
475 1920 613 1973 Quid?
645 1921 825 1962 Deiotari
858 1922 985 1963 nostri

393 1775 497 1816 Ecce
542 1778 677 1815 autem
722 1775 925 1816 Antonius
969 1779 1133 1830 accepta
1176 1773 1320 1829 grandi
1363 1774 1535 1829 pecunia
1576 1774 1665 1816 fixit
1707 1775 1836 1830 legem
1880 1791 1902 1817 a

1040 1847 1145 1888 cives
1190 1846 1386 1899 Romani3
1432 1847 1546 1888 ouius
1589 1847 1646 1889 rei
1696 1848 1785 1889 vivo
1833 1848 1901 1889 illo

1016 1936 1136 1962 causa
1174 1936 1256 1963 non
1304 1921 1476 1963 similis?
1522 1921 1681 1977 Dignus
1716 1921 1783 1963 ille
1818 1922 1903 1976 qui-

134 1995 225 2037 dem
268 1996 378 2037 omni
419 2009 556 2050 regno,
591 1994 659 2036 sed
692 2010 775 2036 non
808 2010 877 2050 per
912 1995 1112 2036 Fulviam.
1164 1995 1366 2037 Sexcenta
1399 1994 1560 2036 similia.
1608 1995 1759 2036 Verum
1804 1995 1902 2036 illuc
1926 2015 1962 2040 10

135 2069 280 2112 refero:
326 2074 408 2111 tam
452 2068 599 2110 claram
641 2073 803 2125 tamque
846 2073 1033 2111 testatam
1074 2083 1158 2110 rem
1215 2073 1377 2124 tamque
1420 2068 1583 2120 iustam,
1631 2069 1902 2120 Buthrotiam,

179 2235 217 2267 11
246 2234 370 2276 referor
392 2253 433 2259 -—

178 2385 197 2425 ξ
219 2385 249 2415 1.
276 2383 349 2415 odii
363 2393 498 2424 poenam
520 2392 558 2413 ac
569 2382 700 2414 dolori&
718 2397 732 2409 ιι
748 2382 871 2414 Ρ811118
883 2383 996 2413 odium

137 2447 174 2469 88
195 2437 344 2469 (10101881
365 2441 416 2468 881
437 2435 513 2467 odio
535 2436 692 2467 aodolori
703 2435 898 2468 satisfacere.
921 2435 997 2467 Mil.

138 2493 209 2533 (35)
221 2491 292 2532 ficit
314 2491 400 2522 ultor
421 2490 569 2528 iniuriae,
584 2491 720 2532 punitor
730 2490 851 2522 doloris
865 2491 925 2522 sui.
947 2490 997 2522 De

137 2545 194 2579 Or.
225 2546 253 2577 1.
281 2544 372 2587 (220)
404 2543 580 2576 Iracundia
602 2547 650 2575 est
671 2545 828 2587 cupiditas
844 2544 999 2586 puniendi

136 2599 288 2632 doloris.''
311 2599 404 2631 Man.
427 2597 651 2639 cogitandum
662 2599 703 2630 de
727 2599 803 2630 odio
824 2599 860 2630 in
883 2598 997 2630 Caesa-

136 2663 207 2686 rem
235 2657 268 2684 et
299 2652 340 2684 de
368 2651 482 2683 dolore
512 2651 556 2682 ob
587 2650 777 2683 libertatem
798 2661 997 2694 oppressam.

137 2707 233 2739 Nihil
255 2706 468 2738 tribuendum
490 2705 586 2736 alteri
607 2705 742 2737 lectioni
759 2706 897 2747 plenam,
921 2706 998 2737 licet

139 2763 174 2794 in
196 2761 309 2794 codice
331 2761 443 2802 aliquo
465 2760 602 2792 inventa
623 2760 676 2792 sit.

182 2813 387 2846 Latinitaso:
408 2813 459 2844 ius
475 2812 575 2850 Latii,
591 2813 679 2854 quod
694 2812 820 2844 Latium
832 2813 1000 2855 appellant

141 2869 273 2901 Plinius
294 2867 340 2899 Η.
362 2867 405 2898 Ν.
427 2867 494 2898 ΠΙ.
517 2866 558 2897 24
580 2870 613 2898 et
643 2866 722 2898 Tac.
743 2867 832 2899 Hist.
855 2867 923 2898 111.
947 2868 997 2897 55.
1021 2891 1023 2901 ,

183 2922 270 2954 Fioeit
292 2922 391 2964 leqem
412 2927 476 2954 881.
498 2931 534 2952 o:
558 2921 626 2953 aeri
639 2921 849 2954 incidendam
863 2922 1000 2954 curavit.

142 2977 358 3009 Illustrantur
378 2976 460 3007 haec
484 2975 534 3012 iis,
557 2985 641 3016 quae
663 2975 821 3017 leguntur
843 2975 932 3007 Phil.
954 2976 999 3006 11.
1021 2996 1023 3014 Α(

143 3030 184 3062 92
205 3031 270 3061 toto
288 3028 441 3070 Capitolio
453 3027 580 3058 tabulae
581 3027 776 3068 fiqebmutur,
790 3039 886 3071 neque
901 3027 1000 3060 solum

141 3082 275 3124 sinqulis
297 3081 460 3113 veniebant
481 3079 704 3119 immunitates,
725 3081 785 3113 ced
804 3081 1001 3122 etiampopu-

1020 2380 1023 2405 !
1047 2382 1135 2414 Aen.
1159 2382 1220 2413 V1.
1245 2380 1306 2412 622
1328 2385 1458 2422 poetam
1482 2381 1590 2413 verbis
1601 2381 1682 2423 fixit
1705 2382 1788 2423 ἱερᾶς
1802 2381 1908 2421 pretio

1047 2438 1141 2478 atque
1164 2435 1271 2476 resistit
1299 2435 1346 2467 M.
1379 2435 1568 2467 Antonium
1589 2436 1773 2477 respexisse
1795 2436 1907 2467 credit.

1051 2490 1145 2528 Quae
1168 2495 1352 2530 sequuntur
1372 2490 1414 2521 de
1436 2490 1531 2530 regni
1554 2494 1644 2531 parte
1665 2490 1737 2530 regi
1751 2489 1907 2521 Deiotaro

1048 2543 1208 2580 restituta,
1240 2543 1371 2583 copiose
1403 2552 1602 2583 cognoscere
1633 2543 1711 2574 licet
1741 2552 1758 2574 8
1781 2542 1904 2583 Philip-

1048 2597 1121 2638 pica
1143 2597 1189 2629 ΙΙ.
1213 2607 1240 2628 c.
1264 2596 1313 2629 37.

1098 2648 1206 2680 Verum
1234 2649 1313 2680 illuc
1335 2649 1453 2690 resero.
1483 2649 1618 2681 Reduxi
1639 2649 1832 2690 scripturam
1855 2659 1906 2679 80-

1048 2703 1160 2734 dicum
1182 2706 1346 2740 notorum,
1368 2711 1451 2743 quae
1474 2702 1652 2733 editoribus
1675 2707 1751 2733 81118
1769 2702 1905 2733 Βο818111

1049 2766 1116 2788 11011
1146 2756 1323 2798 displicuit.
1358 2757 1430 2788 Hoc
1461 2755 1531 2786 vult
1554 2754 1686 2787 Cicero:
1709 2756 1799 2793 haec,
1821 2765 1905 2796 quae

1047 2809 1129 2847 dixi,
1155 2810 1196 2841 ad
1217 2819 1349 2840 causam
1371 2808 1582 2840 Buthrotiam
1604 2808 1718 2840 refero.
1742 2807 1903 2840 Orellium

1046 2865 1220 2896 retinuisse
1241 2864 1375 2904 referor,
1399 2863 1549 2904 quamvis
1572 2863 1640 2904 ipse
1663 2863 1745 2893 illud
1768 2872 1834 2893 11011
1849 2862 1903 2894 Ci-

1021 2902 1023 2943 l
1044 2919 1260 2950 ceronianum
1283 2922 1426 2959 putaret,
1450 2917 1560 2947 miror.

1086 2970 1160 3002 Rem
1181 2988 1224 2994 —
1245 2969 1457 3001 Buthrotiam.
1485 2969 1605 2999 Totam
1634 2977 1705 3000 rem
1727 2968 1904 3008 diligenter

1021 3017 1024 3042 ²
1046 3024 1199 3065 exposuit
1233 3022 1350 3055 Cicero
1375 3023 1408 3053 in
1433 3021 1538 3052 literis
1561 3021 1601 3051 ad
1624 3020 1785 3050 Plancum
1808 3027 1839 3051 et
1863 3021 1902 3051 ad

1022 3067 1242 3120 3Capitonem
1272 3077 1365 3114 datis,
1398 3085 1537 3117 quarum
1568 3074 1719 3114 exempla
1753 3074 1841 3104 misit
1863 3074 1903 3104 ad

144 3137 185 3168 lis
216 3135 381 3172 universis,
411 3133 524 3165 civicas
554 3143 615 3165 non
641 3133 704 3166 iam
725 3134 926 3177 sinqillatim,
948 3133 1005 3165 sed
1023 3149 1026 3180 3
1046 3132 1198 3164 Atticum
1220 3141 1296 3162 cum
1318 3130 1436 3161 ultima
1459 3128 1595 3170 epistola
1618 3127 1693 3158 libri
1717 3126 1815 3164 XVI,
1838 3137 1903 3169 quo

142 3190 313 3234 provinciis
335 3189 410 3221 totis
432 3188 578 3220 dabatur.
601 3189 677 3222 Non
700 3190 786 3222 male
811 3189 946 3222 Servius
962 3189 1002 3220 811

1024 3182 1026 3225 ζ
1048 3184 1187 3216 lectores
1209 3184 1413 3223 ablegamus.
