2062 3565
726 143 832 186 LIB.
870 144 989 187 XIII.
1024 145 1107 188 ΕΡ.
1145 149 1216 187 49.
1773 152 1857 191 265

96 292 286 320 narrasse.
335 277 429 318 Non
475 276 650 320 laboravi
691 279 845 320 scilicet
889 295 960 322 nec
996 281 1170 323 hominis
1203 282 1323 324 alieni
1359 283 1665 326 iniustissimam
1700 285 1854 327 iracun-

94 351 202 394 diam
248 350 349 392 mihi
398 351 615 393 curandam
666 353 819 408 putavi.
871 357 911 396 2.

96 425 244 467 Romae
293 423 365 474 fui,
416 423 513 478 quid
557 425 771 477 audissem,
819 442 947 483 neque
993 430 1197 471 nominavi
1231 429 1402 472 Balbum
1441 431 1649 473 minorem.
1703 431 1861 474 Habuit

93 513 210 540 suum
242 498 450 553 negotium
484 498 640 551 Gallus,
675 505 721 542 ut
763 500 916 543 scribit.
968 503 1039 544 Ait
1071 503 1185 545 illum
1208 538 1215 545 .
1238 538 1245 546 .
1270 538 1277 545 .
1302 538 1309 545 .

94 570 200 626 quod
230 570 446 613 Phameam
481 571 768 623 destituissem‚
803 574 852 616 de
887 591 926 617 se
961 578 1168 633 suspicari.
1203 579 1337 631 Quare
1370 578 1445 620 tibi
1477 579 1674 621 haetenus
1698 579 1860 631 mand0,

91 645 141 688 de
183 645 253 687 illo
295 650 446 696 nostro,
492 647 525 688 si
568 646 666 702 quid
710 649 873 703 poteris,
920 651 1120 706 exquiras,
1162 652 1212 693 de
1253 667 1315 693 me
1348 668 1399 694 ne
1433 653 1529 708 quid
1564 653 1734 696 labores.
1786 655 1862 696 Est

92 719 240 762 bellum
276 720 449 776 aliquem
483 718 656 761 libenter
690 720 835 772 odisse,
873 723 949 778 [et]
987 724 1325 777 quemadmodum
1359 741 1440 767 non
1474 725 1662 768 omnibus
1697 728 1859 769 servire.

93 793 181 836 Etsi
223 792 463 844 mehercule,
514 798 560 834 ut.
608 798 653 835 lu
696 795 904 850 intelligis,
949 797 1076 852 magis
1123 798 1220 839 mihi
1254 799 1322 840 isti
1356 800 1550 851 serviunt,
1585 801 1617 842 si
1652 799 1861 843 observare

962 355 1079 396 Gallo
1123 360 1255 398 autem
1304 357 1474 408 narravi,
1521 373 1645 412 quum
1680 359 1857 414 proxime

1345 520 1405 546 me
1441 506 1564 547 animi
1598 506 1859 557 conscientia,

91 867 238 910 servire
272 871 347 909 est.

133 1071 154 1101 4
174 1069 265 1101 illum
288 1080 334 1101 me
355 1087 397 1093 —
419 1070 437 1104 7
462 1073 493 1102 el
515 1071 771 1113 quemadmodum
793 1081 856 1103 non
878 1072 1017 1104 omnibus
1039 1072 1183 1112 dormire,
1206 1074 1254 1104 ita
1278 1084 1339 1106 non
1362 1075 1500 1107 omnibus
1523 1077 1642 1108 servire
1665 1096 1703 1102 -

89 1275 155 1303 seo,
178 1271 235 1298 aut
255 1265 506 1306 corrigendum:
532 1264 567 1296 Is
590 1267 654 1296 lum
676 1264 820 1296 discessit
833 1265 950 1296 iratus.

129 1318 199 1351 Non
231 1319 375 1351 laboravi
405 1329 439 1351 οε
471 1329 537 1351 non
569 1320 692 1358 curavi,
726 1330 793 1351 non
816 1319 865 1352 fui
887 1320 949 1351 sol-

87 1373 196 1405 licitus
217 1373 259 1405 de
281 1383 330 1405 eo.
355 1372 406 1405 Cf.
429 1372 527 1404 Tusc.
550 1372 615 1404 111.
630 1373 670 1404 50
683 1372 747 1413 qu
758 1383 825 1404 sum
847 1372 885 1412 is,
899 1373 953 1416 qui

89 1425 192 1458 dicam
213 1437 260 1458 me
281 1437 345 1459 non
365 1426 522 1458 laborare.
551 1426 623 1458 Att.
647 1426 748 1459 XIII.
770 1427 820 1466 20,
844 1429 875 1459 4.
911 1427 952 1467 Q.

91 1479 131 1512 fr.
153 1480 220 1512 ῙΠ.
246 1481 273 1519 1,
298 1481 348 1512 14.

133 1534 153 1574 ξ
175 1533 204 1566 2.
227 1533 335 1576 Neque
349 1534 508 1565 nominavi
523 1533 656 1565 Balbum
673 1533 831 1573 minorem,
850 1544 869 1566 a
885 1543 952 1576 quo

94 1586 244 1619 audierat
266 1587 452 1629 Tigellium
475 1586 538 1618 sibi
562 1587 684 1618 iratum
707 1596 786 1618 esse.

133 1640 255 1672 Habuit
277 1651 365 1672 suum
387 1641 543 1683 neqotium
566 1651 600 1672 οε
636 1640 752 1673 Gallus
774 1641 808 1672 in
832 1650 871 1673 eo
894 1650 950 1673 ne-

90 1695 182 1736 gotio
213 1695 259 1727 ita
287 1705 322 1727 se
351 1695 463 1736 gessit,
498 1695 591 1736 quasi
628 1704 726 1726 suum
758 1700 852 1733 esset,
882 1705 950 1727 non

90 1758 211 1782 meum.
235 1749 287 1782 Cf.
308 1748 393 1781 XII.
417 1749 466 1788 22,
490 1751 509 1781 3
532 1755 566 1781 et
587 1749 670 1781 Hor.
693 1748 762 1780 Sat.
784 1749 874 1788 11.3,
888 1750 950 1782 232

88 1802 124 1833 id
145 1802 237 1834 crede
260 1805 356 1835 tuum.
371 1795 381 1830 l

130 1855 187 1886 Ait
209 1855 298 1886 illum
320 1874 362 1880 —
383 1856 549 1896 suspicari.
576 1855 687 1886 Verba
699 1855 868 1897 explicare
882 1865 949 1886 non

89 1917 232 1950 possum.
260 1907 327 1940 Sed
349 1908 462 1940 omnia
483 1908 583 1949 plana
603 1908 699 1945 fiunt,
720 1908 838 1939 sicum
853 1907 950 1938 Lam—

90 1961 168 1993 bino
191 1961 306 1993 statuis
329 1966 402 2003 post
421 1961 511 1992 illum
536 1961 699 1993 excidisse
715 1961 830 1992 dicere.
853 1961 951 1992 Tunc

87 2016 169 2048 dicit
185 2016 311 2048 Cicero.
337 2030 351 2042 ι
361 2016 423 2047 Ait
440 2015 557 2047 Gallus
569 2016 667 2047 illum
679 2016 731 2056 (οι
750 2015 950 2057 Tigellium>

88 2082 210 2114 negare
242 2082 277 2104 se
307 2073 391 2104 mihi
425 2082 495 2105 esse
520 2073 652 2111 iratum,
686 2073 744 2104 sed
767 2081 821 2104 me
843 2072 876 2104 id
899 2083 951 2104 su-

86 2128 207 2169 spicari
230 2128 272 2159 de
297 2137 341 2166 se,
366 2128 455 2169 quod
476 2128 577 2169 probe
600 2127 684 2158 mihi
713 2127 863 2159 conscius
886 2127 948 2159 sim

90 2191 143 2213 me
165 2181 254 2213 male
284 2182 400 2223 egisse,
424 2192 529 2223 quum
551 2181 719 2213 Phameae
748 2181 949 2222 promissum

87 2245 154 2267 non
175 2240 377 2276 praestarem
399 2244 510 2276 neque
532 2235 562 2266 ei
584 2240 715 2276 praesto
737 2243 853 2266 essem.
884 2234 948 2266 Cui

85 2289 149 2320 hoc
172 2298 240 2320 non
263 2289 380 2330 placet,
404 2288 432 2320 is
453 2288 588 2320 debebit
610 2288 657 2319 ait
687 2288 728 2319 ad
750 2288 859 2329 ipsum
892 2288 948 2319 Ti-

87 2342 228 2383 gellium
250 2341 372 2373 referre
395 2346 427 2373 et
448 2352 508 2383 pro
530 2341 619 2372 illum
643 2342 786 2374 scribere
808 2341 874 2373 ille.

127 2395 296 2438 Exquiras,
317 2395 358 2427 de
380 2406 426 2427 me
448 2406 487 2427 ne
507 2395 584 2438 quid
593 2395 727 2427 labores.
752 2396 866 2437 Vulgo
876 2405 944 2428 me—

85 2449 176 2481 diam
193 2448 441 2481 distinctionem
458 2453 588 2489 ponunt
595 2453 670 2489 post
679 2447 838 2490 eaquiras,
850 2449 946 2489 quasi

85 2515 124 2536 ne
156 2505 279 2536 labores
309 2509 394 2536 esset
421 2503 563 2536 vetantis
599 2513 659 2545 pro
691 2503 757 2534 noli
785 2504 943 2536 laborare.

85 2558 152 2591 Sed
175 2558 367 2599 Madvigius
388 2558 423 2589 in
446 2558 528 2599 disp.
550 2558 592 2589 de
613 2556 709 2589 form.
739 2558 834 2589 verbi
869 2558 943 2591 Lat.

84 2618 202 2645 natura
224 2618 257 2644 et
279 2622 340 2644 usu
362 2611 600 2645 demonstravit
620 2621 791 2653 nunquam
820 2612 866 2643 sic
894 2613 941 2644 lo·

83 2670 177 2698 cutos
198 2675 270 2698 esse
291 2674 406 2707 prosae
428 2665 602 2706 scriptores
631 2668 663 2696 et
685 2662 805 2705 opusc.
835 2665 882 2696 II.
912 2676 942 2706 p.

86 2721 146 2752 106
167 2720 320 2762 probavit
341 2719 575 2760 Wesenbergii
597 2718 847 2757 correctionem,
885 2720 943 2761 qui

84 2775 223 2807 Emeud.
246 2784 277 2816 p.
300 2773 340 2807 27
363 2773 493 2805 monuit
514 2777 678 2805 commate
700 2777 773 2813 post
795 2772 942 2814 exquiras

83 2827 189 2868 posito
219 2837 259 2858 ne
293 2827 348 2869 (=
377 2829 412 2857 ut
442 2827 493 2866 ne)
528 2825 733 2866 iungendum
764 2833 835 2856 esse
866 2834 943 2856 cum

83 2881 243 2912 hactenus.
266 2879 416 2913 Contulit
437 2889 481 2911 ex
510 2879 554 2910 V.
576 2880 606 2916 4,
640 2878 670 2910 2.
704 2878 867 2916 hactenus,
902 2889 943 2910 ne

82 2934 160 2976 quid
180 2933 225 2965 ad
244 2936 387 2966 senatum
411 2932 587 2965 ‘'consule''
609 2934 665 2963 aul
690 2933 878 2963 nnumera.''
901 2951 942 2957 —

82 2987 131 3018 De
150 2987 209 3018 illo
229 2989 337 3019 nostro
359 2992 423 3019 est:
450 2987 490 3019 de
513 2985 621 3018 Balbo
644 2985 785 3018 minore.

124 3038 181 3070 Est
203 3040 315 3071 bellum
336 3040 472 3082 aliquem
493 3039 628 3069 libenter
646 3037 761 3069 odisse.
786 3038 862 3069 Non
878 3047 941 3079 ego

82 3103 156 3126 sum
177 3092 331 3135 Oedipus,
355 3094 413 3135 qui
435 3094 568 3125 Mosem
590 3091 764 3133 explicem,
796 3092 876 3133 quid
898 3092 940 3123 sit

80 3146 213 3179 libenler
245 3145 347 3180 odisse
378 3151 410 3179 et
437 3146 604 3189 quomodo
633 3145 696 3177 hoc
727 3144 839 3176 bellum
869 3154 940 3177 esse

1001 1269 1111 1309 possit.
1137 1270 1201 1301 vid.
1235 1270 1350 1312 Symb.
1386 1271 1467 1304 Crit.
1491 1272 1591 1304 VIII.
1621 1284 1652 1315 p.
1686 1274 1705 1304 9
1727 1284 1775 1316 sq.
1808 1275 1861 1306 Ex

1001 1321 1140 1362 epistola
1162 1322 1256 1355 Fam.
1279 1324 1361 1355 VII.
1385 1325 1426 1356 24
1448 1326 1555 1357 lucem
1570 1327 1682 1367 petivi,
1697 1337 1801 1368 quum
1818 1337 1861 1359 ex

1001 1376 1111 1408 verbis
1133 1388 1152 1408 a
1174 1378 1306 1411 Mosero
1340 1380 1466 1412 allatis:
1500 1380 1532 1411 in
1561 1381 1659 1412 lucris
1683 1392 1768 1422 pono
1798 1392 1860 1414 non

993 1429 1090 1470 serre
1112 1430 1263 1463 hominem
1284 1431 1531 1473 pestilentiorem
1549 1434 1661 1474 patria
1690 1444 1759 1473 sua,
1790 1441 1860 1466 tum

1001 1493 1044 1516 ex
1066 1485 1133 1517 his:
1160 1485 1308 1528 Coqnostz‘
1330 1505 1371 1510 --
1391 1487 1486 1518 istius
1519 1488 1680 1520 salaconis
1712 1488 1860 1531 iniquita-

1000 1539 1070 1576 tem,
1094 1543 1194 1580 atque
1215 1539 1247 1571 h.
1270 1540 1292 1571 l.
1315 1540 1473 1582 scriptum
1496 1541 1596 1574 fuisse
1617 1542 1778 1583 suspicor:
1803 1541 1859 1573 Est

1001 1590 1115 1622 bellum
1137 1592 1317 1623 salaconem
1333 1592 1539 1634 pestilentem
1559 1594 1675 1626 odisse.

1045 1642 1304 1684 Quemadmodum
1327 1656 1389 1677 non
1411 1646 1548 1678 omnibus
1570 1648 1699 1679 servire.
1727 1648 1858 1680 Lambi-

999 1708 1063 1730 nus
1085 1699 1181 1740 plura
1202 1699 1256 1731 hic
1279 1700 1441 1733 excidisse
1463 1706 1565 1743 putat,
1587 1712 1671 1743 quae
1687 1702 1860 1744 ingeniose

998 1755 1163 1796 supplevit
1185 1765 1228 1787 ex
1250 1755 1311 1795 his,
1334 1766 1419 1798 quae
1448 1757 1604 1798 leguntur
1625 1759 1665 1790 de
1687 1759 1803 1790 eadem
1824 1769 1860 1791 re

996 1809 1090 1841 Fam.
1116 1810 1195 1842 Vn.
1227 1810 1268 1842 24
1301 1810 1405 1853 Cipius
1427 1812 1536 1854 opinor
1557 1813 1649 1844 olim:
1672 1814 1742 1846 Non
1763 1815 1858 1846 omni-

996 1863 1051 1895 bus
1085 1864 1221 1897 dormio:
1256 1865 1302 1897 sic
1332 1877 1387 1909 eqo
1419 1878 1480 1899 non
1511 1868 1658 1906 omnibus,
1692 1869 1733 1900 mi
1756 1869 1859 1912 Galle,

995 1928 1106 1950 sermo.
1128 1918 1230 1951 Hunc
1253 1926 1383 1953 secutus
1406 1921 1551 1955 Orellius
1575 1923 1719 1964 scripsit:
1744 1926 1775 1955 et
1786 1935 1859 1968 que-

996 1971 1189 2004 madmodum
1211 1983 1272 2004 non
1293 1974 1432 2005 omnibus
1454 1974 1599 2013 dormire,
1622 1976 1669 2006 ita
1687 1987 1748 2007 non
1762 1978 1856 2008 omni-

996 2024 1050 2056 bus
1081 2026 1210 2058 servire.
1245 2027 1362 2059 Aliam
1393 2038 1530 2070 eamque
1563 2029 1746 2062 faciliorem
1768 2031 1856 2064 viam

996 2080 1141 2112 ostendit
1172 2081 1301 2120 Bosius,
1334 2083 1393 2123 qui
1425 2083 1554 2124 scripsit
1585 2086 1631 2114 est
1661 2094 1721 2126 pro
1749 2087 1789 2123 et,
1823 2092 1856 2118 et

996 2134 1135 2166 verbum
1157 2144 1234 2166 cum
1256 2136 1399 2177 quadam
1422 2136 1455 2168 vi
1476 2138 1650 2178 repetitum
1675 2144 1784 2179 putat:
1798 2139 1855 2171 Est

995 2185 1106 2217 bellum
1127 2205 1177 2226 —‚
1201 2190 1257 2220 est.
1288 2189 1455 2230 Equidem
1477 2190 1617 2222 Ernesto
1639 2192 1801 2223 assentior
1823 2196 1854 2224 et

994 2239 1047 2271 vel
1077 2243 1124 2271 est
1154 2241 1334 2274 delendum
1365 2252 1444 2280 esse,
1478 2244 1567 2284 quod
1600 2244 1634 2276 in
1657 2244 1735 2277 edit.
1757 2246 1853 2278 Rom.

993 2303 1060 2325 non
1084 2294 1215 2335 legitur.

1036 2348 1098 2380 Isti
1125 2356 1204 2381 sunt
1239 2349 1387 2382 Caesaris
1416 2351 1523 2390 amici,
1556 2350 1691 2394 Oppius,
1714 2354 1851 2394 Balbus,

992 2404 1059 2435 alii.
1084 2403 1134 2436 Cf.
1159 2404 1252 2435 Fam.
1276 2405 1297 2436 l.
1322 2415 1349 2437 c.
1377 2405 1457 2437 Olim
1474 2424 1514 2430 —
1530 2417 1593 2438 non
1615 2408 1679 2438 lam
1702 2408 1741 2439 ab
1764 2409 1849 2447 ullis,

991 2467 1081 2498 quam
1111 2456 1168 2488 hoe
1200 2459 1336 2498 tempore
1367 2458 1511 2489 observor
1538 2469 1557 2490 a
1579 2459 1850 2498 familiarissimis

994 2509 1140 2540 Caesaris
1161 2509 1298 2541 omnibns
1313 2513 1446 2551 praeter
1471 2511 1563 2542 istmn
1587 2513 1807 2555 (Tigellium).

1030 2561 1064 2592 Si
1084 2563 1249 2595 observare
1269 2564 1389 2596 servire
1411 2567 1467 2596 est.
1493 2579 1506 2591 u
1517 2566 1620 2597 Ludit
1638 2566 1672 2597 in
1696 2577 1727 2598 v.
1748 2567 1848 2598 obser„

989 2625 1074 2654 vare,
1097 2617 1185 2658 quod
1208 2622 1258 2649 est
1279 2618 1388 2650 colere
1410 2623 1506 2660 atque
1517 2619 1680 2651 honorare
1693 2620 1847 2662 aliquem,

989 2675 1022 2702 et
1047 2671 1214 2703 attendere
1237 2672 1278 2703 ad
1299 2672 1439 2704 alicuius
1472 2673 1559 2704 dicta
1581 2678 1613 2705 et
1635 2673 1728 2712 facta,
1752 2679 1787 2705 ut
1809 2684 1847 2706 ea

988 2727 1067 2756 nota
1087 2724 1243 2758 habeas.”
1264 2725 1367 2759 Gron.
