2062 3565
756 160 865 202 LIB.
900 160 1016 202 XVI.
1051 160 1134 202 ΕΡ.
1173 161 1244 201 11.
1794 161 1878 200 365

125 297 332 340 Rubriano
375 296 525 353 potius,
568 312 689 352 quam
733 312 807 352 quo
842 297 1048 352 Scipionis,
1081 300 1123 337 et
1155 295 1203 337 de
1237 293 1425 337 laudibus
1458 293 1688 336 Dolabellae
1720 294 1881 336 deruam

123 371 345 412 cumulum.
378 373 437 412 Ac
471 375 605 412 tamen
640 376 700 412 est
732 371 810 412 ist-o
844 371 930 412 loco
966 370 1082 422 bella,
1120 375 1163 411 ut
1191 369 1291 411 mihi
1316 369 1488 421 videtur,
1511 365 1752 429 εἰρωνεία,
1777 369 1882 423 quod

123 459 214 486 eum
260 450 321 486 ter
365 450 504 486 contra
537 445 643 486 cives
687 445 729 486 in
765 445 862 486 acie.
897 444 1005 486 Illud
1039 445 1160 486 etiam
1194 444 1313 495 malo,
1347 445 1660 497 indiqnissimum
1692 448 1750 485 est
1783 444 1885 485 hunc

124 519 264 569 vivere,
310 533 451 573 quam:
487 518 585 573 quid
626 518 860 570 indiynius?
913 521 954 559 3.
1003 514 1402 577 ΙΙεπλογραφίαν
1448 518 1637 558 Varronis
1679 517 1755 558 tibi
1797 532 1884 573 pro-

125 591 210 633 bari
255 606 336 633 non
379 591 543 633 moleste
590 591 685 642 fero,
732 607 754 632 a
786 607 865 647 quo
898 591 1030 633 adhuc
1065 584 1438 647 Ἠρακλειδεῖον
1470 589 1572 632 illud
1606 606 1686 632 non
1720 589 1884 631 abstuli.
1926 601 1940 625 ὁ

123 653 242 716 Quod
277 679 339 706 me
371 665 542 706 hortaris
576 665 625 706 ad
670 665 942 716 scribendum,
990 665 1114 706 amice
1147 670 1193 706 tu
1226 663 1402 719 quidem,
1438 663 1506 705 sed
1540 678 1602 705 me
1636 663 1736 704 scito
1769 678 1884 718 agere

123 737 227 778 nihil
267 737 391 780 aliud.
441 738 625 780 Gravedo
669 743 739 780 tua
783 738 882 780 mihi
911 738 1077 780 molesta
1110 743 1183 778 est.
1229 738 1388 789 Quaeso
1421 735 1581 787 adhibe,
1615 751 1733 793 quam
1768 736 1884 786 soles,

124 810 389 865 diligentiam.
409 812 444 854 O
460 813 566 854 Tyri:
591 812 667 854 tibi
690 812 877 868 prodesse
900 812 1038 854 laetor.
1065 811 1269 866 Anagnini
1292 817 1388 852 sunt
1412 810 1588 852 Mustela
1605 809 1886 869 ταξιάρχης

123 890 164 926 et
197 884 317 937 Laco,
353 887 423 941 qui
455 886 675 942 plurimum
711 885 830 928 bibit.
863 886 1048 936 Librum,
1083 900 1201 940 quem
1235 899 1363 939 rogas,
1398 884 1616 940 perpoliam
1649 890 1689 925 et
1714 885 1885 926 mittam.

126 959 167 997 4.
202 957 313 999 Haec
347 957 396 999 ad
430 958 701 1014 posteriorem.
760 956 835 1000 Τά
870 954 975 1017 περὶ
1012 959 1097 1000 τοῦ
1131 956 1470 1011 καθήκοντος,
1505 961 1703 1011 quatenus
1737 958 1886 999 Panae·
1907 973 1942 1000 10

123 1030 219 1082 tius,
253 1029 405 1072 absolvi
439 1029 611 1072 duobus.
645 1031 762 1072 Illius
795 1038 874 1072 tres
908 1035 1027 1081 sunt,
1062 1029 1131 1070 sed
1165 1044 1289 1084 quum
1322 1029 1439 1070 initio
1472 1028 1674 1070 divisisset
1705 1031 1776 1081 ita,
1810 1030 1888 1071 tria

122 1118 268 1159 genera
311 1104 548 1160 exquirendi
591 1105 711 1146 officii
756 1119 856 1155 esse,
908 1118 1048 1154 unum,
1095 1118 1220 1158 quum
1266 1102 1532 1144 deliberemus
1582 1103 1794 1144 honestum
1836 1119 1885 1144 an

123 1164 240 1233 turpe
274 1177 340 1228 sit,
375 1177 560 1228 alterum,
595 1177 695 1218 utile
729 1192 780 1219 an
813 1177 973 1228 inutile,
1006 1177 1185 1227 tertium,
1220 1192 1344 1232 quum
1381 1176 1477 1218 haec
1510 1178 1614 1218 inter
1647 1193 1687 1219 se
1712 1193 1886 1233 pugnare

127 1251 352 1302 videantur,
387 1250 587 1306 quomodo
621 1250 885 1293 iudicandum
920 1251 985 1301 sit,
1021 1250 1150 1306 qualis
1184 1265 1303 1291 causa
1327 1250 1485 1304 Reguli,
1508 1250 1636 1292 redire
1660 1251 1887 1302 honestum,

125 1339 282 1366 manere
329 1325 450 1367 utile:
502 1325 550 1366 de
599 1324 758 1366 duobus
804 1325 942 1380 primis
976 1324 1173 1380 praeclare
1208 1323 1410 1375 disseruit,
1446 1323 1494 1364 de
1527 1325 1646 1366 tertio
1678 1323 1888 1380 pollicetur
1910 1340 1942 1364 15

126 1413 166 1440 sc
211 1397 413 1454 deinceps,
459 1397 529 1439 sed
572 1397 675 1439 nihil
709 1398 882 1453 scripsit.
935 1398 1038 1439 Eum
1073 1397 1204 1438 locum
1242 1396 1484 1438 Posidonius
1518 1404 1749 1452 persecutus
1783 1400 1888 1453 (est).

127 1471 214 1526 Ego
257 1476 390 1513 autem
440 1478 480 1513 et
512 1472 598 1513 eius
631 1471 780 1513 librum
814 1471 1001 1513 arcessivi
1035 1476 1074 1512 et
1108 1470 1156 1512 ad
1194 1470 1497 1512 Athenodorum
1531 1471 1697 1513 Calvum
1731 1472 1886 1528 scripsi,

128 1551 174 1586 ut
206 1545 257 1586 ad
290 1561 351 1587 me
386 1542 447 1587 τά
479 1543 730 1601 κεφάλαια
767 1546 954 1597 mitteret,
991 1561 1090 1600 quae
1135 1550 1344 1600 exspecto:
1381 1560 1497 1600 quem
1534 1545 1650 1586 velim
1684 1545 1887 1587 cohortere

127 1625 168 1659 et
209 1622 337 1674 roges,
383 1625 429 1660 ut
469 1634 584 1674 quam
619 1612 822 1674 ⁸primum.
877 1620 922 1661 [n
972 1634 1016 1660 eo
1059 1626 1119 1660 est
1164 1615 1268 1676 περὶ
1318 1620 1400 1659 toi)
1434 1616 1565 1660 κατὰ
1598 1618 1890 1677 περίστασιν

172 1805 191 1837 2
214 1807 362 1838 Attamen
385 1824 426 1829 —
449 1806 487 1838 16
503 1807 699 1847 persecutus.
729 1804 791 1846 E'qo
813 1822 852 1827 —-

132 1993 232 2024 niodo
264 1993 490 2034 acquisiverat,
524 2003 562 2025 eo
593 1994 666 2024 loco
695 1994 809 2035 reponi
841 1994 991 2026 volebat:
1015 2013 1017 2042 3
1039 1992 1191 2032 dialogus
1213 1992 1253 2023 de
1275 1997 1453 2028 senectute,
1476 1992 1533 2032 qui
1557 1991 1601 2022 ita
1624 1991 1749 2031 incipit.

133 2046 256 2084 Eodem,
278 2046 411 2089 inquies,
432 2057 491 2089 quo
512 2047 547 2078 in
573 2047 745 2078 Rubriano.
824 2043 827 2046 ’
1082 2044 1244 2084 Anaynini
1267 2046 1339 2075 sunt
1362 2043 1501 2074 Mustela
1523 2050 1553 2074 τ.
1568 2046 1598 2074 et
1612 2037 1801 2073 Lacoslloc
1817 2051 1893 2083 quo-

175 2100 224 2132 De
254 2100 401 2132 laudibus
429 2100 625 2132 Dolabellae.
656 2102 744 2133 Ibid.
773 2101 822 2140 75,
846 2102 993 2134 maxime
1015 2061 1018 2125 l
1040 2108 1105 2140 que
1127 2098 1268 2139 pertinet
1291 2098 1331 2128 ad
1353 2097 1440 2128 Phil.
1463 2097 1520 2135 11„
1543 2097 1599 2128 ubi
1620 2097 1725 2128 Attici
1742 2097 1894 2127 librarius

133 2156 184 2188 his
213 2157 338 2188 verbis:
376 2156 435 2188 Ter
464 2157 655 2199 clepuqnavit
691 2157 807 2188 Caesar
828 2167 895 2189 cum
917 2158 993 2189 civi-
1016 2187 1017 2190 Ἴ
1039 2153 1175 2184 nomina
1195 2153 1276 2183 haec
1289 2152 1448 2193 apposuit.
1471 2150 1567 2183 Certe
1581 2151 1614 2182 in
1631 2151 1786 2182 omnibus
1802 2150 1894 2181 libris

133 2210 198 2251 bus,
219 2211 254 2242 in
279 2211 452 2249 Thessalia,
487 2211 612 2254 Africa,
635 2211 808 2253 Hispania.
850 2212 996 2244 Omnibus
1015 2207 1019 2254 l
1039 2206 1122 2238 MSS·
1144 2210 1176 2237 et
1197 2205 1294 2237 effitis
1316 2214 1404 2236 nunc
1427 2205 1584 2245 leguntur
1605 2215 1633 2235 C·
1655 2205 1706 2242 41,
1732 2203 1802 2234 106-

133 2264 245 2305 adsuit
265 2264 316 2295 his
329 2265 448 2306 puqnis
471 2264 650 2296 Dolabella.
1016 2257 1019 2282 l
1083 2261 1215 2298 Librum,
1245 2271 1332 2302 quem
1365 2270 1467 2301 roqas,
1495 2259 1668 2300 perpoliam
1701 2261 1732 2289 et
1766 2258 1896 2288 mittam.

177 2317 225 2348 Ac
256 2319 361 2349 lamen
396 2328 455 2359 pro
485 2318 603 2350 vitioso
632 2320 774 2350 attamen
797 2320 926 2351 restitui
949 2330 995 2352 se-
1016 2329 1019 2337 ·
1040 2315 1150 2347 Acute
1182 2314 1387 2355 Mongaltius
1414 2314 1495 2345 haec
1528 2314 1628 2345 verba
1657 2313 1755 2344 refert
1777 2313 1817 2343 ad
1845 2311 1896 2341 Το-

134 2371 281 2402 cundum
302 2371 467 2412 Madvigii
488 2371 751 2403 admonitionem
773 2371 892 2414 Opusc.
915 2373 944 2404 I.
960 2383 992 2414 p.
1035 2369 1122 2411 pica,
1155 2379 1238 2411 quae
1269 2378 1374 2410 nuper
1403 2367 1519 2400 Cicero
1553 2369 1586 2399 in
1609 2377 1707 2399 cursu
1729 2367 1898 2398 maritimo

134 2424 194 2456 491
218 2429 251 2456 et
272 2425 313 2456 ad
335 2423 404 2456 Cic.
433 2424 474 2455 de
506 2423 581 2455 Fin.
603 2434 634 2465 p.
658 2423 720 2455 289
743 2430 775 2456 et
797 2425 868 2457 872.
903 2426 995 2457 Male
1017 2442 1020 2455 .
1041 2423 1278 2464 conscripserat
1306 2429 1339 2453 et
1371 2422 1501 2462 Rhegio
1523 2422 1564 2452 ad
1587 2421 1779 2452 'Ptebatium
1802 2420 1897 2451 mise-

136 2479 177 2511 de
213 2479 281 2510 illis
314 2478 486 2520 particulis
522 2478 681 2509 iudicavit
725 2479 766 2510 R.
798 2478 996 2511 Sturenbur-
1041 2483 1101 2509 rat.
1122 2477 1215 2508 Fam.
1239 2477 1321 2507 VII.
1347 2477 1395 2507 19.

137 2533 211 2574 gius
233 2534 275 2565 ad
297 2537 377 2564 orat.
399 2543 430 2574 p.
454 2532 579 2564 Archia
603 2543 634 2573 p.
652 2533 688 2563 51
705 2542 793 2573 seqq.
816 2533 892 2564 edit.
904 2533 996 2574 Lips.
1084 2532 1103 2572 ξ
1132 2533 1162 2562 4.
1192 2530 1240 2563 Cf.
1272 2531 1409 2562 Beierus
1439 2531 1479 2561 ad
1509 2528 1576 2560 Cic.
1607 2528 1670 2561 off.
1700 2529 1747 2560 11.
1782 2539 1812 2569 p.
1838 2528 1897 2560 196

142 2587 235 2620 1839.
1042 2593 1107 2625 seq.
1138 2585 1178 2615 In
1201 2584 1310 2615 verbis
1332 2582 1408 2613 Eum
1430 2582 1528 2613 locum
1551 2581 1738 2612 Posidonius
1756 2591 1899 2621 persecu·

178 2639 431 2682 Indiam-ssimum
455 2641 501 2671 est
521 2640 604 2670 hunc
624 2639 740 2670 vivere.
764 2639 859 2670 Prior
879 2649 998 2671 manus
1019 2635 1021 2641 ’
1042 2639 1092 2667 tus
1121 2637 1259 2668 verbum
1292 2638 1338 2667 est
1368 2635 1487 2671 addidi,
1514 2642 1550 2665 ut
1572 2641 1648 2665 ante
1671 2643 1723 2665 me
1746 2634 1898 2665 Klotzius

138 2692 308 2725 Ciceronis
342 2693 501 2725 remansit
534 2693 612 2724 ibid.
647 2693 687 2723 86
723 2691 806 2733 Quid
838 2691 999 2731 indiqnius
1019 2680 1022 2737 J
1042 2688 1172 2721 fecerat.

137 2756 227 2786 quam
249 2745 352 2776 vivere
373 2756 451 2782 eum,
475 2746 527 2787 qui
549 2745 728 2786 imposuerit
751 2745 907 2776 diadema.
1019 2741 1023 2770 l
1083 2744 1137 2774 Ad
1156 2743 1387 2774 Athenodorum
1412 2742 1546 2779 Calvum,
1569 2741 1776 2778 Tarsensem,
1796 2740 1899 2781 philo-

182 2800 202 2840 §
225 2800 253 2830 3.
278 2797 540 2845 Πεπλογραφίαν
569 2799 729 2830 Varronis.
763 2798 928 2830 Plurimae
950 2797 999 2828 vi·
1020 2814 1022 2825 ι
1043 2797 1184 2838 sophum
1220 2796 1379 2834 Stoicum,
1414 2795 1540 2828 Octavii
1572 2801 1824 2836 praeceptorem.
1848 2792 1898 2824 Cf.

138 2866 250 2887 rorum
281 2857 455 2888 doctorum
486 2857 526 2888 de
560 2865 598 2888 eo
631 2856 717 2887 libro
747 2855 919 2896 opiniones
948 2864 1000 2885 co-
1020 2840 1024 2880 l
1044 2851 1138 2892 epist.
1170 2851 1220 2889 14,
1249 2853 1269 2881 4
1291 2856 1323 2882 et
1345 2850 1437 2881 Fam.
1460 2850 1524 2880 111.
1548 2849 1576 2886 7,
1600 2851 1630 2880 5.
1664 2848 1765 2878 Plura
1786 2848 1828 2877 de
1850 2856 1900 2885 eo,

140 2918 297 2950 gnoscere
319 2909 398 2941 licet
419 2918 462 2941 ex
485 2909 589 2940 altera
612 2908 756 2940 editione
776 2907 1000 2939 GalliBecke-
1044 2908 1102 2939 sed
1134 2917 1201 2939 non
1235 2907 1345 2938 omnia
1375 2906 1452 2936 satis
1486 2911 1583 2940 certa,
1614 2902 1742 2944 scripsit
1764 2903 1808 2932 Is.
1835 2901 1900 2932 Eil.

140 2963 225 2994 riani
247 2963 275 2994 Ι.
297 2974 328 3004 p.
349 2963 476 2994 46—52
496 2967 527 2994 et
540 2971 558 2994 e
573 2963 667 2993 docta
682 2961 894 2993 adnotatione
904 2960 1000 2992 Wus-
1046 2959 1311 2992 Harkenrothius
1342 2959 1375 2990 in
1406 2958 1499 2989 Misc.
1534 2956 1670 2988 Observ.
1692 2954 1796 2985 Novis
1818 2953 1898 2984 anni

139 3017 288 3048 tenzanni
310 3017 351 3048 ad
377 3025 453 3048 eum
474 3016 596 3053 locum,
620 3016 707 3046 edita
732 3015 765 3046 in
788 3014 893 3045 Novis
911 3014 1000 3045 Ann.
1021 3007 1024 3069 J
1046 3012 1128 3046 1740
1149 3013 1189 3044 T.
1214 3013 1241 3043 Ι.
1265 3022 1296 3052 p.
1319 3011 1452 3042 49—62.

142 3069 264 3100 Philol.
287 3069 365 3101 Vol.
389 3069 440 3102 57.
462 3079 493 3110 p.
517 3067 694 3100 123—132.
1021 3073 1025 3111 ξ
1087 3062 1168 3110 Περὶ
1194 3065 1256 3097 τοῦ
1284 3075 1316 3096 κ.
1348 3074 1388 3096 π.
1418 3061 1648 3100 καθήκοντος,
1678 3061 1718 3092 de
1740 3070 1788 3097 eo,
1811 3061 1900 3101 quod

185 3123 327 3155 Gravedo
349 3126 416 3155 tua.
438 3122 490 3155 Cf.
512 3124 555 3154 ad
577 3121 624 3154 X.
647 3122 698 3160 10,
721 3123 752 3154 3.
1022 3114 1025 3131 ‘
1046 3131 1105 3163 pro
1126 3131 1162 3154 re
1183 3126 1260 3153 nata
1283 3120 1427 3151 officium
1448 3125 1507 3155 est,
1529 3118 1569 3148 de
1580 3116 1696 3151 officio,
1711 3117 1797 3155 quod
1822 3121 1899 3147 tem-

184 3176 212 3210 0
246 3178 343 3209 Tire,
372 3178 435 3208 His
464 3177 571 3209 verbis
605 3177 796 3216 designatur
832 3175 1001 3207 Ciceronis
1021 3208 1026 3221 Δ
1048 3176 1134 3215 poris
1158 3175 1239 3206 ratio
1263 3173 1418 3213 postulat.
