2062 3565
155 150 240 189 380
554 149 638 190 ΕΡ.
676 148 750 188 AD
783 148 830 188 T.
865 147 1217 189 POMPONIL'M
1251 147 1516 189 ATTICUM.

1014 328 1063 365 Β.

714 412 901 450 CICERO
932 412 972 450 C.
1003 411 1293 449 CUPIENNIO
1324 413 1359 450 S.

218 511 286 550 14.
335 509 494 550 Patrem
539 513 656 550 tuum
700 509 864 564 plurimi
911 508 1002 560 feci,
1036 524 1179 564 meque
1212 509 1279 550 ille
1312 510 1478 551 mirifice
1512 516 1552 551 et
1584 511 1709 552 coluit
1742 516 1781 552 et
1816 526 1921 552 aina-

154 584 224 633 vit,
269 597 343 624 nec
376 582 602 624 mehercule
642 597 821 637 unquam
855 581 957 623 mihi
990 581 1163 623 dubium
1195 582 1287 634 fuit,
1323 583 1421 638 quin
1457 598 1479 624 a
1511 587 1550 624 te
1584 582 1784 639 diligerer.
1836 585 1946 647 Ego·

120 671 134 696 5
154 656 317 712 quidem
361 656 401 697 id
452 656 579 697 facere
628 670 710 697 non
754 655 908 697 destiti.
961 653 1233 707 Quamobrem
1277 660 1370 711 peto
1415 671 1437 697 a
1469 661 1509 697 te
1542 656 1586 697 in
1618 657 1807 699 maiorem
1840 663 1922 699 mo-

157 730 267 780 dum,
314 735 361 771 ut
404 730 608 771 civitatem
652 729 909 770 Buthrotiam
955 728 1138 771 subleves
1173 728 1459 785 decretumque
1493 730 1719 780 consulum,
1754 729 1861 785 quod
1893 729 1924 770 ii

155 803 376 845 secundum
412 802 648 844 Buthrotios
683 802 879 854 fecerunt,
915 817 1040 858 quum
1075 807 1115 843 et
1146 802 1234 857 lege
1268 806 1308 843 et
1331 807 1493 844 senatus
1517 803 1700 844 consulto
1718 801 1924 844 statuendi

155 880 392 931 potestatem
437 875 645 926 haberent,
689 876 758 918 des
803 891 978 932 operam,
1014 882 1061 917 ut
1095 876 1268 917 Plancus
1302 881 1437 918 noster
1471 892 1590 931 quam
1625 877 1799 932 primum
1832 891 1924 917 con-

155 949 284 989 firmet
332 954 373 989 et
417 949 661 1005 comprobet.
722 950 808 991 Hoc
859 956 898 991 te
951 949 1221 1000 vehementer,
1273 951 1326 991 mi
1372 950 1590 1006 Cupienni,
1640 950 1761 992 etiam
1805 954 1924 1005 atque

105 1037 137 1062 lo
155 1022 276 1062 etiam
309 1036 420 1076 rogo.

202 1197 234 1227 (7.
269 1198 449 1238 Cupiennio.
482 1200 652 1240 Nusquam
686 1200 766 1231 alias
800 1201 861 1231 hoc
895 1207 1040 1270 nomen>
1106 1203 1123 1241 ξ
1157 1202 1203 1232 14.
1234 1201 1273 1232 ln
1297 1201 1441 1232 maiorem
1465 1202 1595 1232 modum.
1628 1201 1721 1232 Fam.
1744 1201 1808 1232 XI.
1831 1201 1881 1238 22,
1907 1202 1922 1231 1

154 1252 240 1292 apud
264 1251 458 1284 Ciceronem
481 1253 641 1285 invenias.
661 1253 737 1285 Fuit
760 1261 847 1286 certe
865 1264 939 1286 (tum
957 1255 1015 1286 Ca·
1037 1276 1039 1304 ἓ
1062 1256 1141 1287 Pelo
1171 1268 1189 1287 a
1221 1258 1253 1286 te
1285 1256 1430 1287 maiorem
1464 1256 1497 1286 in
1520 1257 1650 1288 modam.
1676 1256 1718 1295 Q.
1740 1256 1780 1288 fr.
1805 1257 1851 1288 ΙΙ.
1877 1256 1925 1294 14,

155 1305 266 1346 pitone
288 1306 377 1338 inter
399 1306 515 1338 Planci
538 1307 687 1338 comites.
1036 1306 1038 1326 ⁵
1062 1311 1080 1341 3
1105 1309 1179 1340 Eum
1204 1309 1260 1340 tibi
1284 1309 1459 1341 commendo
1480 1309 1514 1341 in
1536 1310 1681 1342 maiorem
1704 1310 1833 1342 modum.

1023 1419 1058 1456 E

622 1504 809 1542 CICERO
838 1504 1040 1543 PLANCO
1069 1506 1248 1544 PRAET.
1281 1506 1388 1544 DES.
1419 1507 1454 1544 S.

222 1603 292 1642 15.
340 1602 507 1656 Ignosce
548 1602 662 1652 mihi,
708 1601 814 1656 quod
858 1616 983 1656 quum
1027 1608 1144 1644 antea
1188 1603 1487 1644 accuratissime
1533 1603 1581 1645 de
1614 1602 1840 1644 Buthrotiis
1874 1602 1923 1644 ad

158 1679 195 1716 te
229 1675 468 1730 scripserim,
503 1674 640 1716 eadem
675 1674 724 1716 de
757 1690 798 1716 re
832 1675 990 1731 saepius
1033 1675 1219 1718 scribam.
1268 1676 1364 1718 Non
1397 1676 1638 1728 mehercule,
1672 1676 1728 1717 mi
1761 1675 1923 1728 Plance,

123 1770 138 1795 5
156 1748 273 1799 facio,
326 1763 404 1802 quo
448 1764 588 1803 parum
633 1748 830 1790 confidam
880 1753 951 1790 aut
995 1748 1230 1791 liberalitati
1272 1754 1367 1791 tuae
1413 1755 1483 1791 aut
1514 1755 1674 1792 nostrae
1708 1750 1922 1800 amicitiae,

157 1821 225 1862 sed
260 1837 384 1876 quum
416 1826 529 1862 tanta
563 1837 625 1862 res
659 1826 800 1876 agatur
835 1822 963 1863 Attici
995 1822 1137 1872 nostri,
1172 1837 1281 1863 nunc
1316 1838 1407 1863 vero
1440 1823 1561 1864 etiam
1594 1822 1853 1873 existimatio,
1878 1827 1924 1864 ut

158 1896 213 1946 id,
260 1895 365 1950 quod
410 1893 594 1950 probavit
637 1894 797 1945 Caesar,
841 1894 958 1936 nobis
1003 1894 1177 1936 testibus
1222 1900 1262 1936 et
1306 1895 1647 1951 obsignatoribus,
1681 1897 1751 1952 qui
1785 1901 1825 1938 et
1858 1897 1924 1938 de-

158 1969 276 2010 cretis
326 1973 365 2009 et
414 1968 614 2022 responsis
663 1968 845 2010 Caesaris
892 1968 1217 2020 interfueramus,
1269 1968 1452 2011 videatur
1501 1970 1682 2011 obtinere
1731 1970 1923 2025 potuisse,

157 2042 388 2097 praesertim
422 2057 544 2096 quum
578 2047 664 2083 tota
697 2047 874 2097 potestas
907 2043 994 2084 eius
1026 2043 1083 2084 rei
1128 2048 1198 2084 tua
1232 2043 1297 2094 sit,
1334 2048 1378 2084 ut
1411 2059 1470 2095 ea,
1505 2034 1607 2099 quae
1641 2044 1824 2086 consules
1857 2043 1924 2085 de-

99 2136 134 2161 10
157 2121 367 2157 creverunt
409 2116 630 2157 secundum
674 2116 855 2157 Caesaris
890 2115 1050 2157 decreta
1084 2121 1124 2157 et
1156 2131 1360 2171 responsa,
1394 2131 1475 2158 non
1510 2116 1641 2158 dicam
1675 2116 1922 2173 comprobes,

156 2187 225 2228 sed
270 2187 447 2230 studiose
489 2189 741 2244 libenterque
786 2189 1034 2245 comprobes.
1085 2192 1156 2230 16.
1202 2189 1250 2231 Id
1297 2189 1399 2230 mihi
1444 2190 1500 2231 sic
1544 2191 1620 2232 erit
1659 2195 1833 2246 gratum,
1879 2195 1925 2232 ut

155 2260 266 2301 nulla
299 2276 360 2302 res
392 2262 542 2316 gratior
575 2277 659 2303 esse
694 2261 834 2316 possit.
889 2262 974 2303 Etsi
1009 2262 1089 2302 iam
1125 2260 1346 2317 sperabam,
1382 2277 1507 2316 quum
1541 2263 1613 2305 has
1645 2264 1782 2306 literas
1815 2279 1923 2306 acce-

153 2333 293 2388 pisses,
341 2334 423 2375 fore
470 2339 516 2376 ut
560 2350 619 2385 ea,
665 2349 765 2388 quae
811 2333 1085 2389 superioribus
1128 2334 1256 2376 literis
1298 2350 1320 2376 a
1353 2339 1391 2376 te
1426 2336 1678 2391 petissemus,
1711 2338 1924 2393 impetrata

153 2412 300 2459 essent,
348 2414 483 2450 tamen
528 2424 611 2450 non
644 2408 788 2449 faciam
819 2409 938 2449 finem
971 2408 1156 2463 rogandi,
1191 2409 1324 2464 quoad
1358 2408 1476 2451 nobis
1508 2411 1743 2453 nuntiatum
1776 2412 1852 2453 erit
1883 2416 1922 2452 te

98 2490 131 2517 15
152 2480 194 2520 id
228 2480 383 2531 fecisse,
419 2481 527 2536 quod
570 2496 717 2536 magna
763 2496 853 2522 cum
889 2496 958 2536 spe
992 2486 1284 2537 exspectamus.
1321 2482 1477 2524 Deinde
1511 2483 1616 2524 enim
1651 2484 1808 2525 confido
1841 2484 1923 2525 fore

153 2558 200 2594 ut
233 2554 311 2595 alio
344 2570 488 2610 genere
520 2556 728 2597 literarum
762 2559 924 2596 utamur
957 2555 1114 2610 tibique
1149 2571 1219 2611 pro
1252 2560 1323 2596 tuo
1357 2571 1513 2597 summo
1547 2556 1741 2599 beneficio
1774 2558 1922 2612 gratias

153 2642 334 2682 agamus.
387 2628 507 2680 Quod
552 2628 585 2669 si
630 2628 836 2679 acciderit,
885 2629 1003 2670 velim
1040 2629 1095 2670 sic
1130 2630 1349 2679 existimes
1384 2645 1465 2671 non
1498 2630 1575 2671 tibi
1608 2636 1690 2672 tam
1723 2632 1921 2682 Atticum,

154 2701 269 2742 cuius
309 2717 528 2758 permagna
570 2717 632 2743 res
679 2702 826 2758 agitur,
863 2718 983 2757 quam
1016 2718 1093 2754 me,
1129 2703 1200 2758 qui
1233 2718 1315 2744 non
1349 2703 1484 2744 minus
1516 2703 1654 2745 laboro
1687 2719 1806 2759 quam
1839 2704 1920 2754 ille,

154 2773 377 2830 obligatum
412 2775 510 2816 fore.

1017 2881 1065 2918 F.

775 2976 962 3014 CICERO
993 2978 1236 3015 CAPITONI
1267 2979 1301 3015 S.

222 3075 289 3113 17.
335 3073 429 3113 Non
474 3071 617 3113 dubito
661 3073 759 3127 quin
805 3072 946 3113 mirere
991 3077 1111 3128 atque
1152 3074 1272 3114 etiam
1317 3073 1578 3123 stomachere,
1626 3072 1733 3128 quod
1785 3077 1917 3114 tecum

155 3148 201 3187 (Ιέ
245 3145 380 3185 endem
428 3161 465 3185 re
518 3159 631 3196 agam
667 3145 838 3199 saepius.
875 3145 1063 3186 Hominis
1097 3146 1397 3189 familiarissimi
1431 3151 1466 3186 et
1504 3146 1603 3189 mihi
1638 3145 1827 3190 omnibus
1861 3161 1901 3189 re

2034 3049 2062 3565 l
