2062 3565
671 141 774 183 LIB.
811 141 934 184 XIII.
970 141 1053 183 ΕΡ.
1092 143 1162 183 47.
1202 146 1271 183 4⁸.
1778 143 1862 183 263

96 278 212 321 Pilia.
249 280 290 320 2.
323 278 378 320 're
411 292 526 333 spero
559 292 651 319 cum
686 276 863 319 Publilio
896 276 1129 319 confecisse.
1167 278 1366 334 Equidem
1406 279 1497 321 Kal.
1522 279 1565 320 in
1588 278 1863 320 Tusculanum

95 365 308 394 recurram.
354 351 422 393 Me
467 351 574 393 enim
620 351 784 393 absente
830 351 966 393 omnia
1008 366 1100 393 cum
1146 352 1226 394 illis
1272 354 1440 408 transigi
1476 352 1594 394 malo.
1644 350 1698 397 Q..
1732 351 1864 392 fratris

95 424 301 482 epistolam
336 423 387 466 ad
419 429 460 465 te
492 425 598 475 misi,
633 440 714 467 non
748 426 844 467 satis
878 425 1053 466 humane
1088 426 1195 467 illam
1233 427 1395 481 quidem
1429 425 1736 482 respondentem
1765 426 1863 467 meis

95 497 236 549 literis,
269 497 338 540 sed
370 502 506 540 tamen
541 498 647 554 quod
682 497 757 540 tibi
791 499 889 541 satis
920 499 986 549 sit,
1022 504 1070 540 ut
1101 500 1287 554 equidem
1323 502 1524 544 existimo.
1557 501 1620 542 Tu
1654 499 1824 542 videbis.

96 643 249 695 Klgtzius
271 663 452 705 perfectum
475 663 650 695 revocavit.
681 662 766 694 Nam
791 663 851 694 etsi
874 673 954 694 non·
975 671 979 706 ξ
1045 665 1062 703 ξ
1087 666 1114 695 2.
1145 664 1217 695 (Tum
1234 664 1366 696 Publilio
1380 665 1560 705 confecisse.
1575 664 1625 697 Cf.
1641 674 1692 706 ep.
1706 665 1758 696 34.
1784 664 1866 705 Agi-

95 716 175 748 dum
209 722 354 757 venerat,
387 716 533 748 voluntas
561 722 673 748 tamen
703 721 772 748 erat
800 722 889 748 certa
923 723 957 748 et
977 710 984 815 ’ἰ
1005 723 1057 749 tur
1078 718 1119 749 de
1140 719 1216 750 dote
1240 718 1405 750 Publiliae
1428 718 1605 750 reddenda.

96 769 249 812 perfecta.

646 889 858 932 XLVIII.
924 890 990 943 (A.
1031 889 1076 931 U.
1115 890 1156 930 e.
1195 890 1312 943 709.)

162 1020 202 1060 1.
246 1018 347 1060 Heri
389 1019 524 1061 nescio
573 1017 671 1074 quid
715 1017 759 1058 in
798 1017 971 1073 strepitu
1015 1017 1151 1059 videor
1194 1017 1418 1067 exaudisse,
1465 1033 1590 1073 quum
1641 1018 1794 1059 diceres
1828 1024 1866 1059 te

96 1093 139 1134 in
170 1092 444 1135 Tusculanum
478 1097 716 1142 venturum3
751 1090 860 1146 quod
893 1090 1074 1132 utinam!
1111 1091 1257 1132 iterum
1292 1090 1474 1132 utinam!
1511 1097 1583 1132 tuo
1606 1096 1742 1133 tamen
1761 1106 1866 1133 com-

98 1165 230 1208 modo.
274 1166 403 1222 Lepta
442 1181 505 1208 me
546 1170 663 1221 rogat
705 1170 766 1216 ut,
812 1165 845 1206 si
889 1164 987 1220 quid
1033 1164 1111 1206 sibi
1155 1180 1255 1220 opus
1308 1165 1373 1214 sit,
1409 1179 1627 1207 accurram.
1678 1165 1867 1207 Mortuus

98 1241 187 1294 (est)
230 1239 338 1281 enim
381 1239 608 1282 Babullius.
658 1239 818 1289 Caesar,
867 1238 1024 1294 opinor,
1069 1253 1117 1279 ex
1158 1238 1293 1288 uncia,
1338 1238 1414 1278 etsi
1457 1237 1559 1279 nihil
1608 1238 1753 1290 adhuc,
1798 1239 1868 1280 sed

96 1313 224 1369 Lepta
255 1327 303 1355 ex
334 1313 495 1356 triente.
531 1313 703 1355 Veretur
733 1316 869 1354 autem
890 1327 942 1354 ne
964 1327 1047 1353 non
1069 1311 1189 1352 liceat
1211 1316 1346 1353 tenere
1371 1311 1648 1363 hereditatem,
1672 1309 1868 1372 ἀλόγως

97 1387 275 1438 omnino,
315 1387 385 1429 sed
429 1392 587 1430 veretur
630 1392 780 1428 tamen.
833 1386 874 1427 Is
917 1385 1043 1441 igitur
1083 1385 1117 1426 si
1151 1384 1327 1434 accierit‚
1363 1399 1588 1437 accurram3
1624 1386 1685 1427 sin
1719 1386 1867 1436 minus,

98 1462 124 1505 †
146 1465 238 1503 ante
282 1476 403 1517 quam
445 1475 605 1502 necesse
646 1459 736 1501 erit.
790 1461 830 1500 2.
863 1459 926 1500 Tu
959 1457 1167 1507 Pollicem,
1203 1472 1328 1512 quum
1362 1457 1524 1512 poteris.
1575 1457 1869 1500 Laudationem

99 1534 263 1576 Porciae
295 1534 373 1577 tibi
405 1535 497 1576 misi
530 1539 747 1575 correctam
759 1551 770 1584 ;
806 1531 905 1573 adeo
938 1531 1162 1587 properavi,
1198 1537 1257 1581 ut,
1293 1531 1327 1571 si
1360 1530 1461 1571 forte
1495 1536 1566 1572 aut
1584 1531 1764 1574 Domitio
1788 1532 1869 1574 filio

98 1612 170 1650 aut
202 1608 330 1651 Bruto
364 1608 602 1658 mitteretur,
635 1606 734 1648 haec
767 1606 1008 1648 mitteretur.
1053 1604 1103 1647 Id
1137 1605 1170 1645 si
1203 1603 1280 1646 tibi
1314 1604 1390 1646 erit
1423 1605 1689 1656 commodum,
1724 1621 1869 1662 magno

99 1696 216 1738 opere
259 1697 373 1724 cures
416 1681 550 1731 velim,
590 1684 631 1721 et
674 1679 792 1720 velim
838 1677 899 1720 M.
944 1678 1138 1719 Varronis
1183 1683 1222 1719 et
1255 1677 1377 1719 Lollii
1409 1677 1547 1719 mittas
1580 1678 1867 1729 laudationem,

97 1754 219 1797 Lollii
252 1755 406 1811 utique.
441 1755 549 1797 Nam
582 1754 691 1795 illam
724 1753 818 1809 legi,
853 1753 942 1794 volo
974 1757 1110 1794 tamen
1144 1756 1364 1807 regustare.
1416 1751 1626 1803 Quaedam
1660 1753 1767 1794 enim
1802 1753 1868 1793 vix

98 1827 198 1872 mihi
231 1828 350 1871 credo
382 1828 540 1885 legisse.

139 1996 160 2025 4
184 1993 328 2025 Mortuus
349 1994 432 2025 enim
455 2012 495 2017 —-
518 1993 596 2025 ibid.
629 2003 668 2024 ez·
691 1993 785 2024 ancia
808 2011 849 2042 .-
871 1994 931 2024 elez'
961 1991 1043 2024 m'lzil
1077 1990 1183 2022 adhuc
1207 2010 1244 2015 —
1265 1992 1323 2022 sed
1352 1992 1390 2025 L.
1412 2009 1454 2016 -
1475 1993 1506 2033 8!
1529 2001 1591 2023 non
1623 1994 1791 2033 antequam
1827 2006 1871 2013 —

94 2048 114 2080 9
137 2057 172 2079 eo
189 2047 359 2089 properavi
385 2063 419 2069 -

141 2194 160 2234 ξ
191 2194 219 2224 1.
256 2193 297 2224 In
325 2193 469 2234 strepitu.
504 2192 584 2224 Fuit
606 2193 707 2234 igitur
730 2195 763 2225 in
786 2195 878 2231 urbe,
901 2194 959 2226 sed
984 2205 986 2225 ς
1051 2193 1223 2235 Antequam
1246 2201 1371 2223 necesse
1392 2193 1466 2224 erit.
1489 2192 1648 2224 Graevius
1671 2191 1796 2222 addidit
1809 2201 1870 2222 non

98 2248 214 2280 eodem
235 2247 289 2279 die
310 2247 345 2278 in
368 2247 599 2278 Tusculanum
623 2248 729 2286 rediit,
746 2253 783 2279 ut
794 2247 959 2279 facturum
983 2236 986 2259 '
1009 2247 1043 2278 in
1066 2247 1154 2279 Med.
1177 2247 1347 2278 omissum.
1371 2247 1445 2278 Alii
1467 2247 1613 2278 retinent
1646 2245 1736 2276 haud
1757 2256 1775 2277 a
1797 2246 1870 2277 Ma-

98 2311 134 2333 se
155 2302 284 2343 scripsit
305 2311 356 2343 ep.
379 2301 418 2334 47
445 2301 466 2331 b
501 2302 530 2332 2.
983 2295 986 2308 '
1007 2303 1100 2334 nutio
1137 2303 1308 2334 insertum.
1348 2302 1425 2333 Non
1461 2311 1590 2343 sperno,
1619 2302 1708 2343 quod
1734 2301 1869 2333 Sturen-

141 2355 250 2396 Lepta.
280 2355 336 2387 Ad
365 2355 455 2386 hunc
484 2355 551 2387 illis
572 2356 653 2397 ipsis
671 2357 788 2389 diebus
810 2358 900 2389 dedit
924 2357 959 2388 li·
1008 2357 1143 2397 burgius
1166 2357 1207 2388 ad
1229 2356 1436 2388 Archianam
1458 2367 1492 2397 p.
1515 2356 1577 2387 206
1609 2355 1752 2387 coniecit
1769 2355 1869 2387 neuti-

100 2414 194 2446 teras,
225 2418 310 2450 qnae
339 2409 558 2441 inveniuntur
584 2409 679 2440 Fam.
709 2410 772 2441 VI.
799 2410 847 2448 19,
871 2411 960 2442 unde
1007 2421 1097 2452 qaam
1120 2420 1178 2452 pro
1201 2412 1380 2452 antequam.

99 2463 253 2494 timidum
284 2462 428 2494 hominis
459 2462 609 2494 animum
640 2465 883 2505 cognoscimus.
918 2465 959 2496 In
1050 2464 1068 2504 ξ
1090 2464 1119 2494 2.
1145 2462 1369 2494 Laudationem
1393 2463 1536 2494 Porciae.
1561 2462 1611 2494 Cf.
1634 2472 1684 2504 ep.
1709 2462 1756 2500 37,
1781 2464 1810 2494 3.

101 2517 316 2558 sequentibus
338 2522 426 2548 recte
451 2515 597 2549 Orellius
627 2518 839 2550 scribendum
860 2516 958 2550 vidit:
1050 2517 1136 2548 Adeo
1165 2517 1341 2558 properavi.
1388 2517 1546 2548 Proxime
1584 2517 1665 2548 haec
1703 2517 1864 2557 scriptura

103 2569 246 2601 Mortuus
270 2571 346 2609 (est)
370 2569 450 2601 enim
479 2569 658 2601 Babullius.
695 2571 826 2604 Nomen
849 2577 960 2604 tamen
1007 2571 1133 2602 accedit
1155 2571 1196 2602 ad
1218 2570 1361 2602 Medicei
1395 2571 1513 2601 ductus
1542 2579 1627 2607 aveo,
1664 2570 1751 2611 quod
1781 2570 1868 2600 male

102 2636 167 2658 non
192 2630 330 2667 praesto.
1007 2629 1169 2655 mutatum
1193 2625 1226 2656 in
1250 2634 1289 2655 ac
1311 2634 1356 2655 eo.
1380 2624 1420 2655 In
1443 2623 1549 2654 Tullii
1572 2623 1662 2654 enim
1684 2623 1811 2664 scriptis
1828 2633 1867 2654 ac

143 2679 212 2710 Etsi
234 2678 317 2710 nihil
338 2678 442 2710 adhuc
464 2679 623 2710 omissum
645 2684 762 2721 putant
785 2681 864 2711 certi
885 2681 960 2712 scio.
1008 2683 1085 2710 ante
1107 2678 1255 2710 vocalem
1285 2688 1352 2709 non
1386 2682 1434 2709 est
1462 2677 1682 2708 tolerandum.
1721 2676 1865 2709 Orellius

101 2735 193 2766 Dura
214 2734 350 2775 ellipsis.
373 2734 559 2775 Aliquanto
582 2733 690 2766 lenius
713 2739 813 2766 esset:
838 2736 898 2766 ειη·
917 2735 961 2766 ni-
1004 2743 1064 2764 cur
1085 2732 1242 2764 maluerit
1262 2742 1338 2763 cum
1361 2731 1526 2763 Lambino
1540 2731 1682 2762 scribere
1694 2740 1729 2761 eo
1743 2730 1866 2761 nescio.

102 2787 150 2818 ltil
170 2787 216 2818 ad
236 2787 320 2818 hune
342 2796 386 2817 sc.
408 2789 455 2817 est
477 2786 531 2817 vel
547 2787 698 2827 pertinet,
721 2794 757 2818 ut
777 2788 858 2820 haec
881 2790 962 2820 oria-
1047 2785 1143 2816 Lollii
1166 2795 1289 2817 nomen
1315 2786 1362 2816 bis
1385 2794 1428 2816 ex
1449 2785 1584 2825 antiqua
1599 2784 1802 2815 correctione
1819 2793 1865 2815 re-

101 2845 154 2871 tur
176 2839 355 2871 sententia:
381 2838 558 2871 Babullius
578 2839 708 2880 scripsit
721 2839 895 2872 Caesarem
907 2842 962 2873 he·
984 2845 987 2884 Ι
1004 2839 1158 2880 positum,
1173 2839 1234 2871 etsi
1251 2839 1413 2870 incertum
1428 2844 1485 2874 est,
1499 2847 1628 2869 servare
1645 2837 1745 2867 malui
1765 2847 1862 2877 quam

102 2893 215 2925 redem
237 2901 280 2924 ex
303 2892 409 2929 uncia,
433 2892 495 2923 etsi
518 2891 611 2922 nulla
627 2893 772 2924 amicitia
788 2894 850 2926 sibi
869 2894 962 2926 iunc-
984 2887 987 2904 '
1005 2896 1149 2936 recipere
1170 2905 1188 2927 e
1210 2895 1298 2926 Med.
1325 2894 1400 2925 Olli.
1438 2894 1526 2925 Vide
1548 2898 1657 2924 tamen
1681 2902 1722 2924 ne
1744 2893 1778 2924 in
1801 2893 1864 2924 hoc

104 2950 185 2976 mm·
1006 2951 1106 2982 lateat
1126 2959 1249 2981 nomen
1272 2949 1309 2981 C.
1333 2948 1440 2989 Oppii,
1476 2958 1576 2989 quem
1598 2947 1795 2978 Plutarchus
1827 2947 1859 2977 in

149 2999 267 3031 Tenere
287 2999 509 3030 hereditatem.
539 2999 614 3030 Non
638 3001 774 3032 memini
797 3001 877 3032 alibi
911 3011 964 3033 me
1007 3004 1184 3046 Pomp,10‚
1200 3005 1234 3035 in
1250 3003 1346 3036 Caes.
1363 3003 1401 3036 17
1416 3004 1502 3034 inter
1517 3002 1688 3042 scriptores
1701 3001 1860 3032 nominat.

105 3051 190 3084 hanc
212 3052 387 3084 formulam
411 3052 532 3083 videre.
564 3051 630 3083 Sed
655 3053 688 3084 in
712 3054 851 3095 epistola
873 3054 964 3085 fanu-
986 3087 988 3090 Α
1050 3058 1185 3100 Leqisse.
1210 3057 1277 3095 Qui
1300 3056 1466 3087 infinitivo
1487 3055 1660 3086 subiicitur
1681 3063 1786 3084 accus.
1816 3064 1862 3084 me

105 3105 180 3136 liari
202 3115 269 3136 non
292 3105 415 3137 debent
437 3105 548 3136 onmia
571 3105 662 3146 exigi
681 3107 722 3137 ad
743 3106 898 3138 ICtorum
919 3107 965 3138 di·
986 3101 989 3110 *
1008 3117 1094 3143 recte
1116 3112 1150 3142 in
1175 3111 1263 3141 Med.
1287 3110 1387 3140 abest.
1412 3109 1477 3139 Pro
1500 3107 1593 3138 credo
1616 3106 1721 3145 magis
1736 3106 1861 3138 Tullia-

105 3159 291 3200 ligentiaffl·
987 3190 990 3196 ,
1009 3175 1090 3197 ηιιηι
1112 3174 1182 3196 esse
1206 3163 1311 3194 videor
1334 3162 1487 3194 Klotzius
1512 3170 1586 3193 vere
1609 3161 1768 3191 observat.

1894 1621 1929 1646 10
