2062 3565
98 1548 132 1573 10

152 140 237 181 362
568 142 650 182 ΕΡ.
687 140 761 180 AD
793 139 839 180 T.
874 137 1224 180 POMPONIUM
1259 135 1521 178 ATTICUM.

151 277 272 319 habet
304 278 338 318 is
370 277 482 317 106115
519 300 574 305 —
609 274 789 329 fugiam?
808 273 834 315 †
867 273 1049 324 Romam,
1084 288 1133 314 ne
1167 272 1452 322 desideremur,
1487 272 1520 313 si
1552 272 1650 326 quid
1685 276 1818 314 actum
1853 272 1908 313 vi-

151 350 324 392 debitur.
359 349 449 390 Hoc
483 348 608 403 igitur
642 347 810 403 explica.
844 347 1067 403 Nunquam
1099 347 1142 389 in
1176 347 1322 389 maiore
1355 342 1543 406 ἀπορίᾳ
1576 345 1649 388 fui.

151 509 258 540 stione
280 518 375 550 posse
397 508 512 549 reponi
536 517 602 538 non
626 508 732 538 credo.
772 509 883 545 Quare
906 508 1006 547 51151ιί-
1057 516 1106 547 cp.
1134 507 1162 537 9.
1201 505 1316 543 Metuo,
1341 517 1379 538 ne
1400 516 1479 548 quae
1501 504 1658 553 ἀριστεία
1695 518 1740 539 me
1775 508 1910 539 ahsente.

151 572 206 592 cor
227 561 366 592 verbum
388 561 559 597 excidisse,
582 566 619 591 ut
640 560 732 597 malo,
756 561 845 601 quod
857 568 934 592 ante
949 561 1008 592 Ro·
1034 571 1037 606 3
1059 563 1222 604 Cupiebat
1244 563 1359 595 Cicero
1381 564 1448 595 suis
1470 563 1618 595 consiliis
1647 574 1769 605 suaque
1797 569 1908 595 aucto-

151 625 229 645 mam
251 623 270 645 a
292 613 434 644 librariis
457 613 646 654 neglectum
671 612 807 644 fortasse
829 613 864 643 in
877 612 1009 654 fuqz'am
1035 610 1037 646 ἰ
1056 617 1153 648 ritate
1174 626 1244 648 rem
1267 622 1373 647 actam
1394 617 1548 648 adiuvare
1574 626 1711 658 eamque
1733 617 1910 648 adbonum

151 680 208 710 pro
223 668 319 710 fuqio
342 669 424 700 malo
445 669 534 700 latet.
1035 664 1185 705 {exitum
1221 670 1408 711 perducere.
1439 669 1489 702 Cf.
1522 670 1647 702 Moseri
1679 669 1793 711 Symb.
1829 669 1909 702 crit.

194 722 240 754 Ne
263 722 484 760 desiderentur,
507 722 535 753 ,η’
555 721 631 764 quid
651 724 753 752 actum
768 721 933 753 videbitur.
958 722 1002 754 Cf
1034 708 1038 764 2
1058 723 1160 754 VIII.
1183 733 1213 764 p.
1235 723 1284 754 20.

772 829 850 870 IX.
916 830 981 882 (A.
1023 829 1067 870 U.
1107 831 1148 870 C.
1186 829 1304 883 710.)

213 946 338 986 ‘Binae
390 960 470 986 uuo
519 944 582 985 die
633 944 731 985 mihi
776 944 913 985 literae
962 944 1012 986 ab
1063 945 1233 987 Octavio
1242 963 1252 996 3
1296 959 1404 986 nunc
1456 944 1631 999 quidem,
1664 951 1710 986 ut
1742 945 1909 987 Romam

152 1019 287 1061 statim
333 1019 503 1070 veniam,
556 1018 654 1060 velle
700 1034 738 1060 se
788 1033 870 1060 rem
919 1033 1034 1074 agere
1079 1033 1147 1075 per
1193 1023 1390 1060 senatum.
1440 1018 1517 1060 Cui
1561 1033 1648 1073 ego,
1682 1034 1763 1060 non
1797 1034 1910 1074 posse

152 1097 335 1135 senatum
369 1098 460 1134 ante
495 1092 586 1134 Kal.
622 1092 710 1133 Ian.
725 1111 735 1143 ;
771 1092 879 1148 quod
913 1093 1073 1147 quidem
1107 1093 1166 1134 ita
1199 1091 1329 1134 credo.
1382 1092 1456 1133 Ille
1489 1097 1623 1134 autem
1656 1091 1770 1133 addit
1802 1107 1912 1134 6011-

152 1166 284 1207 silio
316 1171 423 1206 tuo.
465 1164 576 1217 Quid
610 1165 764 1206 multa?
797 1165 871 1206 me
905 1171 1044 1221 urget:
1080 1180 1153 1221 ego
1187 1172 1321 1206 autem
1356 1164 1658 1222 σκήπτομαι.
1691 1166 1785 1206 Non
1820 1180 1912 1206 6011-

152 1239 229 1281 fido
262 1239 399 1281 aetati.
432 1240 580 1295 Ignoro
614 1254 693 1294 quo
726 1239 874 1281 animo.
909 1239 981 1282 Nil
1014 1240 1098 1281 sine
1133 1240 1264 1282 Pansa
1296 1246 1366 1281 tuo
1400 1239 1503 1281 volo.
1538 1240 1686 1280 Vereor
1708 1254 1757 1280 ne
1780 1238 1912 1281 valeat

152 1313 368 1363 Antonius,
411 1328 484 1354 nec
530 1327 552 1353 a
601 1313 700 1354 mari
745 1312 949 1355 discedere
988 1312 1088 1355 libet
1128 1319 1168 1355 et
1202 1318 1336 1354 metuo
1369 1328 1419 1354 ne
1453 1328 1555 1368 quae
1588 1309 1816 1371 ἀριστεία
1850 1328 1911 1354 1116

151 1386 329 1428 absente.
364 1386 537 1427 Varroni
570 1385 733 1441 quidem
766 1386 953 1442 displicet
986 1387 1198 1428 consilium
1233 1386 1360 1442 pueri,
1396 1386 1495 1427 mihi
1525 1401 1607 1427 non
1641 1386 1712 1427 sic.
1758 1386 1912 1428 Firmas

152 1461 286 1517 copias
335 1459 470 1511 habet,
505 1460 676 1500 Brutum
710 1459 855 1501 habere
890 1465 1035 1515 potest,
1070 1475 1151 1501 rem
1185 1458 1289 1516 gerit
1323 1460 1468 1515 palam,
1503 1460 1704 1500 centuriat
1735 1460 1911 1515 Capuae,

151 1534 392 1576 dinumerat.
442 1534 527 1575 Iam
571 1534 731 1590 iamque
776 1535 890 1576 video
939 1534 1102 1576 bellum.
1156 1534 1221 1576 Ad
1267 1534 1364 1575 haec
1409 1531 1596 1575 rescribe.
1644 1532 1913 1576 Tabellarium

152 1623 284 1650 meum
319 1607 492 1649 Kalend.
527 1607 655 1649 Roma
688 1608 911 1664 profectum
946 1609 1032 1650 sine
1065 1608 1147 1650 tuis
1181 1608 1308 1649 literis
1342 1608 1480 1649 miror.

195 1776 213 1807 8
237 1775 311 1806 mihi
334 1785 404 1805 non.
428 1774 462 1803 Si
473 1774 589 1814 firma-5
608 1791 646 1796 —
671 1772 689 1803 9
705 1774 810 1813 potest
818 1786 828 1808 ;
854 1774 882 1803 et
907 1782 969 1804 rem
994 1791 1033 1796 —

203 1920 336 1953 Varroni
358 1920 504 1961 displice!
533 1919 695 1951 consilium
712 1920 816 1960 pueri,
842 1920 916 1950 mihi
939 1930 1010 1951 non.
1032 1943 1033 1961 ³
1057 1919 1112 1952 Sic
1133 1921 1254 1952 dicitur
1269 1931 1327 1961 pro
1349 1920 1439 1958 adeo,
1461 1919 1564 1951 valde.

154 1976 304 2006 Moserus
326 1973 441 2014 symb.
466 1972 546 2004 Crit.
569 1972 631 2003 VI.
658 1973 676 2003 9
699 1973 837 2010 dubitat,
872 1983 952 2004 num
976 1973 1010 2004 in
1032 1978 1035 2015 ¹:
1098 1975 1221 2006 Firmae
1243 1974 1335 2005 habet
1358 1974 1472 2015 copias,
1505 1973 1638 2004 Brutum
1660 1973 1775 2004 habere
1801 1974 1914 2013 potest,

153 2030 220 2060 fine
243 2038 272 2059 v.
298 2026 443 2068 displicet
466 2027 509 2058 sit
531 2027 754 2067 repetendum.
777 2026 830 2058 Cf.
855 2028 895 2058 ad
911 2026 1011 2059 XIV.
1033 2021 1036 2064 ἶ
1058 2038 1121 2059 rem
1139 2027 1224 2069 qerit
1240 2028 1360 2068 palam.
1398 2025 1438 2057 Et
1461 2031 1548 2058 ante*
1559 2036 1622 2057 rem
1653 2036 1710 2057 cur
1733 2025 1914 2058 deleverim

154 2083 204 2120 12,
228 2083 256 2113 2.
289 2081 333 2113 Et
355 2090 433 2112 sane
457 2091 523 2111 11011
547 2081 630 2112 solet
653 2080 767 2112 Cicero
790 2080 836 2112 sic
859 2082 946 2112 nude
977 2082 1012 2112 in
1034 2073 1036 2099 Ι
1058 2090 1166 2118 1161110,
1190 2081 1246 2121 qui
1269 2080 1438 2112 Ciceronis
1459 2090 1557 2111 usum
1579 2079 1680 2115 novit,
1704 2089 1772 2110 non
1794 2078 1893 2110 videt.

155 2140 304 2166 extrema
325 2133 491 2165 sententia
513 2143 573 2164 non
587 2143 718 2174 ponere,
734 2142 936 2174 quamquam
950 2134 1012 2165 hoc
1035 2130 1037 2153 '¹
1104 2133 1268 2164 Centuriat
1290 2143 1325 2164 o:
1359 2139 1532 2164 veteranos
1554 2132 1588 2163 in
1612 2131 1775 2163 centurias
1797 2132 1913 2162 descri-

156 2188 270 2220 statuit
291 2186 446 2218 Handius
469 2187 565 2218 Turs.
589 2187 651 2218 IV.
673 2197 703 2228 p.
727 2187 797 2224 268,
821 2188 879 2227 qui
902 2194 1012 2219 tamen
1035 2180 1037 2210 Ε
1060 2189 1107 2220 bit
1129 2190 1233 2230 iisque
1256 2189 1443 2230 quingenos
1465 2187 1617 2219 denarios
1639 2188 1703 2224 dat,
1728 2193 1765 2218 ut
1786 2187 1915 2228 scripsit

155 2247 284 2282 praeter
305 2240 386 2271 haec
408 2240 475 2271 duo
499 2249 540 2271 ex
564 2240 711 2281 epistolis
735 2240 829 2270 nulla
859 2240 1013 2281 exempla
1059 2242 1175 2274 Cicero
1198 2252 1247 2284 ep.
1270 2244 1301 2280 8,
1324 2243 1351 2273 1.
1385 2242 1554 2273 Victorius
1583 2251 1615 2273 v.
1644 2240 1824 2272 centuriare
1846 2251 1914 2272 mu-

155 2294 279 2325 citavit.
301 2293 368 2324 Sed
388 2293 422 2323 h.
447 2293 467 2323 l.
492 2293 618 2334 scripsit
639 2292 753 2324 Cicero
776 2293 851 2323 mihi
873 2303 935 2324 non
958 2293 1013 2331 sic,
1034 2302 1037 2348 ἰ
1058 2296 1143 2327 nivit
1164 2297 1236 2327 loco
1259 2306 1301 2328 ex
1325 2301 1404 2327 orat.
1428 2296 1467 2326 ad
1493 2295 1586 2333 Quir.
1608 2300 1681 2336 post
1703 2296 1771 2327 red.
1790 2295 1839 2326 13.
1860 2295 1915 2326 Li-

156 2348 245 2379 unde
267 2347 388 2378 factum
412 2346 446 2377 in
469 2347 493 2377 Z
515 2346 552 2383 si,
576 2347 664 2387 quod
686 2347 773 2378 male
790 2347 928 2387 reliquis
944 2357 1015 2378 ver·
1034 2349 1037 2370 ·
1060 2349 1132 2380 vius
1155 2349 1239 2380 XII.
1261 2350 1301 2379 38
1325 2354 1435 2380 narrat
1457 2348 1576 2390 equites
1597 2348 1788 2387 decuriatos,
1811 2350 1915 2380 centu-

158 2403 208 2434 bis
230 2402 370 2438 additur,
401 2406 438 2432 ut
473 2401 627 2432 librarius
650 2403 721 2432 cod.
744 2400 890 2433 Gudiani
913 2402 1012 2433 Tusc.
1034 2371 1037 2449 i
1058 2401 1160 2432 riatos
1179 2401 1310 2441 pedites.

158 2456 224 2487 ΙΠ.
247 2455 287 2486 22
320 2464 378 2495 pro
400 2453 446 2484 sic
469 2453 615 2485 dicuntur
637 2455 767 2496 scripsit
795 2455 824 2485 si
854 2454 1014 2486 dicuntur.
1035 2452 1037 2491 Ι

791 2559 842 2603 Χ.
909 2562 970 2613 (Α.
1011 2561 1052 2602 U.
1087 2560 1128 2603 0.
1166 2562 1279 2615 710.)

227 2679 265 2718 1.
311 2689 391 2718 vn.
436 2675 499 2716 Id.
545 2676 635 2716 veni
668 2676 717 2717 ad
751 2691 813 2717 me
845 2677 888 2717 in
922 2675 1224 2718 Sinuessanum.
1259 2675 1410 2717 Eodem
1445 2676 1509 2717 die
1543 2676 1663 2730 vulgo
1697 2675 1914 2731 loqueban-

160 2755 226 2791 tur
272 2748 493 2790 Antonium
538 2763 769 2790 mansurum
813 2764 897 2790 esse
941 2749 1123 2790 Casilini.
1172 2749 1315 2803 Itaque
1361 2748 1514 2789 mutavi
1558 2748 1784 2790 consilium.
1829 2749 1915 2790 Sta-

161 2830 316 2866 tueram
350 2822 455 2864 enim
489 2826 597 2862 recta
631 2823 763 2878 Appia
808 2823 990 2864 Romam.
1025 2823 1159 2864 Facile
1191 2837 1254 2863 me
1285 2821 1353 2862 1116
1386 2828 1489 2863 esset
1522 2826 1742 2863 assecutus.
1787 2822 1916 2864 Aiunt

210 2988 283 3019 VII.
307 2988 358 3020 Id.
383 2988 410 3019 E
433 2987 672 3028 subscriptione
685 2987 842 3027 epistolae
858 2986 1012 3017 manifes-
1063 2986 1103 3017 In
1127 2987 1216 3017 Med.
1238 2987 1327 3026 quod
1347 2987 1503 3027 scriptum
1527 2991 1576 3017 est
1601 2986 1661 3018 CN
1686 2986 1782 3027 plane
1803 2986 1914 3017 absur-

163 3050 231 3073 tum
255 3046 303 3072 est
324 3051 391 3072 non
415 3041 517 3071 alium
539 3039 626 3070 diem
648 3039 701 3070 hic
723 3049 817 3080 posse
839 3039 1015 3070 nominari.
1063 3039 1142 3069 dum
1171 3043 1229 3069 est.
1268 3038 1387 3069 Bosius
1420 3039 1546 3070 addidit
1575 3038 1660 3076 Kal„
1689 3040 1777 3080 quod
1799 3049 1913 3070 verum

164 3095 331 3127 Victorius
353 3094 388 3125 in
412 3104 470 3125 suo
492 3093 603 3125 codice
626 3093 797 3124 invenerat
826 3091 873 3122 VI
892 3092 963 3123 veni
974 3093 1019 3123 ad
1064 3101 1133 3123 esse
1155 3092 1279 3133 nequit.

166 3160 221 3187 me,
243 3149 395 3190 idemque
421 3148 451 3178 in
476 3147 603 3179 «luobus
616 3151 682 3178 erat
696 3145 1016 3187 Malaspiuaelibria
1038 3152 1039 3157 ¹
1108 3135 1289 3177 Mansuram
1305 3157 1339 3177 o:
1363 3151 1638 3189 pernoctaturum.
1662 3148 1785 3180 Eadem
1805 3148 1836 3180 vi
1852 3149 1913 3180 hoe

2039 2941 2062 3565 ¹
