2062 3565
144 159 231 199 214
544 154 626 196 ΕΡ.
660 154 737 194 ΑΙ)
769 152 815 193 Τ.
850 150 1200 194 POMPONIUM
1234 149 1496 193 ATTICUM.

650 444 1120 499 LIBER
1225 446 1395 502 Xln.

772 704 809 743 J.
876 704 941 756 (A.
983 704 1029 744 U.
1067 705 1108 744 C.
1150 704 1268 758 709).

204 822 241 860 1.
288 820 353 860 Ad
397 820 629 861 Ciceronem
673 819 730 860 ita
775 818 984 874 scripsisti,
1030 823 1076 860 ut
1108 833 1238 874 neque
1272 820 1448 861 severius
1481 835 1612 875 neque
1645 819 1904 875 temperatius

137 893 257 935 scribi
290 893 466 948 potuerit
498 908 571 934 nec
604 893 745 947 magis,
781 907 899 947 quam
934 892 1273 947 quemadmodum
1306 908 1380 948 ego
1413 893 1586 935 maxime
1616 893 1772 935 veUem.
1806 893 1905 934 Pru-

137 967 369 1009 dentissime
403 967 523 1007 etiam
556 966 606 1007 ad
639 966 806 1007 Tullios.
852 965 985 1018 Quare
1020 971 1091 1007 aut
1123 966 1201 1007 ista
1234 967 1444 1022 proficient
1477 973 1548 1009 aut
1581 967 1691 1009 aliud
1725 981 1904 1022 agamus.

105 1053 117 1077 5
139 1044 178 1082 2.
224 1041 284 1082 De
329 1040 497 1096 pecunia
542 1055 647 1090 vero,
693 1038 807 1080 video
850 1055 872 1080 a
903 1044 943 1080 te
977 1054 1136 1081 omnem
1171 1039 1423 1094 diligentiam
1458 1039 1641 1081 adhiberi
1674 1039 1736 1081 vel
1769 1039 1904 1095 potius

135 1115 214 1156 iam
261 1113 508 1165 adliibitam5
557 1114 663 1169 quod
710 1114 742 1155 si
792 1114 929 1164 efficis,
974 1130 996 1155 a
1039 1119 1078 1155 te
1123 1114 1259 1155 hortos
1307 1114 1479 1156 habebo.
1531 1115 1618 1156 Nec
1653 1129 1744 1156 vero
1777 1113 1905 1155 ullum

135 1203 262 1243 genus
296 1188 556 1243 possessionis
589 1193 662 1238 est,
697 1188 803 1242 quod
838 1187 989 1238 malim,
1026 1188 1197 1229 maxime
1231 1187 1387 1229 scilicet
1419 1187 1470 1229 ob
1494 1203 1581 1230 eam
1605 1203 1780 1240 causam,
1802 1202 1903 1243 quae

136 1267 319 1317 suscepta
353 1265 425 1311 est,
460 1261 575 1302 cuius
610 1260 906 1302 festinationem
940 1260 1041 1302 mihi
1074 1260 1196 1311 tollis,
1232 1261 1422 1315 quoniam
1457 1261 1505 1302 de
1539 1265 1688 1303 aestate
1706 1260 1905 1317 polliceris

136 1335 197 1376 vel
230 1336 364 1391 potius
396 1334 540 1389 recipis
551 1353 561 1385 3
597 1333 742 1375 deinde
777 1333 898 1374 etiam
932 1333 982 1374 ad
1015 1329 1344 1388 καταβίωσιν
1379 1334 1699 1389 maestitiamque
1723 1335 1905 1376 minuen—

84 1424 118 1451 ιο
136 1408 227 1450 dam
273 1408 375 1449 nihil
418 1407 519 1449 mihi
567 1407 730 1463 reperiri
775 1412 906 1462 potest
949 1407 1096 1461 aptius,
1144 1407 1258 1448 cuius
1305 1407 1362 1448 rei
1406 1407 1607 1462 cupiditas
1639 1408 1811 1464 impellit
1842 1423 1904 1449 me

134 1481 352 1532 interdum,
401 1486 448 1522 ut
489 1486 528 1522 te
570 1480 719 1521 hortari
766 1480 900 1521 velim.
952 1479 1028 1522 Sed
1063 1495 1125 1521 me
1159 1480 1244 1535 ipse
1277 1494 1432 1520 revoco.
1488 1480 1585 1521 Non
1619 1481 1726 1522 enim
1760 1481 1905 1523 dubito

136 1556 248 1610 quin,
295 1554 403 1610 quod
443 1570 506 1596 me
552 1554 664 1595 valde
700 1554 796 1595 velle
832 1558 962 1609 putes,
995 1554 1039 1595 in
1073 1569 1118 1595 eo
1151 1559 1198 1595 tu
1231 1568 1293 1594 me
1325 1553 1459 1609 ipsum
1493 1554 1716 1610 cupiditate
1751 1555 1903 1598 vincas.

136 1629 279 1683 Itaque
324 1629 428 1669 istuc
475 1629 555 1669 iam
600 1643 670 1683 pro
720 1627 824 1668 facto
870 1626 1012 1668 habeo.
1066 1629 1106 1667 3.
1152 1627 1352 1682 Exspecto
1398 1626 1496 1681 quid
1536 1627 1626 1669 istis
1670 1628 1825 1683 placeat
1857 1629 1905 1671 de

136 1701 302 1757 epistola
346 1701 395 1742 ad
439 1701 662 1743 Caesarem.
714 1701 854 1742 Nicias
894 1705 947 1751 te,
979 1705 1026 1742 ut
1058 1699 1192 1751 debet,
1228 1704 1336 1741 amat
1369 1699 1704 1755 vehementerque
1736 1705 1808 1742 tua
1842 1703 1904 1743 sui

82 1790 115 1814 15
137 1775 325 1816 memoria
369 1774 604 1816 delectatur.
657 1774 743 1829 Ego
790 1789 881 1815 vero
931 1774 1187 1815 Peducaeum
1230 1778 1414 1815 nostrum
1458 1774 1714 1816 vehementer
1764 1773 1903 1830 diligo.

136 1849 242 1890 Nam
287 1854 326 1890 et
374 1849 514 1904 quanti
559 1854 711 1904 patrem
756 1849 845 1899 feei,
893 1850 1065 1890 †totum
1110 1849 1151 1890 iu
1194 1849 1316 1899 hunc,
1366 1854 1404 1889 et
1436 1848 1568 1904 ipsum
1604 1863 1673 1904 per
1706 1863 1746 1889 se
1780 1863 1903 1904 aeque

182 2019 221 2049 16
244 2020 341 2049 totum
364 2017 436 2048 sine
458 2016 581 2048 indicio
603 2015 817 2055 corruptelae.
835 2033 874 2038 —

179 2166 197 2205 ξ
221 2166 249 2195 1.
276 2165 313 2195 Ut
337 2173 433 2205 neque
454 2163 601 2194 severius.
613 2162 734 2193 Merito
746 2163 906 2193 Ernestus
918 2163 995 2193 reie-

136 2218 179 2248 eit
203 2218 385 2249 Bosianum
407 2227 426 2247 a
454 2216 559 2246 Tullii
588 2215 825 2246 consuetudine
848 2215 995 2246 alienum

138 2271 196 2301 ulli
220 2273 252 2300 at
275 2280 371 2310 neque
392 2280 417 2300 s.
441 2269 563 2300 Melius
586 2275 668 2300 erat:
695 2269 723 2298 ei
753 2271 785 2298 ut
810 2278 915 2309 neque,
939 2268 995 2298 sed
1017 2263 1019 2285 ἶ

137 2335 178 2356 ne
202 2325 263 2355 hoc
287 2324 421 2365 quidem
443 2323 565 2354 codicis
588 2323 659 2353 noti
680 2323 744 2354 fide
768 2323 890 2353 nititur.

183 2377 404 2417 Temperntz'us.
435 2376 540 2417 Supra
570 2376 652 2413 XII,
676 2377 725 2412 32,
750 2377 765 2406 1
790 2386 864 2415 aqes
886 2378 995 2415 tempe—
1017 2377 1019 2415 ᾖ

142 2433 222 2462 rate.
246 2431 285 2461 In
309 2429 400 2462 Orat.
424 2430 462 2460 95
475 2434 675 2460 memoratur
692 2428 795 2459 oratio
814 2431 994 2470 temperata,

136 2486 176 2515 «le
199 2484 255 2515 Or.
278 2484 324 2520 Π,
347 2483 409 2513 :212
431 2483 534 2513 oratio
556 2481 765 2522 temperatior.
789 2482 858 2512 Att.
882 2482 944 2519 IV,
966 2483 994 2520 6,

137 2540 153 2569 1
178 2539 264 2569 homo
288 2538 385 2568 mmlta
409 2536 604 2568 humanitate
627 2539 827 2577 temperatus,
867 2537 918 2567 Ita
941 2547 995 2567 vo·
1017 2560 1019 2567 .

137 2598 251 2624 eantur
273 2601 389 2623 omnes
411 2601 462 2622 res
484 2591 537 2622 vel
552 2600 720 2631 personae,
733 2591 852 2631 quibus
864 2591 904 2621 ab
922 2591 995 2621 aliis

137 2647 253 2677 modus
283 2645 473 2686 imponitur,
502 2644 559 2685 qui
589 2644 629 2674 ab
659 2644 731 2674 aliis
760 2650 994 2684 temperantur.
1017 2670 1018 2680 ,

137 2700 259 2731 Contra
268 2701 453 2738 temperans,
463 2698 680 2738 temperantia,
693 2700 900 2738 temperanter
909 2699 995 2738 apud
1017 2709 1019 2739 ,π

137 2753 331 2785 Ciceronem
362 2756 566 2791 usurpantur,
596 2751 652 2781 ubi
683 2760 789 2782 sermo
812 2756 860 2781 est
882 2752 922 2782 de
945 2761 992 2789 eo,

136 2806 194 2846 qui
222 2805 284 2835 sibi
315 2808 483 2844 temperat.
513 2802 565 2834 Cf.
595 2804 666 2834 Att.
692 2803 753 2841 IX,
777 2803 827 2840 2a,
851 2798 920 2833 2ἐί
943 2803 994 2833 bie

135 2857 359 2899 temperantius
382 2856 481 2898 eqeril·
504 2861 535 2887 et
558 2856 601 2887 A.
624 2856 661 2887 G.
687 2857 814 2897 Zumpt.
840 2857 880 2887 ad
903 2867 949 2887 or.
963 2867 993 2897 p.

135 2912 223 2942 Mur.
248 2910 298 2941 63.

178 2965 242 2995 Nec
265 2965 372 3005 mayz’s,
395 2974 484 3005 quam
508 2981 547 2985 ——
570 2963 686 2993 vellem.
715 2964 854 2994 Temere
878 2965 992 2994 Corra-
1014 2963 1015 2968 ’

135 3019 195 3048 dus
219 3023 251 3048 et
273 3018 424 3048 Muretus
446 3027 535 3057 quam
559 3025 576 3046 e
599 3016 749 3056 sequenti
766 3016 926 3046 vocabulo
944 3026 991 3045 or-

136 3079 216 3108 tum,
239 3072 433 3102 Tunstallus
456 3082 486 3111 p.
511 3070 570 3100 190
595 3070 754 3111 quiequam
780 3070 992 3101 scribendum

135 3130 258 3165 putant.
282 3123 402 3156 Omnia
423 3125 522 3165 plana
543 3130 628 3160 sunt,
655 3125 733 3155 [lum
757 3125 796 3155 ad
811 3124 910 3165 massis
921 3133 992 3163 sup-

136 3178 223 3220 pleas
246 3188 350 3209 serere
373 3180 402 3208 el
427 3179 604 3216 lcmperatc.

1087 2163 1137 2193 ild
1163 2163 1289 2193 Tullios.
1306 2162 1514 2193 Marcianum
1531 2168 1561 2192 et
1576 2161 1784 2198 Montanum,
1801 2161 1906 2192 Marci

1044 2216 1104 2246 filii
1127 2216 1272 2246 comites.
1300 2216 1374 2246 Vid.
1397 2215 1479 2252 XII,
1505 2216 1544 2246 52
1566 2224 1635 2255 seq.

1087 2269 1104 2308 ξ
1127 2269 1156 2299 2.
1185 2269 1212 2297 A
1236 2271 1267 2298 le
1296 2268 1402 2299 hortos
1432 2268 1546 2299 habebo
1569 2278 1600 2297 o:
1628 2274 1683 2298 tua
1705 2277 1801 2308 opera
1824 2267 1906 2298 mihi

1044 2324 1114 2360 erit,
1137 2323 1224 2354 unde
1246 2323 1358 2353 hortos
1380 2332 1498 2353 emam.

1087 2375 1138 2405 Ad
1158 2371 1388 2419 καταβίωσιν,
1420 2375 1460 2404 ad
1492 2375 1579 2405 vitae
1601 2375 1785 2410 decursum,
1809 2374 1850 2404 ad
1873 2374 1905 2404 id

1018 2424 1019 2461 Ῐ
1043 2437 1171 2472 tempus
1201 2431 1287 2472 quod
1320 2431 1402 2462 mihi
1425 2435 1581 2471 superest.
1621 2429 1780 2460 Voluitne
1804 2429 1906 2470 igitur

1045 2484 1159 2516 Cicero
1182 2484 1345 2524 reliquam
1370 2484 1470 2515 vitam
1495 2484 1527 2514 in
1551 2483 1654 2513 hortis
1677 2482 1798 2523 agere?
1828 2483 1903 2513 Non

1043 2538 1150 2569 credo.
1189 2537 1253 2568 Vel
1282 2537 1453 2577 usurpavit
1484 2546 1552 2566 voc.
1578 2531 1794 2578 καταβίωσιν
1819 2534 1904 2565 inso-

1044 2592 1176 2629 lentius,
1199 2598 1352 2632 recteque
1372 2590 1535 2622 Corradus
1550 2590 1636 2621 vitae
1650 2589 1796 2622 taedium
1813 2590 1906 2621 satie-

1044 2650 1209 2685 tatemque
1244 2645 1289 2675 ita
1326 2645 1491 2675 nominari
1526 2653 1620 2685 posse
1655 2644 1823 2680 indicavit,
1853 2644 1905 2675 vel

1043 2700 1133 2730 aliud
1155 2700 1295 2740 scripsit.

1086 2755 1103 2794 ξ
1126 2756 1155 2784 3.
1181 2753 1265 2783 Istis.
1290 2753 1438 2784 Caesaris
1450 2753 1575 2790 amieis,
1592 2753 1648 2793 qui
1663 2754 1788 2784 Romae
1800 2758 1903 2791 erant,

1042 2806 1083 2837 ef.
1107 2806 1189 2839 XII,
1214 2806 1263 2842 51,
1289 2806 1318 2835 Ξ.

1088 2858 1206 2898 Quanti
1219 2859 1343 2899 patrem
1353 2858 1435 2898 feci,
1451 2860 1547 2887 totum
1565 2857 1597 2887 in
1612 2857 1704 2887 laune.
1726 2856 1905 2897 Explicant

1016 2945 1018 2957 Λ
1041 2911 1131 2942 haec:
1160 2920 1316 2946 amorem,
1335 2921 1399 2951 quo
1413 2916 1538 2950 patrem
1550 2909 1664 2946 dilexi,
1678 2914 1784 2940 totum
1802 2913 1904 2940 trans·

1042 2964 1102 2994 tuli
1125 2964 1159 2994 in
1181 2964 1298 2994 filium.
1322 2963 1394 2994 Hac
1407 2969 1518 2994 mente
1529 2962 1695 3003 scripsisse
1706 2961 1900 2993 Ciceronem

1042 3027 1109 3048 non
1136 3027 1231 3057 nego,
1261 3018 1317 3048 sed
1339 3017 1401 3047 hoc
1426 3017 1459 3047 in
1482 3016 1549 3047 illis
1571 3015 1680 3046 verbis
1703 3015 1810 3046 inesse
1834 3026 1901 3046 non

1041 3071 1136 3101 facile
1160 3071 1342 3101 admittam.
1363 3070 1577 3100 Desideratur
1594 3068 1735 3099 verbum
1749 3077 1901 3108 praesen-

1017 3150 1018 3166 }
1041 3124 1082 3154 tis
1104 3123 1268 3164 temporis,
1287 3133 1347 3154 nee
1363 3124 1459 3152 ,sotum
1474 3129 1559 3153 stare
1571 3126 1676 3162 potest
1688 3127 1760 3161 post
1771 3120 1894 3162 quanti.

1017 3168 1019 3193 l
1043 3176 1194 3207 Fortasse
1217 3175 1441 3206 scribendum:
1468 3174 1545 3205 Nam
1570 3183 1638 3204 Eoo
1661 3173 1900 3214 quanlipatrem
