2062 3565
659 174 766 217 LIB.
804 176 927 218 VIII.
961 176 1046 218 ΕΡ.
1086 179 1155 218 15.
1196 179 1263 218 16.
1789 182 1842 219 425

69 309 212 360 Credo,
247 309 315 350 sed
349 309 573 352 mehercule
607 312 720 353 illum
757 314 894 367 magis.
932 314 1066 355 Huius
1098 313 1287 354 insidiosa
1325 314 1537 354 clementia
1581 313 1845 362 delectantur,

69 382 177 425 illius
208 381 454 424 iracundiam
492 382 721 426 formidant.
757 385 918 427 Iudices
951 386 999 427 de
1035 399 1186 436 coonx,
1216 388 1284 441 qui
1321 387 1532 442 praecipue
1556 386 1690 427 Gnaeo
1713 394 1847 427 nostro

70 454 383 506 delectabantur,
433 471 479 497 ex
521 456 668 512 quibus
713 459 893 514 quotidie
929 459 1100 515 aliquem
1137 459 1265 511 video,
1301 461 1435 501 nescio
1470 474 1570 514 quas
1603 460 1687 500 eius
1722 460 1847 502 †Lu-

70 528 193 571 cerias
237 527 414 570 horrent.
466 530 608 586 Itaque
641 546 803 586 quaero,
838 533 905 587 qui
942 533 1021 574 sint
1055 534 1122 574 isti
1157 534 1382 589 optimatcS,
1418 533 1487 588 qui
1523 548 1583 574 me
1617 531 1845 583 exturbent„

69 616 193 673 quugn
224 602 303 658 ipsi
337 602 443 644 domi
480 610 683 646 maneant.
712 605 788 647 Sed
814 612 961 656 tamen,
986 608 1215 662 quicunque
1240 614 1348 657 sunt,
1374 599 1616 661 αἰδέομαι
1649 605 1840 665 Τρῶας.

0 710 22 719 ,7
68 674 170 726 Etsi,
216 690 296 731 qua
341 691 409 732 spe
454 678 693 733 proficiscar,
728 678 844 720 video
890 680 1170 734 coniungoque
1224 694 1284 720 me
1317 694 1406 721 cum
1444 679 1602 720 homine
1636 680 1762 734 magis
1796 679 1844 719 ad

67 747 300 790 vastandam
333 748 493 792 Italiam
526 765 645 805 quam
678 751 728 793 ad
763 751 1005 792 vincendum
1040 758 1190 807 parato.
1238 753 1262 794 †
1283 752 1453 794 Demum
1489 767 1604 807 quem
1642 758 1843 808 exspecto.

0 838 16 879 ἰ
67 821 121 864 Et
152 821 329 877 quidem,
364 838 487 878 quum
522 823 618 865 hacc
653 823 889 874 scribebam,
926 838 985 866 IV.
1018 825 1172 875 Nonas,
1207 827 1285 867 iam
1319 825 1597 882 exspectabam
1632 826 1784 881 aliquid
1821 843 1843 868 a

2 902 19 959 g
67 893 297 937 Brundisio.
332 896 441 948 Quid
475 908 608 939 autem
643 898 819 953 aliquid?
854 913 972 953 quam
1008 898 1100 940 inde
1137 901 1308 955 turpiter
1342 900 1511 954 fugisset
1544 907 1585 940 et
1619 900 1745 940 victor
1782 899 1844 940 liic

0 963 20 1029 ,ᾗ
67 981 146 1023 qua
186 983 227 1010 se
276 969 439 1012 referret
484 976 524 1012 et
569 986 662 1026 quo.
714 971 833 1023 Quod
880 971 949 1012 ubi
983 972 1197 1022 audissem,
1233 974 1264 1014 si
1300 972 1365 1014 ille
1402 973 1533 1028 Appia
1570 972 1736 1022 veniret,
1772 987 1844 1027 ego

0 1030 22 1112 Ξῖ
68 1042 268 1098 Arpinum
301 1043 542 1099 cogitabam.

108 1175 128 1207 2
150 1175 279 1208 Iudices
300 1185 391 1208 1)ch
428 1195 469 1200 -—
490 1178 509 1208 3
531 1176 599 1208 eius
622 1176 775 1208 Lucerias
799 1195 838 1200 —

68 1295 117 1323 est
138 1290 270 1322 factum.
293 1290 452 1323 Coronati
475 1291 689 1333 Neapolitani
713 1291 856 1329 fuerunt,
888 1292 935 1322 ni·
960 1313 961 1318 ,
986 1295 1160 1335 exspecto?
1182 1295 1272 1326 Male
1295 1295 1386 1326 enim
1409 1295 1485 1326 huie
1507 1297 1693 1336 quaestioni
1709 1298 1847 1330 subiice-

67 1346 189 1378 mirum
227 1345 327 1378 etiam
363 1346 550 1384 Puteolani,
586 1347 688 1387 vulgo
726 1355 769 1378 ex
806 1346 935 1388 oppidis
960 1353 962 1356 ·
985 1353 1076 1380 retur
1098 1349 1129 1378 et
1151 1346 1285 1389 quidem,
1309 1357 1374 1389 qua
1397 1348 1539 1379 formula
1551 1359 1617 1380 non
1631 1350 1741 1380 solum
1752 1357 1847 1381 utun-

68 1400 199 1442 publice
221 1400 506 1441 gratulabantur.”
529 1401 630 1432 Tusc.
653 1400 681 1432 I.
705 1400 755 1432 86.
959 1430 962 1450 ἢ
986 1407 1046 1439 tur,
1072 1402 1128 1433 ubi
1152 1401 1279 1442 aliquid
1308 1402 1496 1434 concedunt
1524 1404 1613 1443 quod
1643 1404 1753 1435 statim
1785 1404 1847 1436 ele·

111 1455 130 1495 ξ
152 1455 182 1486 2.
212 1453 341 1486 Iudices
361 1454 402 1485 de
426 1454 565 1486 CCCLX.
598 1455 640 1485 In
663 1455 753 1486 Med.
777 1455 935 1496 scriptum
984 1459 1066 1485 vant
1089 1455 1144 1492 (de
1167 1463 1234 1495 quo
1256 1464 1378 1502 genere
1399 1454 1485 1486 dixit
1514 1455 1629 1486 Madv.
1656 1456 1796 1488 Emend.
1820 1458 1846 1488 I.

8 1551 10 1554 Ι
68 1511 118 1540 est
145 1506 216 1540 DC.
236 1506 333 1539 CCC.
356 1507 403 1545 L;
427 1508 462 1539 in
485 1507 734 1540 oxoniensibus
756 1507 796 1539 de
819 1507 933 1538 CCCL.
983 1521 1014 1552 p.
1037 1511 1078 1541 90
1100 1519 1190 1551 seqq.
1213 1515 1246 1542 et
1269 1511 1309 1541 ad
1337 1510 1414 1541 Fin.
1446 1521 1476 1551 p.
1507 1510 1572 1550 77),
1602 1521 1715 1543 verum
1747 1513 1845 1544 etiam

71 1561 198 1594 Notum
219 1561 253 1594 X
277 1562 388 1594 addidi
410 1563 451 1595 de
466 1563 556 1594 Iunii
567 1563 763 1600 coniectura,
779 1563 836 1603 qui
850 1562 935 1594 vidit
958 1574 961 1586 ¹
982 1563 1042 1594 ubi
1064 1573 1100 1595 ea
1125 1573 1210 1604 quae
1233 1564 1435 1604 praecedunt
1465 1564 1713 1602 confirmantur,
1748 1571 1782 1596 ut
1811 1566 1846 1596 fit

69 1615 123 1657 agi
145 1616 178 1647 11.
197 1616 219 1647 1.
236 1616 443 1647 de'trecentis
457 1616 632 1656 sexaginta
648 1615 724 1653 illis,
739 1626 822 1656 quos
837 1615 934 1646 Pom-
981 1617 1016 1648 h.
1039 1617 1060 1648 1.
1084 1622 1116 1649 et
1138 1617 1173 1648 in
1197 1617 1306 1649 verbis
1329 1618 1370 1649 de
1392 1616 1483 1650 Orat.
1507 1618 1553 1649 II.
1580 1618 1649 1649 142.
1681 1618 1731 1650 Cf.
1755 1618 1846 1659 Seyf-

72 1669 166 1711 peius
187 1669 245 1701 111
270 1670 387 1701 consul
402 1669 527 1701 iudices
542 1669 633 1710 legit,
646 1675 682 1701 ut
695 1670 829 1701 tradunt
844 1669 932 1700 Vell.
982 1670 1047 1702 fert
1071 1671 1111 1701 ad
1135 1670 1228 1702 Lael.
1251 1680 1282 1711 p.
1305 1670 1377 1703 471.
1408 1670 1526 1712 Neque
1549 1670 1608 1702 illa
1629 1672 1844 1712 esspeotabam

36 1746 40 1750 ·
70 1723 120 1759 11.
154 1722 205 1756 76.
236 1723 326 1756 Plut.
358 1724 392 1755 in
423 1723 539 1765 Pomp.
571 1724 621 1755 55.
654 1733 803 1765 quosque
836 1723 931 1754 Fam.
957 1751 959 1770 ⁴,
981 1723 1107 1765 aliquid
1127 1725 1331 1765 respondent
1353 1724 1542 1765 quaerenti:
1565 1734 1650 1765 quem
1675 1725 1846 1764 erwecto?

69 1777 170 1810 VIII.
193 1778 222 1816 8,
246 1779 264 1810 5
288 1788 306 1810 a
328 1779 444 1810 scribis
474 1779 666 1810 obliteratos
688 1778 830 1810 restituit
853 1778 933 1810 We-
956 1786 959 1812 ε
983 1777 1176 1808 Sententiae
1199 1776 1366 1815 satisfacit,
1401 1777 1460 1808 sed.
1488 1786 1604 1817 parum
1634 1783 1726 1807 curat-
1758 1778 1846 1808 codi-

69 1833 263 1874 senbergius
285 1833 426 1865 Emend.
448 1844 478 1874 p.
503 1834 553 1865 35.
578 1834 624 1865 Hi
648 1844 715 1865 non
731 1843 857 1870 omnes,
876 1833 934 1864 sed
956 1818 959 1846 ἶ
981 1841 1058 1862 eum
1079 1832 1198 1862 ductus
1220 1831 1369 1863 Kochius
1391 1831 1426 1862 in
1450 1831 1612 1863 Emendd.
1631 1831 1747 1863 libello
1762 1842 1791 1873 p.
1805 1832 1846 1862 20

68 1895 111 1918 ex
140 1886 192 1917 his
220 1886 328 1923 multi,
362 1886 514 1927 quamvis
543 1886 705 1919 beneficio
735 1896 814 1918 cum
836 1886 932 1917 Pom-
956 1877 958 1917 i
980 1886 1066 1917 hanc
1089 1886 1265 1918 lectionem
1289 1896 1493 1927 proponens:
1531 1885 1682 1923 Quotidie
1704 1886 1847 1918 nuntium

67 1939 142 1980 peio
177 1939 348 1970 coniuncti
384 1945 502 1977 essent,
541 1949 641 1982 quare
682 1945 778 1972 antea
807 1940 842 1971 in
871 1940 933 1971 hac
981 1938 1115 1980 aliquem
1151 1941 1306 1980 exspecto.
1343 1940 1508 1981 Experiar
1544 1946 1577 1971 et
1609 1940 1679 1980 ipse
1702 1939 1846 1981 aliquid:

68 1992 232 2024 discordia
267 2002 345 2024 cum
374 1993 534 2034 Pompeio
564 1992 633 2025 fore
663 1993 872 2034 putabantur,
896 2000 934 2024 ut
956 1993 957 2017 i
980 1992 1082 2032 Diem,
1110 1993 1243 2035 inquies,
1278 1995 1426 2034 exspecta
1455 2003 1489 2024 o:
1526 1993 1664 2035 inquies,
1695 2000 1847 2034 exspecta

70 2044 203 2078 Caelius
225 2046 338 2077 scribit
361 2045 455 2077 Fam.
487 2046 586 2077 VIII.
612 2047 662 2084 14,
698 2048 726 2084 3,
751 2044 821 2078 eius
843 2056 933 2078 nune
956 2049 958 2065 ÷
980 2039 1105 2086 Nonas,
1129 2057 1227 2089 quem
1250 2048 1339 2080 diem
1367 2052 1405 2079 tu
1427 2048 1496 2089 ipse
1518 2048 1601 2079 mihi
1623 2048 1786 2080 indicasti.
1803 2048 1844 2079 ef.

69 2099 177 2130 minas
197 2099 379 2131 horrebant
426 2100 508 2131 Ideo
530 2109 597 2131 non
622 2100 715 2141 parui
736 2099 933 2132 Wesenber-
981 2111 1031 2142 ep.
1057 2102 1107 2139 14,
1131 2102 1159 2132 1.
1196 2101 1258 2133 Cui
1282 2101 1461 2132 monitioni
1483 2101 1650 2142 aptissime
1673 2102 1846 2142 responde-

69 2153 124 2194 gio
147 2153 278 2185 Iudices
302 2153 434 2184 CCCLX
452 2154 635 2195 reponenti.
955 2150 958 2176 fi
982 2160 1039 2186 tur
1054 2155 1106 2186 his
1130 2155 1255 2187 verbis:
1280 2154 1321 2185 Et
1342 2154 1464 2196 quidem
1487 2173 1526 2179 —
1556 2153 1618 2185 IV.
1640 2154 1760 2192 Nonas,
1785 2154 1847 2185 iam

0 1475 13 1593 ἕ,

0 1599 15 1641 3.

0 1644 10 1682 f,

0 1685 11 1725 1

0 1739 11 1894 i

0 1897 13 1992 ξ.

0 1993 13 2183 i

0 2186 14 2239 i'
112 2205 226 2238 Nescio
248 2218 327 2248 quas
352 2207 420 2238 eius
442 2207 595 2239 Isucerias
616 2208 758 2239 horreat.
796 2207 833 2239 Si
856 2217 933 2239 vera
956 2204 957 2210 ¹
981 2209 1196 2250 &expectabam
1219 2208 1343 2250 aliquid
1371 2218 1404 2239 o:
1440 2209 1506 2240 iam
1529 2216 1607 2240 ante
1629 2208 1726 2240 illum
1748 2209 1846 2246 diem,

69 2265 117 2292 est
138 2260 249 2298 lectio,
279 2260 434 2292 Luceriae
466 2262 627 2292 denotant
661 2271 735 2292 eam
772 2261 932 2302 proscrip-
956 2255 958 2269 ³
979 2263 1047 2294 ia'm
1072 2273 1161 2294 nunc
1184 2263 1330 2304 aliquem
1353 2263 1510 2294 nuntium
1532 2268 1698 2304 exspectO.

70 2314 205 2352 tionem,
229 2324 314 2355 quae
336 2314 498 2347 Luceriae
513 2315 628 2346 inultis
650 2316 858 2347 sermonibus
880 2316 932 2348 de·
1029 2315 1116 2352 Quid
1135 2318 1239 2347 autem
1262 2315 1414 2357 aliquid?
1435 2326 1527 2358 quam
1552 2314 1626 2346 inde
1649 2321 1712 2346 eet.
1730 2315 1847 2347 Conie-

70 2367 222 2398 nuntiata
243 2373 323 2399 erat.
353 2367 404 2399 Cf.
433 2368 466 2398 h.
500 2368 522 2399 l.
554 2368 603 2405 ll,
632 2370 662 2399 4.
707 2367 743 2400 Si
773 2369 836 2400 hoe
863 2379 931 2400 non
956 2409 957 2412 Ἴ
980 2379 1107 2402 ceram:
1141 2368 1225 2410 Quid
1254 2368 1386 2400 autem?
1420 2368 1503 2399 Mali
1536 2368 1612 2410 quid
1619 2382 1629 2405 ;
1660 2379 1750 2410 quam
1772 2369 1847 2400 inde

70 2419 186 2461 placet,
210 2421 286 2452 vide
309 2431 352 2451 an
375 2421 610 2462 corrigendum
626 2422 670 2452 sit
680 2421 826 2459 delicias,
844 2423 933 2462 quod
956 2440 958 2460 1
981 2425 1119 2465 turpiter
1144 2423 1292 2466 fuyisset
1326 2427 1398 2461 cet„
1434 2424 1492 2455 sed
1532 2423 1618 2454 nihil
1650 2423 1846 2454 mutandum

70 2475 273 2506 vocabulum
294 2476 456 2507 Matthiae
486 2476 665 2507 illustravit
694 2477 734 2508 ad
765 2477 792 2508 Ι.
824 2477 871 2514 17,
903 2478 932 2508 9.
981 2480 1081 2512 didici
1115 2490 1157 2512 ex
1190 2480 1252 2511 hac
1285 2478 1446 2511 Gronovii
1476 2480 1702 2511 adnotatione:
1738 2479 1850 2520 υρῃίῑι

3 2559 6 2561 ,
75 2529 191 2568 Minas,
215 2531 305 2572 quod
326 2541 443 2570 margo
467 2531 554 2563 Crat.
578 2532 674 2563 offert
703 2532 833 2563 videtur
863 2541 933 2564 esse
955 2520 959 2572 i
981 2536 1086 2565 autem
1108 2533 1258 2576 aliquid?
1281 2534 1385 2565 immo
1408 2536 1538 2565 certum.
1563 2534 1622 2565 Est
1645 2534 1735 2564 lusus
1759 2534 1845 2564 simi-

9 2620 14 2626 .
70 2583 159 2615 ‹locti
182 2583 314 2615 lectoris
336 2584 534 2615 coniectura.
955 2574 958 2616 i
982 2587 1022 2618 lis
1054 2587 1213 2618 Plautino
1247 2585 1342 2618 Curev
1379 2586 1425 2618 Π.
1458 2587 1486 2623 3,
1517 2587 1562 2621 41v
1589 2586 1650 2617 Ph.
1680 2586 1741 2616 iam
1773 2587 1846 2617 edes

0 2562 14 2684 i
116 2636 177 2678 Qui
199 2647 245 2669 me
267 2637 434 2668 exturbent
467 2648 522 2679 np.
552 2638 660 2676 domo,
693 2639 782 2679 quod
811 2639 932 2676 omisit,
956 2633 958 2647 ¹
981 2640 1113 2683 aliquid.
1139 2640 1234 2672 Cure.
1256 2639 1338 2671 Nolo
1355 2640 1463 2672 hercle
1475 2639 1598 2681 aliquid
1605 2654 1614 2671 .·
1628 2642 1745 2671 certum
1757 2651 1845 2681 quam

0 2693 9 2747 ι
72 2700 176 2732 quum
197 2700 214 2723 e
243 2701 333 2733 seqq.
360 2702 450 2733 quum
479 2692 541 2732 ipsi
562 2691 645 2722 domi
666 2695 816 2724 maneant
838 2692 934 2724 facile
956 2662 960 2705 i
981 2693 1107 2736 aliquid
1136 2694 1291 2725 mavolo.'''
1314 2694 1531 2735 Hyperbaton
1554 2694 1588 2725 in
1620 2693 1728 2725 verbis
1757 2705 1846 2734 quam

0 2749 12 2783 ᾖ
74 2743 199 2785 legenti
229 2745 264 2776 in
292 2750 440 2777 mentem
471 2746 608 2778 veniret.
652 2745 833 2777 Exlurbare
865 2757 933 2778 non
982 2749 1056 2780 inde
1092 2749 1228 2790 turpiter
1263 2749 1427 2790 exemplis
1465 2749 1631 2780 Tullianis
1668 2749 1847 2780 illustravit

71 2796 137 2828 dici
159 2797 224 2828 nisi
246 2797 358 2828 addita
379 2798 549 2829 mentione
573 2798 646 2836 loci,
678 2799 765 2830 unde
788 2799 934 2840 aliquem
982 2802 1120 2834 Ellendt
1142 2802 1183 2833 ad
1205 2802 1309 2839 Brut„
1335 2801 1405 2832 126.
1427 2800 1469 2832 cf.
1492 2800 1593 2842 Seyff.
1613 2801 1654 2831 ad
1671 2799 1763 2832 Lael.
1787 2800 1836 2833 10.

0 2786 13 2997 ι
71 2850 232 2892 expellas,
261 2855 376 2882 monet
397 2851 626 2890 Marklandus,
656 2852 818 2884 Remarks
839 2863 870 2894 p.
892 2854 933 2884 43
1027 2855 1097 2896 Qua
1117 2858 1150 2887 et
1172 2866 1230 2897 quo
1252 2865 1288 2887 o:
1313 2865 1379 2896 qua
1399 2855 1455 2886 via
1480 2860 1513 2886 et
1544 2864 1644 2896 quem
1667 2855 1699 2885 in
1725 2855 1846 2894 locum,

73 2915 130 2946 sq„
152 2906 210 2938 ubi
231 2907 313 2938 haec
335 2907 437 2938 verba
459 2913 546 2939 recte
569 2908 779 2949 explicantur
797 2914 830 2940 et
851 2909 935 2941 falsa
982 2909 1024 2940 ad
1046 2909 1163 2941 urbem
1186 2919 1228 2940 an
1250 2909 1285 2940 in
1308 2909 1507 2951 Hispaniam
1532 2918 1574 2939 an
1597 2909 1672 2939 alio.
1697 2908 1737 2939 ef.
1763 2907 1845 2939 VII.

71 2959 230 2990 correctio
253 2959 397 2991 Medieei
422 2959 526 2990 Cumis
549 2961 704 2993 reiicitur.
983 2962 1034 2996 12.
1057 2963 1076 2994 2
1099 2963 1149 2994 sin
1170 2962 1317 3001 discedit,
1339 2974 1397 3006 quo
1419 2964 1476 2994 aut
1498 2973 1560 3003 qua
1582 2980 1623 2986 —
1644 2962 1759 2993 nescio.
1781 2962 1844 2992 IX.

0 2998 14 3058 ξ’
112 3013 130 3050 †
150 3011 279 3043 Demum
307 3021 394 3054 quem
427 3015 582 3053 exspecto.
634 3015 747 3046 Verba
782 3021 935 3057 corrupta
982 3015 1011 3052 6,
1038 3016 1064 3046 l.

0 3107 7 3110 ‚
73 3063 179 3096 adhuc
202 3065 460 3096 emendatricem
483 3075 620 3098 inanum
644 3073 818 3108 quaerunt.
846 3069 934 3100 Nam
1023 3069 1090 3112 qu
1112 3070 1265 3110 Arpinum
1294 3069 1468 3111 coqitabam
1501 3079 1533 3101 o:
1561 3070 1594 3100 in
1620 3069 1729 3100 lovum
1753 3080 1770 3099 a
1795 3070 1847 3100 via

75 3121 110 3148 ut
142 3118 284 3149 aliorum
312 3124 450 3149 eona-tus
480 3120 640 3157 omittam,
677 3130 718 3153 ne
748 3121 934 3153 Lambinus
982 3123 1094 3164 Appia
1121 3130 1285 3155 remotum
1322 3132 1375 3155 me
1416 3122 1565 3154 conferre
1589 3122 1749 3159 volebam,
1781 3133 1845 3153 uon

74 3170 207 3209 quidem
230 3172 342 3203 locum
356 3173 484 3204 sanavit
509 3173 665 3215 legendo:
690 3174 831 3217 Denique
847 3187 933 3217 quem
982 3176 1126 3208 Formiis
1150 3177 1329 3209 adventum
1352 3176 1502 3209 Caesaris
1526 3180 1723 3216 exspectare.
