2062 3565
232 193 317 234 150

630 190 715 231 ΕΡ.
749 190 826 230 AD
858 187 904 229 T.
939 185 1291 228 POMPONIUM
1323 185 1588 227 ATTICUM.

226 327 368 375 minor,
402 325 622 366 licitatione
655 322 804 378 expleri
837 326 985 377 posset.
1021 320 1134 361 Haec
1167 333 1241 375 ego
1274 334 1357 361 non
1390 321 1476 362 sine
1511 335 1631 362 causa
1653 334 1814 377 quaero.
1849 322 1986 379 Suspi-

226 414 292 441 cor
325 399 445 448 enim,
480 396 693 438 coheredes
727 394 891 436 dubiam
925 397 1103 437 nostram
1136 408 1297 435 causam
1331 398 1471 448 putare
1506 398 1546 434 et
1578 409 1624 435 eo
1656 409 1737 436 rem
1771 395 1815 436 in
1833 394 1990 450 integro

224 487 308 513 esse
342 471 486 525 (velle).
521 469 635 511 Vale.
670 467 807 510 Pridie
841 467 940 509 Idus
974 467 1074 508 Mai.

266 635 282 664 1
300 633 404 674 possit
427 650 466 656 —
491 634 509 664 3
531 641 599 663 esse
622 633 728 664 malle.
758 632 846 664 Vale.
869 651 909 655 -

222 781 356 817 tionem,
380 790 463 822 quae
485 781 572 812 inter
600 781 778 813 coheredes
806 775 947 812 dabatur
970 790 987 811 e
1011 779 1083 811 XII

221 835 352 872 tabulis,
375 835 402 866 si
417 835 546 867 nollent
558 841 661 867 totam
673 835 889 867 hereditatem
902 835 1082 877 plurimum

222 891 362 922 licitanti
386 892 524 923 tradere.
556 891 631 922 Hoc
655 902 758 932 quum
781 892 883 932 vulgo
906 892 1008 928 fieret,
1031 901 1082 922 co·
1104 884 1106 900 '

1129 786 1164 812 ut
1200 789 1288 813 recte
1323 781 1514 813 observavit
1550 780 1811 822 Wesenbergius
1848 780 1988 813 Emend.
2035 811 2037 813 ,

1129 846 1159 876 p.
1183 834 1233 866 20.

1170 887 1301 918 Dubiam
1332 889 1471 918 nostram
1501 897 1629 919 causam
1651 890 1780 929 putare,
1806 888 1867 919 uin
1889 887 1990 920 ambi-
2026 915 2027 918 ,

221 944 357 974 1101·οᾱ05
390 953 460 975 rem
496 944 530 975 in
566 944 696 985 integro
732 954 861 976 servare
895 944 1082 986 cupiebant,
1105 955 1107 1003 1
1128 951 1195 982 guo
1218 951 1297 978 esse,
1322 946 1432 972 utrum
1455 941 1519 972 sim
1542 941 1675 973 veniam
1693 946 1925 974 consecuturus
1946 951 1988 974 an

222 999 357 1030 fortasse
379 1009 416 1030 ea
439 1009 496 1040 spe
518 999 618 1037 ducti,
641 1006 677 1031 ut
701 999 817 1031 Cicero
840 1011 934 1031 suam
956 999 1081 1031 heredi·
1106 1014 1107 1019 =
1128 1006 1205 1034 non,
1229 996 1339 1037 itaque
1361 997 1433 1028 fieri
1466 1005 1569 1037 posse,
1591 1001 1628 1028 ut
1649 1005 1724 1028 mea
1745 997 1834 1028 bona
1853 996 1989 1038 proscri-
2027 992 2047 1029 -Ῐ

220 1053 296 1085 tatis
325 1059 451 1094 partem
482 1054 592 1095 potius
615 1064 690 1085 cum
713 1055 835 1085 damno
858 1054 921 1085 sibi
943 1054 1081 1091 cederet,
1105 1034 1107 1100 1
1129 1053 1281 1084 bantur?
1303 1053 1331 1084 Ι.
1353 1052 1391 1083 F.
1413 1052 1514 1084 Gron.

220 1116 320 1146 quain
342 1106 376 1137 in
399 1107 470 1138 iure
492 1107 706 1147 experiretur.
1104 1114 1107 1154 j

1170 1106 1246 1138 Esse
1261 1107 1373 1147 (velle)
1400 1106 1525 1147 Scripsi
1541 1116 1584 1139 ex
1595 1117 1670 1139 mea
1681 1107 1878 1139 coniectura.
1900 1107 1988 1140 Nam
2032 1099 2051 1127 >⁸-

262 1159 393 1200 Etrpleri
415 1163 534 1201 posset.
562 1161 652 1192 Male
681 1171 698 1192 e
729 1160 867 1193 Cori-adi
896 1160 1081 1201 suspicione
1105 1200 1107 1206 y
1128 1161 1223 1191 malle
1246 1171 1311 1191 non
1334 1160 1450 1191 nititur
1473 1166 1561 1192 certa
1584 1160 1662 1192 libri
1692 1161 1756 1192 Ms.
1786 1160 1988 1193 auctoritate.
2032 1164 2035 1201 ᾗ

220 1214 323 1244 edunt
343 1214 451 1253 possit.
475 1214 560 1244 Nam
583 1213 634 1245 his
664 1215 772 1246 verbis
792 1225 880 1256 quum
900 1225 936 1245 ea
947 1224 1026 1254 pars
1041 1232 1083 1236 —
1103 1207 1107 1256 1
1130 1215 1176 1246 At
1198 1214 1232 1245 in
1257 1214 1408 1246 Mediceo
1431 1218 1495 1246 est:
1514 1223 1643 1245 —eesa
1665 1213 1751 1245 Vale.
1776 1215 1864 1256 quod
1880 1214 1988 1256 ipsum

216 1269 321 1306 posset
344 1267 428 1298 ratio
450 1267 599 1299 redditur
622 1268 815 1299 verborum:
833 1278 935 1309 glenus
950 1268 1081 1308 —suit,
1128 1268 1295 1307 integrum
1318 1276 1388 1298 esse
1415 1267 1537 1299 iudicat
1560 1267 1726 1299 Klotzius.

817 1375 941 1417 XVI.
1008 1376 1071 1428 (A.
1113 1374 1157 1414 U.
1196 1375 1237 1415 C.
1276 1373 1394 1427 707.)

285 1490 323 1528 1.
367 1489 461 1530 ΜΗ
506 1504 594 1530 meo
640 1490 736 1531 vitio
777 1492 835 1540 fit,
881 1490 956 1531 hoc
1002 1489 1165 1544 quidem
1208 1494 1387 1544 tempore
1435 1514 1491 1519 ———
1540 1495 1632 1531 ante
1667 1490 1774 1532 enim
1807 1494 1868 1532 est
1899 1504 1989 1546 pec-

218 1566 350 1602 catum
398 1586 470 1611 —‚
517 1568 562 1603 ut
603 1578 664 1604 1110
708 1563 785 1604 ista
819 1563 987 1618 epistola
1019 1563 1123 1604 1111111
1157 1563 1398 1604 consoletur.
1450 1563 1557 1605 Nam
1591 1569 1631 1605 et
1664 1564 1807 1618 exigue
1840 1563 1989 1619 scripta

217 1640 278 1675 est
320 1639 359 1675 et
408 1635 655 1690 suspiciones
696 1651 861 1691 magnas
904 1635 1027 1677 habet
1069 1650 1151 1677 non
1196 1650 1280 1676 esse
1326 1635 1376 1676 ab
1409 1635 1493 1686 illo,
1528 1651 1627 1691 quas
1661 1635 1988 1678 animadvertisse
2037 1676 2040 1677 γ

182 1713 255 1749 ste
303 1708 502 1749 existimo.
551 1709 611 1750 De
656 1709 960 1751 obviam-itione
1003 1710 1061 1751 ita
1105 1709 1264 1760 faciam,
1297 1714 1345 1751 ut
1378 1709 1537 1751 suades.
1589 1710 1734 1765 Neque
1767 1710 1875 1752 enim
1907 1709 1989 1752 ulla
2031 1735 2062 1762 ,ς

217 1780 265 1822 (10
311 1780 488 1824 adventu
532 1784 616 1824 eius
662 1784 799 1839 opinio
847 1788 920 1834 cst,
965 1799 1110 1839 neque,
1154 1784 1186 1825 si
1232 1784 1301 1838 qui
1335 1799 1381 1824 ex
1415 1783 1513 1825 Asia
1547 1784 1731 1834 veniunt,
1767 1783 1987 1840 quidquam

215 1853 398 1895 audit-uni
449 1869 532 1896 esse
583 1856 726 1898 dicunt
771 1856 819 1897 de
868 1872 979 1912 pace,
1029 1857 1145 1898 cuius
1189 1871 1262 1911 ego
1313 1871 1381 1912 spe
1414 1857 1457 1897 in
1490 1856 1594 1898 hanc
1627 1856 1808 1898 fraudem
1842 1857 1982 1899 incidi.

213 1926 331 1968 Nihil
376 1927 491 1969 video
536 1930 643 1984 quod
689 1929 931 1985 sperandum
977 1936 1130 1985 putem,
1176 1945 1284 1971 nunc
1329 1930 1575 1985 praesertim,
1622 1944 1745 1984 quum
1792 1945 1839 1971 ea
1871 1930 1988 1986 plaga
2031 1985 2039 1992 ι

213 1999 255 2040 111
290 1999 387 2041 Asia
420 2000 472 2041 sit
505 2008 681 2058 accepta,
717 2003 759 2044 111
793 2002 968 2058 Illyrico,
1003 2003 1046 2044 in
1082 2003 1273 2044 Cassiano
1312 2003 1489 2057 negotio,
1523 2002 1566 2052 in
1599 2003 1686 2058 ipsa
1721 2002 1985 2054 Alexandrea,

160 2085 196 2112 10
212 2073 255 2114 in
289 2072 402 2123 urbe,
437 2073 479 2114 in
514 2075 647 2117 Italia.
683 2076 770 2131 Ego
802 2091 908 2127 vero,
943 2077 1102 2118 etiamsi
1135 2075 1338 2118 rediturus
1371 2075 1438 2116 ille
1473 2080 1546 2127 est,
1582 2077 1651 2131 qui
1685 2075 1818 2118 adhuc
1836 2075 1986 2119 bellum
2027 2126 2031 2127 ⁷

212 2160 346 2200 gerere
392 2145 553 2198 dicitur,
600 2154 735 2189 tamen
783 2154 874 2190 ante
920 2149 1094 2191 reditum
1139 2150 1224 2203 eius
1270 2149 1479 2204 negotium
1521 2149 1749 2192 confectum
1789 2151 1840 2192 iri
1875 2155 1984 2207 puto.
2039 2155 2041 2157 ’

216 2221 255 2259 2.
304 2219 423 2270 Quod
468 2224 602 2260 autem
647 2220 788 2262 scribis
833 2221 1035 2276 quandam
1068 2222 1263 2262 laetitiam
1297 2220 1494 2263 bonorum
1531 2237 1615 2263 esse
1650 2228 1904 2275 commotam,
1938 2231 1986 2267 ut
2036 2215 2040 2218 ¹

257 2396 275 2435 ξ
298 2395 325 2426 1.
348 2394 419 2426 Ista
439 2395 582 2436 epistola,
612 2406 712 2436 quam
736 2396 819 2427 mihi
853 2396 982 2433 misisti,
1005 2401 1074 2427 tan-

214 2459 313 2490 quam
337 2459 364 2480 a.
388 2450 418 2480 d.
442 2449 484 2479 V.
508 2449 558 2480 Id.
591 2449 690 2481 Febr.
714 2450 932 2481 Alexandrea
956 2460 972 2480 a
998 2449 1075 2481 Cae*-

214 2511 285 2534 sare
308 2503 349 2533 ad
372 2511 425 2533 ine
447 2502 568 2533 datam.
592 2497 669 2534 Vid.
694 2512 743 2543 ep.
766 2513 833 2544 seq.
859 2503 877 2543 ξ
901 2505 929 2534 3.

254 2554 376 2597 ,Ea-ique
404 2555 521 2595 scripta
557 2558 603 2586 est
636 2566 670 2587 o:
704 2561 739 2587 ut
762 2562 849 2587 recte
873 2556 961 2597 expl.
987 2557 1012 2588 Ι,
1038 2557 1075 2588 F.

213 2608 410 2646 Gronovius,
446 2624 456 2633 υ
469 2609 590 2646 ieiune,
621 2609 774 2647 tenuiter,
805 2620 873 2640 non
898 2610 998 2641 effusa
1022 2620 1074 2641 co·

214 2663 328 2694 mitate
359 2663 544 2700 verborum,
575 2663 634 2694 vix
664 2669 699 2693 ut
731 2664 849 2695 habeat
873 2664 1073 2695 benevolen-

212 2715 277 2747 tiae
311 2716 437 2746 notas.'⁸
471 2715 510 2746 cf.
546 2714 613 2746 Cic.
645 2715 700 2748 Or.
733 2716 799 2747 III.
835 2717 897 2747 144
929 2717 1076 2747 celeriter

212 2769 382 2810 emissaeque
410 2768 524 2799 dicere.
559 2768 745 2801 Discrimen
769 2770 855 2801 inter
878 2771 1020 2811 mquam
1045 2776 1076 2802 et

213 2823 296 2853 eat-ile
319 2822 446 2863 aperuit
468 2821 639 2854 Seiffertus
669 2824 707 2853 ad
743 2822 812 2855 Cic.
834 2824 928 2855 Lael.
950 2835 971 2864 p
1005 2824 1075 2855 365.

213 2874 258 2905 H.
281 2875 302 2905 1.
326 2874 428 2905 miror
457 2873 652 2906 Ciceronem
685 2885 752 2906 non
776 2875 942 2916 scripsisse
967 2876 1077 2915 missae

215 2930 244 2958 el
267 2928 406 2965 exiliter,
428 2934 466 2959 ut
487 2927 563 2959 fecit
595 2929 629 2959 in
653 2928 712 2959 illo
740 2928 849 2960 Laelii
879 2929 952 2960 loco
976 2930 994 2968 ξ
1027 2930 1075 2960 58.

257 2980 305 3012 De
337 2980 556 3012 obviamihone
589 2981 635 3011 ila
656 2981 792 3021 faciam,
823 2984 857 3012 ut
886 2982 1010 3013 suades.
1040 2993 1073 3013 o:

217 3052 229 3062 a
242 3037 328 3077 quod
353 3036 480 3073 suades,
499 3040 536 3066 ut
555 3035 685 3067 Caesari
702 3037 850 3068 venienti
867 3042 992 3077 quanto
1004 3037 1076 3068 fieri

214 3093 319 3129 potest
349 3099 424 3119 011111
452 3089 577 3119 honore
611 3089 743 3120 obviam
776 3098 858 3126 eain,
890 3088 1008 3119 faciam
1042 3096 1075 3121 et-

171 3168 174 3169 .
216 3139 311 3173 facile
333 3150 468 3182 possum
489 3140 714 3182 promittere.”
737 3140 881 3173 Gronov.

261 3193 355 3233 Quum
392 3203 428 3224 ea
460 3193 560 3234 playa
592 3193 626 3224 in
658 3193 738 3226 Asia
771 3193 815 3226 sit
844 3196 984 3236 accepta,
1011 3201 1072 3227 cet.

1124 2396 1305 2428 Enumerat
1340 2397 1420 2433 loca,
1455 2397 1512 2428 ubi
1536 2398 1683 2429 Caesaris
1706 2407 1758 2430 res
1781 2400 1892 2431 minus
1913 2410 1985 2442 pro—
2035 2407 2037 2410 ’

1124 2459 1216 2491 spere
1239 2456 1470 2482 successerant.
1494 2451 1651 2483 Pluribus
1678 2453 1758 2484 haec
1782 2453 1986 2495 persequitur
2030 2456 2035 2494 j

1125 2504 1262 2544 scriptor
1284 2504 1324 2536 de
1348 2504 1447 2536 bello.
1469 2505 1714 2537 Alexandrino.
1761 2506 1796 2537 In
1819 2507 1896 2538 Asia
1921 2506 1983 2539 Cn.
2019 2507 2035 2517 ⁶

1124 2556 1290 2588 Domitius
1313 2556 1462 2589 Caesaris
1480 2558 1609 2598 legatus
1622 2559 1708 2590 male
1721 2569 1796 2590 cum
1814 2559 1984 2592 Pharnace

1125 2616 1294 2652 pugnarat,
1334 2622 1384 2652 op.
1419 2612 1442 2642 1.
1464 2622 1491 2643 0.
1514 2613 1657 2650 34-41;
1679 2613 1711 2643 in
1734 2612 1867 2655 Illyrico
1889 2613 1985 2646 Gabi-

1125 2665 1200 2696 nius
1222 2675 1292 2696 rem
1315 2665 1402 2696 male
1425 2672 1579 2706 gesserat,
1603 2667 1683 2698 ibid.
1699 2667 1755 2704 43;
1774 2668 1809 2698 in
1821 2667 1983 2709 Hispania

1124 2718 1166 2757 Q.
1199 2718 1323 2749 Cassius
1359 2719 1532 2760 Longinus
1561 2730 1665 2761 paene
1695 2731 1713 2752 a
1736 2721 1914 2753 coniuratis
1937 2722 1983 2753 in-

1125 2771 1289 2808 terfectus,
1313 2782 1331 2801 a
1353 2771 1513 2803 militibus
1537 2773 1603 2804 suis
1626 2773 1758 2804 relictus
1775 2774 1884 2815 periit,
1903 2774 1982 2805 ibid.

1125 2824 1268 2860 48—64;
1292 2824 1498 2855 Alexandrea
1532 2825 1690 2857 victorem
1711 2826 1835 2857 diutius
1856 2832 1983 2858 morata

1126 2881 1183 2914 est,
1210 2877 1289 2908 ibid.
1314 2878 1433 2915 1-33;
1459 2880 1491 2909 in
1514 2879 1588 2910 vrbe
1606 2885 1738 2920 propter
1752 2880 1982 2912 contentiones

1125 2929 1334 2960 tribunorum
1364 2939 1414 2961 res
1446 2931 1533 2962 male
1555 2932 1879 2970 administrabantur,
1901 2932 1980 2964 ibid.

1126 2982 1182 3019 653
1204 2982 1239 3012 in
1262 2981 1364 3013 Ilalz'a
1388 2984 1509 3016 milites
1539 2985 1718 3025 rapiebant,
1742 2986 1789 3017 M.
1811 2985 1982 3017 Antonius

1126 3036 1230 3066 multa
1254 3036 1429 3068 libidinose
1453 3044 1485 3069 et
1507 3048 1602 3070 avare
1625 3039 1752 3079 agebat,
1768 3039 1916 3071 Phil.“II.
1931 3039 1981 3071 61.

1166 3088 1329 3129 Neyolium
1353 3091 1527 3128 consectum
1555 3091 1597 3121 iri
1630 3101 1663 3123 οε
1690 3091 1911 3134 Pompeianos
1938 3101 1982 3125 ex

2019 2960 2045 3121 --ςῇᾏνπῒνςι-
2019 2890 2030 2938 ³·*2
2024 2861 2038 2881 ‘v
2033 2848 2038 2855 .

1123 3141 1238 3173 Africa
1267 3142 1301 3173 in
1332 3143 1463 3176 Italiam
1495 3150 1649 3177 venturos
1680 3155 1758 3182 0550,
1796 3151 1831 3177 ut
1853 3145 1981 3188 scripsit
2024 3166 2026 3169 -

1121 3203 1171 3236 ep.
1195 3204 1265 3237 sup.
1288 3196 1306 3235 ξ
1330 3195 1357 3226 1.
