2062 3565
599 151 876 194 ADDENDA
914 151 981 193 ΕΤ
1014 151 1401 193 CORRIGENDA.
1794 152 1880 191 383

110 281 141 312 p.
186 270 226 304 76
255 280 285 303 a.
308 270 395 303 Cum
417 272 527 304 verbis
549 274 584 304 tu
607 282 696 304 amas
715 272 790 314 plus
812 283 902 314 quam
925 282 981 314 eqo
1003 272 1091 304 conf.
1114 273 1188 304 Att.
1212 272 1275 304 1V.
1297 274 1326 310 8,
1351 274 1368 303 5
1394 271 1505 314 pedem
1534 272 1630 312 porta
1655 280 1716 301 non
1737 270 1809 312 plus
1833 280 1883 301 er-

257 324 335 356 tule't
357 335 447 366 quam
471 325 560 357 domo
581 337 652 357 sua.

110 388 141 419 p.
185 378 225 409 83
255 387 282 408 a.
306 377 374 409 Pro
396 378 574 410 reddantur
596 379 762 411 malebam
786 378 961 410 tradantur
985 380 1037 411 vel
1064 379 1256 420 pendantur.
1291 378 1358 410 Sed
1393 388 1459 409 non
1495 387 1577 419 opus
1613 384 1662 408 est
1689 377 1882 409 mutatione.

255 429 400 462 Reddere
422 441 517 473 saepe
541 432 626 463 nihil
651 437 702 463 est
724 431 788 462 nisi
811 431 900 462 dare.
926 431 976 463 Cf.
999 432 1025 462 I.
1051 432 1098 469 13,
1125 432 1152 463 1.

111 494 142 525 p.
186 483 226 514 88
257 483 287 515 b.
310 484 345 515 in
369 484 480 515 adnot.
504 485 546 516 ad
567 495 598 516 v.
622 484 783 515 iaceamus
805 484 921 525 scripsi
943 484 1016 515 siue
1039 485 1195 525 exemplo
1218 484 1324 516 videri
1348 494 1378 515 v.
1400 483 1505 515 iacere
1526 493 1601 515 cuni
1625 483 1782 514 ablativo.
1819 483 1882 514 Ini—

255 545 383 567 memor
405 545 494 568 eram
518 536 600 574 eins,
623 537 712 577 quod
734 536 858 576 legitur
879 536 913 566 in
936 545 982 566 or.
1005 546 1035 577 p.
1059 536 1132 567 Mil.
1153 536 1192 568 47
1216 536 1321 567 iacent
1344 535 1410 565 suis
1431 535 1573 566 testibus.

110 599 140 630 p.
183 589 224 620 93
253 598 282 620 a.
304 588 328 618 S
367 588 401 620 V.
424 589 465 620 B.
487 589 524 621 E.
547 591 599 621 Ita
621 589 768 621 correxit
790 590 943 620 Muretus
967 589 1007 621 V.
1032 589 1071 620 L.
1095 589 1194 621 XIV.
1218 590 1248 620 8.

109 641 224 683 p.1113
253 651 283 673 a.
313 640 427 673 Vocari
449 643 480 673 in
504 643 602 673 locum
627 643 750 673 morcui.
795 642 922 674 Infelix
947 648 995 674 est
1018 642 1169 674 Schutzii
1192 643 1385 674 coniectura
1407 643 1441 673 in
1473 642 1547 673 add.
1582 642 1642 674 VI.
1666 654 1695 685 p.
1720 644 1781 674 500
1812 654 1881 685 pro-

255 694 322 726 lata
346 695 379 726 in
403 696 537 726 los-alum
562 696 689 727 mortui.
713 695 830 727 Cicero
855 696 965 726 locum
990 695 1023 726 in
1049 696 1212 736 sepulcro,
1235 705 1334 736 quein
1358 695 1414 727 ille
1437 695 1614 735 cogitabat,
1638 705 1802 737 nusquam
1825 706 1881 728 vo-

254 748 343 779 cavit
366 749 497 780 loculum

110 809 140 840 p.
160 799 220 830 122
250 799 278 831 b.
303 811 334 831 v.
357 803 375 831 5
400 811 459 842 pro
482 800 691 846 ποστοὺμιον
721 801 828 832 scribe
857 800 1088 846 Ποστούμιον.

110 865 141 896 p.
165 855 225 886 136
255 865 284 886 a.
310 866 339 887 v.
363 857 391 887 1.
415 856 573 899 Idemque.
610 858 762 889 Laudare
786 858 965 889 debueram
988 857 1096 888 locum
1121 867 1138 889 e
1164 858 1242 889 VII.
1269 859 1317 894 18,
1337 859 1367 895 4,
1403 858 1459 889 ubi
1482 857 1622 900 idemque
1645 857 1759 888 eodem
1783 858 1881 888 modo

254 909 402 950 ponitur.

110 973 139 1003 p.
167 964 225 994 138
255 973 284 994 a.
312 964 353 995 In
377 964 490 995 adnot.
515 965 555 995 de
579 964 827 996 constructione
850 964 1005 995 adiectivi
1022 963 1138 1004 plenus
1161 963 1257 994 omisi
1280 962 1307 993 F
1311 963 1355 994 in.
1379 964 1446 994 III.
1468 965 1509 995 43
1542 963 1679 1004 corporis
1701 966 1757 993 aut
1780 966 1881 994 ester-

254 1016 304 1047 nis
325 1016 412 1048 bonis
427 1017 567 1058 plenior,
593 1018 649 1048 ubi
672 1017 788 1048 Cicero
812 1028 879 1048 nou
902 1017 1031 1058 scripsit
1054 1019 1254 1047 externorum
1278 1016 1433 1053 bonorum,
1470 1026 1512 1048 ne
1534 1017 1690 1057 ambigue
1713 1016 1880 1048 scriberet.

253 1070 294 1100 In
317 1071 432 1102 eadem
456 1071 558 1101 adnot
591 1071 724 1101 laudavi
750 1070 948 1101 Victoriam.
973 1069 1041 1101 Sed
1064 1080 1131 1100 non
1156 1069 1268 1100 miuus
1293 1070 1499 1110 inspicienda
1522 1075 1608 1107 suut,
1633 1079 1718 1110 quae
1742 1070 1775 1100 iu
1799 1080 1877 1100 con-

254 1123 388 1154 trariam
412 1129 540 1164 partem
562 1123 745 1164 disputavit
767 1123 931 1160 Muretus,
957 1123 999 1153 V.
1021 1123 1061 1153 L.
1086 1121 1204 1153 XVII.
1228 1124 1259 1152 4.

107 1185 138 1216 p.
164 1175 221 1208 167
252 1185 280 1207 a.
305 1186 335 1207 v.
358 1176 377 1207 9
399 1187 458 1218 pro
482 1177 624 1207 viderent
648 1176 753 1207 scribe
777 1175 893 1207 vident.
932 1176 1021 1206 Tum
1044 1175 1126 1206 adde
1150 1176 1341 1216 exemplum
1364 1186 1381 1207 e
1405 1176 1482 1206 Tac.
1505 1175 1593 1206 Hist.
1619 1176 1645 1205 l.
1678 1175 1715 1207 37
1750 1175 1782 1205 in
1808 1185 1875 1206 ocu-

251 1229 294 1260 lis
316 1229 411 1261 urbis.

106 1283 184 1314 ibid.
210 1283 243 1314 in
268 1284 377 1314 adnot.
401 1283 442 1313 ad
466 1282 530 1313 Ille
551 1282 714 1312 vehemens
737 1292 828 1312 ruere
849 1281 983 1312 Ernesti
1018 1281 1176 1312 iudicium
1210 1281 1353 1312 laudavi.
1387 1282 1434 1312 At
1457 1281 1521 1311 vid.
1546 1280 1632 1311 Phil.
1659 1281 1724 1312 III.
1747 1281 1783 1311 31
1822 1293 1877 1311 mv

251 1345 342 1366 ruere
364 1335 498 1372 demens,
522 1345 579 1365 nec
593 1334 711 1375 furere
734 1333 862 1365 desinit.

105 1399 136 1429 p.
161 1389 220 1420 168
250 1399 278 1420 a.
302 1388 421 1420 Diaeta
450 1399 563 1419 curare
597 1387 723 1427 incipio.
769 1388 882 1425 Quum
914 1386 1056 1418 violenta
1094 1387 1238 1418 remedia
1271 1396 1442 1427 nunquam
1479 1387 1630 1417 Ciceroni
1666 1387 1875 1427 placuissent,

250 1441 481 1473 Franckenius
504 1451 563 1482 pro
586 1439 702 1480 incipio
725 1440 853 1471 mavult
870 1439 1044 1480 praecipio.

104 1504 134 1535 p.
160 1495 220 1528 170
249 1505 278 1526 a.
303 1494 437 1525 Primae
460 1493 668 1524 adnotationi
691 1493 734 1524 ad
756 1494 773 1532 ξ
798 1494 815 1523 5
839 1493 920 1524 haec
944 1493 1047 1523 adde:
1091 1491 1139 1523 De
1162 1502 1228 1532 quo
1251 1492 1412 1523 Marcello
1438 1491 1516 1522 haec
1540 1492 1691 1522 dicantur
1715 1492 1874 1523 incertum

250 1553 309 1579 est.
333 1546 384 1578 Cf.
407 1547 608 1588 Nipperdey,
631 1545 685 1576 die
707 1545 799 1586 leges
822 1545 960 1576 annales
983 1545 1042 1576 der
1064 1545 1159 1576 Rom.
1184 1544 1263 1584 Rep.
1288 1554 1318 1584 p.
1343 1545 1392 1574 26.

105 1610 136 1641 p.
159 1600 229 1632 181.
254 1600 294 1631 Iu
318 1599 534 1640 inscriptione
557 1598 715 1639 epistolae
737 1608 796 1638 pro
820 1598 885 1628 699
913 1597 1019 1629 scribe
1043 1597 1114 1628 698.

105 1665 134 1695 p.
160 1654 219 1686 182
246 1664 274 1685 a.
298 1653 338 1684 In
361 1653 574 1684 codicillorum
589 1651 703 1692 fastis.
726 1651 846 1683 Deleta
869 1650 1080 1682 adnotatione
1103 1651 1282 1681 scribatur:
1311 1649 1397 1681 Sunt
1420 1649 1494 1680 fasti
1519 1650 1770 1690 magistratuum
1792 1649 1875 1681 futu-

250 1716 370 1744 rorum,
394 1715 476 1746 quos
499 1704 629 1741 Caesar,
653 1703 841 1745 Pompeius,
869 1703 1004 1735 Crassus
1029 1703 1062 1733 in
1085 1713 1183 1733 suum
1207 1712 1302 1732 usum
1327 1702 1359 1732 iu
1384 1702 1553 1732 codicillos
1577 1702 1768 1738 retulerant,
1793 1702 1874 1733 fasti.

250 1765 288 1790 ut
309 1759 356 1790 ita
377 1759 494 1797 dicam,
517 1759 637 1800 priva-ti
650 1754 692 1790 'et
714 1759 853 1788 latentes

159 1813 217 1846 197
250 1813 280 1844 b.
302 1823 334 1844 v.
360 1813 407 1844 10.
430 1823 489 1854 pro
514 1812 697 1853 ,mlaspma
722 1812 829 1843 scribe
854 1809 1066 1850 Malaspinae.

161 1866 220 1897 199
250 1876 278 1897 a.
301 1876 332 1897 v.
356 1866 406 1897 22.
430 1866 546 1897 Adde:
581 1865 743 1897 Similiter
764 1865 799 1895 in
824 1863 994 1895 Ciceronis
1017 1862 1203 1894 Miloniana
1226 1863 1264 1892 53
1287 1862 1416 1893 Gellius
1439 1862 1480 1892 N.
1504 1863 1548 1892 A.
1572 1863 1596 1893 1.
1623 1862 1660 1892 16
1689 1862 1769 1902 legit
1792 1863 1878 1892 mille

250 1919 403 1949 hominum
435 1918 628 1955 rersabaIur,
662 1918 720 1948 ubi
754 1917 872 1958 optimi
901 1916 1030 1946 codices
1060 1925 1149 1946 nunc
1186 1914 1394 1945 versabantur
1416 1915 1582 1955 praebent.
1606 1916 1656 1946 Cf.
1680 1914 1877 1946 Gai-atomus

251 1973 292 2003 ad
313 1981 341 2003 e.
364 1972 386 2004 1.
410 1973 450 2003 In
475 1971 623 2003 Cornelii
646 1971 776 2002 Datam.
804 1970 822 2000 8
846 1969 988 2001 Rothius
1010 1977 1053 2000 ex
1076 1968 1210 2009 optimis
1233 1968 1326 1999 libris
1349 1968 1467 1999 edidit:
1491 1979 1580 2009 quum
1617 1986 1646 1991 —
1668 1978 1727 1999 non
1745 1969 1878 2008 anqdiuae

104 1824 134 1907 3720

251 2025 402 2056 hominum
427 2025 512 2056 mille
535 2024 709 2056 cecidisset.

104 2089 133 2119 p.
158 2078 230 2109 215.
262 2078 370 2110 Verba
398 2083 552 2119 corrupta
582 2087 625 2109 ex
659 2086 709 2118 ep.
741 2078 763 2107 4
790 2077 837 2106 Ae
867 2086 914 2107 me
941 2075 1000 2106 ille
1028 2074 1114 2105 illud
1141 2074 1263 2116 quidem
1293 2073 1391 2111 labat,
1425 2083 1487 2104 non
1517 2084 1584 2115 quo,
1607 2075 1664 2105 sed
1688 2074 1794 2115 inopia
1817 2081 1877 2106 cet.

249 2131 477 2164 Franckenius
499 2132 546 2163 sic
569 2132 769 2163 restituenda
793 2130 966 2161 iudicavit:
991 2130 1037 2160 Ac
1059 2140 1105 2159 me
1126 2128 1211 2159 illud
1229 2127 1349 2169 quidem
1374 2128 1455 2158 male
1477 2128 1582 2165 habet,
1606 2138 1665 2158 non
1692 2140 1751 2170 quo
1764 2152 1878 2163 ......

245 2185 304 2216 sed
325 2185 433 2225 inopia
456 2191 518 2216 cet.

105 2247 134 2277 p.
158 2237 219 2268 219
250 2238 279 2268 b.
304 2248 362 2278 pro
384 2238 467 2280 quod
490 2241 574 2276 ante,
599 2239 688 2279 quod
711 2248 729 2269 a
753 2247 806 2270 me
829 2237 1004 2269 defensum
1028 2243 1087 2274 est,
1111 2246 1200 2267 nunc
1224 2235 1386 2267 assentior
1407 2234 1618 2266 Franckenio
1641 2245 1715 2266 meo
1738 2236 1879 2268 scriben.

251 2291 331 2322 dum
356 2292 460 2323 videri
482 2303 540 2334 quo
564 2292 604 2322 de
626 2294 701 2322 ante
724 2292 775 2332 (qin
802 2301 853 2333 ep.
876 2293 906 2329 4,
927 2292 949 2321 4
971 2291 1005 2321 h.
1027 2291 1077 2329 1.).
1700 2279 1703 2282 ’

104 2354 134 2385 p.
158 2344 220 2376 220
249 2354 267 2375 a
301 2345 343 2376 In
374 2344 562 2386 fragmento
592 2345 682 2376 laud.
714 2350 795 2376 orat.
827 2345 861 2375 in
892 2344 988 2376 Clod.
1019 2349 1052 2375 et
1083 2342 1220 2375 Curion.
1252 2341 1410 2373 Halmius
1435 2341 1468 2372 in
1492 2340 1662 2382 Symbolis
1685 2342 1726 2372 ad
1750 2342 1879 2373 emend.

250 2399 369 2438 fragm.
392 2397 497 2429 Cicer.
519 2409 550 2439 p.
575 2398 614 2428 16
635 2404 724 2430 recte
747 2397 892 2438 scripsit:
917 2399 951 2428 ut
972 2397 1030 2428 illo
1054 2407 1071 2427 e
1092 2395 1220 2428 iudicio.

105 2461 135 2492 p.
160 2452 231 2483 230.
253 2451 314 2492 Ep.
337 2450 436 2482 XIV.
460 2450 479 2480 6
503 2451 545 2481 ad
567 2450 667 2481 verba
690 2449 739 2480 Ex
761 2459 798 2480 eo
819 2449 871 2480 die
894 2450 975 2481 haec
1000 2449 1173 2480 adnotavi:
1211 2448 1326 2479 Tacite
1348 2447 1480 2478 correxi
1503 2446 1631 2483 vitium,
1655 2447 1743 2487 quod
1765 2456 1880 2478 omnes

250 2505 421 2542 editiones,
451 2514 532 2545 quas
563 2504 640 2540 vidi,
672 2504 802 2540 insedit,
835 2513 896 2534 nec
927 2513 946 2534 a
977 2502 1213 2534 recentissimis
1244 2501 1426 2532 editoribus
1448 2500 1615 2531 sublatum
1639 2505 1696 2530 est.
1720 2499 1878 2530 Sci-ibunt

251 2569 289 2588 ea·
311 2568 348 2589 ea
371 2558 433 2589 die.
456 2560 503 2589 At
525 2559 565 2589 de
589 2558 703 2588 eadem
728 2567 762 2588 re
786 2564 872 2588 reete
897 2558 930 2588 in
954 2567 994 2597 ep
1031 2566 1097 2596 seq.
1123 2556 1236 2586 initio:
1261 2554 1303 2584 Ea
1331 2554 1388 2584 hoc
1410 2554 1471 2584 (lie.
1495 2553 1622 2584 Eodem
1644 2553 1742 2582 niodo
1766 2560 1875 2592 pecca-

250 2617 303 2642 tur
323 2611 388 2643 IX.
412 2612 439 2648 6,
464 2613 493 2642 3.

104 2673 135 2704 p.
158 2664 218 2695 233
248 2674 278 2694 ν.
303 2665 330 2695 1.
353 2664 449 2695 Adsis
469 2667 504 2694 tu
526 2664 571 2695 ad
591 2667 721 2704 tempus.
744 2664 984 2696 Coniunctivus
1016 2672 1069 2694 me
1100 2673 1167 2694 non
1193 2669 1259 2693 talu
1282 2661 1429 2697 offendit,
1454 2670 1552 2701 quam
1577 2662 1614 2690 C.
1637 2658 1674 2689 F.
1698 2658 1878 2689 Mulleruin

251 2718 285 2748 iu
308 2716 402 2749 Coni.
426 2718 516 2749 Tull.
541 2729 571 2759 p.
595 2718 644 2750 12.
667 2718 718 2750 Cf.
744 2727 828 2758 quae
851 2716 968 2748 monui
990 2727 1020 2758 p.
1044 2717 1084 2747 54
1107 2717 1148 2747 ad
1171 2717 1198 2746 I.
1223 2715 1271 2751 17,
1297 2715 1345 2745 11.
1369 2713 1435 2745 Sed
1460 2713 1559 2744 verba
1571 2712 1600 2742 εἰ
1612 2722 1657 2742 me
1669 2721 1756 2741 amas
1769 2711 1879 2741 alieno

253 2771 325 2802 loco
357 2772 463 2812 posita
492 2772 642 2802 arbitror.
676 2771 807 2802 Scribe:
842 2770 904 2802 Sed
927 2770 1081 2810 feremus,
1120 2770 1208 2800 modo
1239 2768 1280 2798 sil
1310 2777 1423 2798 annus.
1456 2766 1489 2795 Si
1513 2776 1558 2796 me
1579 2776 1677 2802 amas,
1699 2764 1787 2794 adsis
1810 2763 1877 2796 (vel

251 2824 378 2865 adesto)
400 2818 445 2855 ad
465 2828 595 2866 tempus.

105 2887 135 2919 p.
159 2878 218 2908 251
243 2878 273 2908 b.
297 2888 326 2908 v.
350 2877 401 2908 20.
424 2878 536 2909 Adde:
572 2877 736 2908 Dico-ulam
769 2888 828 2919 pro
860 2877 951 2908 brevi
985 2886 1077 2907 mora
1107 2877 1139 2907 in
1179 2885 1239 2906 usu
1263 2874 1363 2905 fuisse
1388 2872 1569 2903 ostendunt
1596 2870 1734 2900 Plautus
1758 2867 1876 2898 Pseud.

254 2931 297 2962 V.
322 2932 348 2968 1,
372 2931 412 2962 88
447 2931 523 2962 Ter.
546 2932 656 2962 Andr.
679 2932 742 2962 IV.
766 2932 795 2968 2,
819 2931 870 2963 27.

105 2994 136 3025 p.
164 2985 227 3016 254
255 2994 284 3016 a.
308 2995 338 3015 v.
362 2985 390 3015 1.
413 2983 476 3015 Sed
495 2984 565 3016 dico
592 2985 736 3016 revocavi
767 2995 821 3015 me.
851 2983 1079 3015 Franckenius
1111 2982 1193 3012 mihi
1217 2980 1344 3020 scripsit
1367 2978 1429 3009 sibi
1454 2987 1520 3007 non
1544 2974 1737 3014 displicere:
1761 2971 1822 3000 Sed
1845 2970 1874 3000 iu

249 3050 284 3069 ιο
307 3038 451 3069 revocavi
473 3048 527 3068 me.

131 3113 138 3121 .
162 3090 223 3122 256
249 3090 276 3122 b.
299 3100 330 3122 v.
354 3090 393 3122 18
416 3091 517 3122 adde:
542 3095 574 3122 et
595 3091 701 3122 soluta
724 3101 759 3122 re
782 3090 925 3121 mutavit
948 3090 982 3120 in
1005 3089 1157 3119 solvatur.

160 3143 223 3174 284
252 3144 285 3174 in
312 3144 527 3184 inscriptione
551 3154 599 3184 ep.
625 3146 644 3174 9
667 3155 727 3185 pro
751 3144 812 3176 703
837 3144 942 3174 scribe
965 3141 1036 3174 704.

106 3099 136 3184 *gs-0
