2062 3565
762 165 870 207 LIB.
905 166 958 207 Χ.
993 166 1077 208 ΕΡ.
1118 166 1154 207 1.
1779 173 1834 209 89

71 299 179 343 enim
209 297 310 358 1111111
343 297 477 340 adhuc
510 299 671 351 accidit,
705 299 813 355 quod
846 300 1006 342 maioris
1051 299 1210 342 consilii>
1242 308 1359 342 esset.
1407 301 1600 354 Trebatii,
1635 301 1730 344 boni
1764 303 1834 343 viri

71 377 113 416 et
154 372 267 423 civis,
311 371 444 414 verbis
485 377 526 414 te
574 373 730 428 gaudeo
773 373 1031 425 delectatum,
1076 380 1225 431 tuaque
1259 375 1336 417 ista
1369 375 1507 418 crebra
1541 373 1836 432 ἐκφώνησις,

72 441 256 504 ὑπέρευ,
289 460 352 488 1110
387 445 470 488 sola
502 445 634 488 adhuc
668 446 896 489 delectavit.
930 447 1087 490 Literas
1120 454 1209 490 tuas
1243 448 1496 491 vehementer
1515 455 1716 506 exspecto,
1739 466 1838 506 quas

71 516 233 575 quidem
266 517 384 560 credo
417 518 496 560 iam
530 518 644 561 datas
684 535 784 562 esse.
822 524 861 562 4.
904 522 966 563 'l'u
999 536 1090 563 cum
1125 522 1245 564 Sexto
1279 523 1444 564 servasti
1476 523 1713 578 gravitatem
1748 540 1837 567 eau-

72 590 177 670 1101ῐᾶ,
221 605 342 647 quam
386 591 488 634 mihi
521 593 731 650 praecipis.
777 594 891 636 Celer
923 603 1019 636 tuus
1052 594 1225 636 disertus
1259 596 1386 652 magis
1418 601 1480 638 est
1511 612 1631 652 quam
1665 598 1837 654 sapiens.

0 708 26 721 -‚
72 664 132 707 De
174 663 404 717 iuvenibus,
449 680 550 721 quae
591 681 640 708 ex
684 667 817 709 Tullia
850 667 1014 719 audisti,
1050 683 1141 709 vera
1173 674 1282 710 sunt.
1329 670 1355 711 †
1376 670 1540 712 Maeoni
1572 672 1696 723 istud,
1732 673 1837 728 quod

11 791 14 793 Α
72 736 226 790 scribis,
260 753 342 781 non
374 738 475 780 1111111
508 739 668 781 videtur
701 746 783 782 tam
817 756 858 783 re
892 757 977 783 esse
1011 742 1126 783 triste
1161 757 1281 797 quam
1318 742 1452 784 verbo.
1490 743 1599 786 Haec
1634 750 1695 787 est
1727 741 1837 800 ἄλη,

21 820 33 881 α’
69 812 113 855 10
154 827 235 868 qua
282 827 392 854 nunc
443 828 595 864 sumus,
645 815 786 856 mortis
830 815 972 858 instar.
1028 817 1114 856 Aut
1147 816 1254 858 enim
1287 816 1386 858 mihi
1419 815 1542 859 libere
1576 818 1680 860 inter
1714 819 1839 860 malos

69 881 381 930 πολιτευτέον
413 886 492 928 fm't
524 892 595 928 aut
628 888 690 929 vel
722 888 944 944 periculose
979 904 1069 930 01110
1104 888 1234 940 bonis,
1269 895 1339 931 aut
1372 906 1444 931 nos
1475 891 1741 933 temeritatem
1766 891 1834 933 bo-

69 972 213 1001 norum
256 974 470 1014 sequamur
511 964 582 1002 aut
623 960 831 1002 audaciam
864 961 1140 1019 improborum
1173 962 1429 1004 insectemur.
1479 964 1704 1020 Utrumque
1739 967 1838 1020 peri-

11 1038 27 1069 ‹‘
70 1030 252 1074 culosum
294 1036 369 1074 est.
414 1036 472 1075 At
512 1033 602 1083 hoc,
648 1033 756 1088 quod
790 1034 962 1090 agimus,
997 1040 1037 1076 et
1070 1040 1186 1091 turpe
1220 1050 1294 1076 1100
1326 1042 1461 1078 tamen
1495 1043 1643 1081 tutum.
1694 1039 1838 1090 Istum,

14 1099 29 1148 J
69 1104 140 1162 qui
171 1104 301 1148 filium
332 1106 595 1149 Brundisium
633 1106 701 1162 [de
734 1109 849 1163 pace]
886 1108 1009 1159 misit,
1046 1133 1102 1138 —
1137 1107 1186 1149 de
1220 1123 1316 1164 pace
1349 1108 1456 1150 idern
1479 1111 1622 1163 sentio,
1648 1111 1754 1167 quod
1779 1119 1838 1163 tu,

70 1177 367 1232 simulationem
390 1194 474 1221 esse
499 1186 691 1235 apertam,
716 1182 847 1237 parari
874 1186 1009 1223 autem
1032 1181 1184 1223 bellum
1207 1182 1396 1224 acerrime
1422 1208 1479 1213 —
1503 1200 1564 1225 me
1587 1185 1764 1240 legatum
1788 1186 1837 1227 iri

4 1247 20 1314 j,
69 1265 152 1294 11011
178 1250 363 1305 arbitror,
388 1253 505 1294 cuius
528 1252 674 1304 adhuc,
700 1259 746 1295 ut
769 1255 919 1310 optavi,
945 1256 1096 1297 mentio
1119 1258 1223 1297 facta
1246 1256 1357 1297 nulla
1381 1257 1446 1298 sit.
1470 1258 1529 1298 Eo
1553 1258 1686 1300 minus
1713 1259 1839 1300 habeo

0 3473 13 3565 u‘fflifi‘*
0 3453 5 3460 “
0 3438 2 3441 ”

8 1351 21 1366 1
69 1340 229 1368 0000880
263 1326 436 1369 scribere
469 1331 541 1368 aut
573 1327 695 1370 etiam
720 1328 909 1384 cogitare,
935 1329 1032 1384 quid
1057 1330 1133 1371 sim
1156 1330 1349 1381 facturus,
1375 1331 1408 1371 si
1431 1332 1622 1397 aqq'derit
1646 1338 1690 1374 ut
1713 1333 1834 1389 leger.

14 1615 21 1625 ’·
70 1612 290 1654 gravissimas
318 1615 527 1655 quaestiones
573 1616 614 1648 de
650 1616 817 1657 republica
855 1617 934 1649 haec

72 1666 122 1699 est
142 1670 205 1699 cet.

10 2074 16 2087 ι
69 2043 189 2075 onibus
222 2053 293 2076 esse
325 2044 484 2085 gradatio.
515 2044 555 2076 cf.
586 2045 718 2077 Peerlk.
747 2042 857 2076 adnot.
892 2046 932 2076 ad

111 1472 165 1510 6†
191 1472 318 1505 Maeum
361 1473 451 1505 istud
471 1493 512 1498 —-
535 1476 574 1507 12
598 1475 804 1508 Brundisium
826 1476 865 1508 de
879 1487 961 1518 pace
985 1477 1069 1509 misit
1094 1496 1134 1500 ——

113 1720 207 1762 Quod
225 1721 366 1764 equidem
389 1733 452 1754 non
473 1734 559 1756 curo.
581 1724 708 1757 Dubito
731 1736 773 1757 an
790 1726 934 1758 scriben-

71 1775 151 1806 dum
172 1775 215 1806 sit
235 1774 320 1817 quod
337 1786 383 1818 eq.
406 1787 468 1808 non
491 1777 595 1809 oredo.
619 1779 694 1810 Hoc
717 1779 806 1810 enim
829 1784 862 1810 et
880 1779 932 1812 Ci-
956 1785 959 1817 ξ

69 1827 198 1859 caronis
219 1837 379 1870 personae
401 1833 434 1861 et
455 1829 518 1871 ipsi
530 1831 714 1863 sententiae
725 1832 845 1864 melius
857 1842 934 1864 con-

68 1881 169 1918 venit,
191 1891 292 1923 quam
315 1882 399 1914 illud
420 1893 481 1914 non
503 1893 591 1915 curo.

110 1933 190 1965 Dim·
210 1953 252 1958 -
270 1934 459 1976 repudiavit.
483 1936 636 1968 vid..1X.
662 1938 710 1976 18,
735 1939 762 1969 1.

111 1986 130 2027 5
152 1988 183 2019 4.
204 1983 342 2032 ὑπέρευ.
373 1987 467 2020 Solet
498 1989 533 2020 in
557 1989 718 2021 eiusmodi
741 1990 933 2022 exclamati·
954 2012 957 2039 ἆ

69 2097 151 2129 Hor.
186 2107 236 2140 ep.
265 2099 307 2130 ad
334 2098 402 2130 Pis.
431 2109 461 2140 p.
491 2099 562 2130 149.
599 2100 718 2141 Itaque
748 2103 824 2131 ante
845 2099 932 2131 hanc
954 2070 957 2092 Ι

69 2160 185 2183 vocem
206 2151 412 2183 intercidisse
435 2151 566 2183 videtur
587 2152 731 2193 simplex
753 2145 805 2185 εὖ.

110 2209 264 2242 Maxima
285 2219 359 2251 pars
381 2219 505 2246 eorum,
533 2218 619 2250 quae
640 2214 834 2250 sequuntur,
858 2209 931 2240 sine
952 2206 955 2229 -'

70 2263 175 2296 Attici
192 2263 341 2305 epistola,
363 2263 418 2295 eui
439 2263 664 2304 respondetur,
687 2263 860 2294 obscurior
871 2267 929 2294 est.

69 2316 162 2349 Haec
184 2325 287 2358 pauca
309 2325 376 2347 non
401 2320 523 2347 temere
546 2315 709 2347 affirmare
737 2315 825 2347 licet.
857 2315 928 2347 Pri-
951 2335 953 2361 2

12 2363 18 2370 ³
69 2379 164 2401 mum
188 2367 381 2410 qravitatem
413 2368 456 2399 ab
479 2368 593 2399 Attico
615 2372 648 2399 et
670 2367 843 2400 Peducaeo
865 2377 928 2400 ser·
951 2364 953 2410 ⁴]

975 2430 1052 2458 esse,
1075 2420 1167 2451 etiam
1191 2420 1220 2451 si
1241 2431 1303 2451 non
1319 2420 1450 2461 probes.-
1485 2430 1611 2462 quorum
1634 2420 1738 2450 altera
1763 2419 1839 2449 mihi

70 2427 179 2454 vatam
202 2431 274 2454 0880
295 2422 331 2453 in
353 2431 530 2463 congressu
552 2430 628 2452 cum
650 2420 800 2452 Caesare.
837 2421 926 2452 'rum

13 2468 19 2472 ⁷
71 2476 208 2509 Celerem
229 2486 301 2509 0880
322 2477 464 2509 eundem
488 2475 670 2513 hominem,
696 2475 755 2516 qui
770 2485 929 2507 memora-

70 2534 122 2562 t-ur
142 2529 208 2562 XI.
229 2531 259 2567 4,
283 2530 299 2560 1
325 2534 356 2561 et
378 2528 462 2560 XII.
485 2529 514 2565 8,
544 2528 651 2560 Attici
672 2527 808 2559 fortasse
834 2528 930 2560 liber-

55 2612 58 2614 .
71 2589 151 2616 tum.
166 2583 321 2625 Denique
343 2583 471 2614 iuvene-5
485 2591 556 2614 esse
573 2581 758 2619 Cicerones,
772 2582 839 2613 iam
853 2588 931 2623 toga
949 2571 953 2591 ¹

16 2676 19 2681 ⁵
69 2648 152 2679 pura
172 2637 358 2669 instructos.

109 2689 269 2728 ῩΜασοηί
290 2689 387 2721 istud.
408 2690 450 2720 ln
474 2689 580 2730 priore
604 2698 693 2726 voce,
718 2699 775 2729 pro
790 2698 856 2730 qua
867 2689 929 2720 Bo·

69 2745 137 2777 sius
159 2745 192 2776 in
216 2744 317 2776 Torn.
343 2743 464 2775 vidisse
486 2753 520 2774 se
539 2743 669 2783 scripsit
684 2742 816 2780 Jlacum,
832 2741 930 2774 Grae-

69 2808 141 2831 cam
162 2807 278 2830 vocem
300 2798 402 2829 latere
423 2796 521 2828 multi
541 2796 696 2838 suspicati
717 2802 804 2828 sunt.
840 2796 929 2828 Tun-

69 2851 185 2884 stallus
206 2860 256 2893 ep.
278 2851 301 2882 1.
322 2861 354 2892 p.
376 2851 417 2882 80
439 2850 600 2882 coniecit:
627 2844 732 2894 ἄκρον
762 2848 858 2886 istud,
881 2849 932 2880 in-

18 2927 21 2930 »
69 2907 224 2948 telligens
237 2907 278 2938 de
292 2911 408 2944 morte,
427 2915 527 2947 quam
540 2905 656 2937 Cicero
672 2905 706 2936 in
721 2905 774 2936 his
788 2904 930 2936 miseriis

69 2959 134 2992 sibi
155 2959 276 2992 inferre
301 2958 458 2994 voluerit3
483 2957 610 2998 Popma
630 2956 759 3002 μάκρον
782 2958 880 2996 istud,
892 2961 929 2989 ut

0 3017 25 3037 ¹·
70 3016 113 3048 sit
143 3017 284 3058 longum
318 3015 417 3056 fugae
454 3018 601 3055 tempus;
631 3013 777 3046 Orellius
805 3014 840 3046 in
872 3015 927 3046 alt.

71 3069 148 3101 edit.
167 3064 375 3114 ἑνδόμυχον,
400 3072 437 3098 ut
459 3066 502 3097 V.
526 3066 575 3103 14,
598 3067 616 3097 3
639 3070 670 3097 et
689 3066 738 3104 21,
752 3065 931 3103 143Peerl·

2 3141 13 3167 ‚-
71 3124 222 3166 kampius
244 3133 362 3156 vocem
385 3128 490 3154 ortam
523 3121 658 3162 putabat
680 3131 697 3153 e
722 3121 929 3162 compendio,

0 3172 15 3222 ξ,
69 3177 346 3220 scribendumque
390 3174 655 3208 medicamentum.
703 3174 773 3213 Ego
815 3174 953 3216 malim}

981 1608 1174 1655 φάρμακον.
1200 1611 1300 1652 Seqq.
1323 1611 1368 1642 ita
1389 1611 1535 1650 corrigo:
1571 1608 1661 1640 Haec
1684 1612 1730 1640 ese
1755 1607 1839 1640 ἀνά-

981 1661 1091 1710 ληψις.
1122 1665 1163 1696 In
1191 1676 1250 1708 quo
1281 1676 1362 1697 nunc
1393 1675 1509 1703 sumus,
1538 1664 1646 1696 mortis
1677 1664 1782 1695 instar
1807 1675 1838 1696 a:

978 1722 1065 1760 Hoc,
1087 1723 1175 1764 quod
1195 1723 1320 1760 suades,
1335 1727 1382 1754 est
1401 1722 1481 1753 mali
1494 1722 1656 1754 levamen.
1680 1722 1839 1754 Praesens

978 1777 1124 1808 conditio
1147 1782 1195 1808 est
1218 1776 1310 1807 velut
1330 1786 1431 1807 mors.

1021 1829 1085 1860 Aut
1114 1829 1195 1860 enim
1225 1847 1265 1851 -—
1294 1828 1491 1860 insectemur.
1514 1829 1622 1861 Locus
1644 1830 1715 1861 sine
1737 1830 1840 1861 dubio

955 1911 958 1935 ε
980 1890 1163 1926 corruptus.
1187 1885 1273 1916 Nam
1296 1893 1328 1917 et
1350 1885 1507 1916 transitus
1523 1885 1714 1926 asingulari
1732 1884 1838 1925 (mihi)

979 1938 1020 1969 ad
1048 1937 1211 1978 pluralem
1233 1946 1410 1969 numerum
1434 1938 1521 1980 (nos)
1544 1937 1703 1970 molestus
1726 1942 1783 1975 est,
1807 1943 1839 1970 et

979 1991 1094 2023 Cicero
1117 2001 1184 2022 non
1207 1990 1315 2032 potuit
1336 1990 1444 2022 dicere
1466 1990 1529 2022 sibi
1552 1990 1650 2022 libere
1673 1991 1759 2022 inter
1773 2001 1839 2022 ma-

980 2045 1028 2077 los
1051 2045 1085 2076 in
1110 2045 1277 2086 republica
1300 2045 1422 2076 versari
1445 2045 1587 2082 licuisse,
1612 2051 1644 2076 et
1666 2045 1839 2077 0011118111-

978 2106 1028 2132 ter
1041 2105 1217 2141 utrumque
1232 2099 1415 2131 sententiae
1432 2100 1619 2132 membrum
1633 2100 1720 2131 male
1732 2100 1839 2140 negli-

977 2155 1075 2196 gitur.
1111 2154 1187 2192 Qua
1215 2159 1326 2186 autem
1352 2154 1480 2185 ratione
1512 2154 1613 2186 verba
1644 2154 1839 2194 corrigenda

976 2209 1051 2248 sint,
1075 2209 1117 2240 ab
1139 2209 1212 2240 aliis
1233 2208 1343 2241 doceri
1361 2209 1468 2250 cupio.
1485 2208 1621 2246 Partim,
1639 2209 1696 2240 sed
1710 2208 1838 2245 frustra,

975 2262 1139 2302 corrigere
1161 2262 1285 2293 studuit
1306 2261 1456 2293 Kochius
1480 2262 1502 2292 l.
1525 2272 1553 2292 0.
1581 2272 1611 2302 p.
1640 2261 1710 2294 276.
1744 2260 1837 2292 Conf.

975 2315 1108 2347 interim
1136 2315 1217 2348 haec
1247 2315 1349 2347 verba
1377 2324 1420 2347 ex
1450 2324 1500 2356 ep.
1526 2315 1554 2345 2.
1578 2314 1642 2345 IV.
1664 2315 1705 2345 ad
1726 2314 1836 2345 Fam:

974 2368 1058 2409 Ειῃο
1071 2370 1127 2399 aut
1136 2368 1271 2409 probare
1284 2370 1407 2409 oportet
1418 2378 1466 2404 ea,
1481 2368 1662 2409 quccefiunt,
1672 2369 1728 2398 (cut
1744 2367 1837 2397 inler-

975 2474 1086 2516 turpz's,
1110 2474 1215 2505 altera
1239 2474 1332 2505 etiam
1351 2473 1533 2515 periculosa
1555 2473 1640 2504 ratio
1663 2473 1801 2504 videtur.

1019 2527 1090 2559 Hoc
1111 2527 1193 2569 quod
1213 2527 1334 2569 aqimus
1357 2538 1412 2569 np.
1435 2528 1470 2558 in
1494 2527 1591 2558 Italia
1614 2527 1788 2558 manendo.

1018 2581 1130 2612 Ictum.
1164 2580 1217 2612 Ex
1252 2581 1292 2612 iis
1323 2590 1407 2622 quae
1440 2585 1622 2622 sequuntur
1641 2580 1760 2611 omissa
1785 2589 1836 2610 ne·

976 2635 1110 2676 gatione
1142 2635 1206 2666 hue
1239 2634 1405 2675 pertinent
1442 2634 1543 2665 verba
1564 2634 1700 2674 leqatum
1724 2633 1766 2663 iri
1787 2643 1836 2663 αν-

975 2686 1081 2718 bitror.
1119 2686 1156 2718 Si
1178 2686 1342 2727 significat
1363 2686 1415 2717 his
1446 2686 1553 2717 verbis
1583 2685 1738 2718 Servium
1765 2684 1836 2715 Sul-

976 2740 1109 2781 picium,
1141 2739 1240 2770 verba
1267 2737 1306 2769 de
1332 2748 1415 2779 pace
1448 2738 1556 2779 priore
1593 2738 1665 2769 loco
1697 2737 1834 2769 delenda

975 2798 1054 2825 sunt
1089 2797 1121 2824 et
1148 2792 1276 2824 librarii
1304 2792 1406 2824 errori
1437 2792 1608 2829 debentur,
1638 2799 1673 2822 ut
1701 2800 1742 2822 ex
1772 2789 1833 2821 IX.

977 2845 1026 2883 19,
1049 2846 1069 2876 2
1097 2844 1311 2876 manifestum
1340 2850 1388 2876 est
1443 2844 1517 2885 Ego
1545 2844 1675 2875 uncinis
1706 2842 1834 2873 inclusi.

976 2899 1090 2930 Potest
1109 2903 1221 2930 tamen
1243 2898 1314 2930 fieri
1337 2902 1372 2929 ut
1394 2898 1435 2929 de
1457 2897 1614 2929 Cornelio
1636 2896 1743 2928 Balbo
1770 2905 1833 2927 ser-

976 2962 1031 2983 mo
1053 2952 1104 2990 sit,
1128 2952 1189 2983 etsi
1211 2962 1278 2983 non
1299 2955 1428 2983 constat
1450 2951 1595 2983 Balbum
1618 2950 1780 2981 minorem
1793 2949 1833 2979 de

975 3017 1054 3049 pace
1076 3009 1118 3039 ad
1140 3007 1337 3049 Pompeium
1358 3007 1497 3038 missum
1519 3006 1628 3037 fuisse.

1017 3060 1052 3092 Sz’
1073 3061 1236 3098 acciderit,
1259 3063 1294 3092 ut
1316 3061 1412 3102 leyer.
1425 3060 1516 3092 Male
1531 3060 1689 3091 Ernestus
1705 3060 1832 3098 impert.

975 3118 1061 3149 coni.
1093 3118 1218 3159 leqarer
1240 3116 1399 3157 postulari
1420 3115 1604 3147 affirmavit:
1646 3113 1729 3144 Nam
1752 3113 1833 3143 acci·

975 3169 1060 3201 deri!
1083 3175 1128 3202 est
1154 3169 1290 3202 verbum
1315 3169 1417 3200 futuri
1440 3167 1605 3211 temporis.

1864 983 1896 1010 lo

1861 1346 1894 1373 15
