2062 3565
172 172 174 174 ’
210 156 292 195 142
552 155 636 195 ΕΡ.
672 155 747 194 AD
780 154 826 193 T.
862 150 1212 192 POMPON11.·‘M
1246 149 1509 191 A‘PTICUM.

206 289 419 344 polliceriS,
455 288 588 329 videre
622 288 739 342 plane
772 286 906 327 velim.
956 284 1093 325 Alium
1126 284 1248 334 enim,
1283 283 1349 324 cui
1381 283 1492 324 illam
1526 283 1815 334 commendem,
1850 282 1977 325 habeo

205 363 421 410 neminem,
456 361 647 415 quoniam
681 360 798 401 matri
841 373 1001 413 quoque
1035 358 1174 398 eadem
1206 356 1388 398 intellexi
1422 372 1506 398 esse
1539 363 1690 412 parata,
1727 372 1831 412 quae
1862 356 1975 398 mihi.

206 435 298 485 Sed,
345 435 378 475 si
426 449 488 474 me
521 449 603 474 non
645 432 836 482 offendes,
872 431 969 472 satis
1001 437 1138 472 tamen
1172 429 1320 471 habeto
1355 430 1675 472 commendatam
1708 436 1977 486 patruumque
2023 468 2028 473 .

205 509 247 549 in
295 523 354 556 ea,
395 512 592 561 quantum
635 506 796 561 poteris,
850 505 1047 559 mitigato.
1101 505 1214 545 Haec
1264 504 1314 544 ad
1358 510 1397 545 te
1442 503 1507 545 die
1540 504 1667 545 natali
1699 519 1788 545 meo
1823 502 1978 557 scripsi,

172 601 182 607 -
206 596 284 636 quo
330 580 486 620 utinam
535 584 744 634 susceptus
791 593 874 618 non
927 592 1052 618 essem
1099 584 1169 618 aut
1214 592 1263 618 ne
1298 576 1394 630 quid
1430 592 1475 617 ex
1512 576 1649 618 eadem
1684 583 1809 618 matre
1843 580 1980 630 postea
2019 595 2021 618 ;

206 660 345 695 natum
381 654 508 694 esset!
547 652 670 693 Plura
705 650 877 692 scribere
913 650 1011 691 fletu
1047 649 1275 705 prohibeor.

208 828 224 849 e
247 818 378 849 Graevii
401 817 591 848 coniectura
604 822 636 846 et
654 815 804 855 vestigiis
818 815 958 845 duorum
976 814 1070 844 codd.

208 871 333 901 nullius
356 869 567 906 auctoritatis,
590 869 711 909 quibus
735 877 823 898 nunc
847 874 957 898 tamen
985 876 1073 896 acce-

207 925 289 954 dunt
313 923 429 954 Scidae
452 922 681 958 Monaeenses,
714 921 764 951 his
794 921 904 952 verbis
942 930 1073 961 praepo-

205 978 299 1008 nitur
327 978 423 1017 patre
458 975 597 1006 omnino
634 974 813 1005 delendum
852 983 921 1005 esse
952 973 1074 1014 optime

208 1029 447 1062 demonstravit
478 1028 750 1067 Wesenbergius,
783 1027 912 1058 Emend
959 1037 987 1067 p.
1023 1026 1073 1056 60.

208 1085 407 1125 Asyndeton
431 1084 572 1114 (luorum
596 1082 769 1112 nominum
788 1081 990 1121 patrimonio,
1000 1081 1073 1120 jor-

210 1140 287 1167 lamc
313 1147 353 1168 ue
377 1146 475 1176 quem
497 1135 653 1171 offendat,
689 1134 811 1165 similia
844 1133 995 1174 exempla
1033 1142 1074 1163 ex

210 1191 260 1221 his
285 1189 388 1220 literis
420 1189 521 1219 laudo
552 1188 616 1218 ΙΙΙ.
647 1188 695 1224 13,
720 1187 730 1216 1
760 1195 875 1216 catastae
898 1195 992 1222 meae,
1028 1195 1075 1215 vo-

210 1245 329 1274 lantati
354 1254 487 1274 meorum
519 1242 583 1273 IX.
615 1243 652 1272 15
689 1242 855 1275 muclelem,
888 1240 1003 1271 iratum
1036 1241 1075 1270 V.

211 1301 259 1336 521,
295 1300 331 1330 12
360 1298 558 1340 querentibus
582 1316 622 1320 ——
639 1296 886 1337 postulantibus.
925 1296 965 1326 cf.
990 1305 1077 1336 prae-

210 1362 296 1385 terea
321 1352 504 1383 Hofmann.
528 1352 568 1382 ad
591 1361 641 1392 ep.
663 1351 723 1382 sel.
747 1351 794 1381 II.
820 1351 868 1386 12,
893 1350 921 1381 2.

253 1406 286 1436 Si
308 1416 353 1437 me
375 1415 436 1436 non
459 1404 607 1446 offenda,
631 1410 666 1435 ut
688 1413 784 1444 supra
798 1403 982 1444 relinquam,
1008 1412 1073 1432 non

211 1470 285 1490 cum
309 1458 451 1490 Graevio
483 1457 720 1498 explicandum
750 1461 797 1487 est
827 1456 867 1486 (le
900 1455 1073 1491 moriendi,

212 1514 268 1544 sed
290 1513 330 1544 de
352 1512 418 1542 alio
435 1511 579 1542 abeundi
591 1510 741 1541 consilio.
765 1512 804 1541 111
821 1509 985 1540 sententia
1000 1519 1075 1539 con-

211 1564 365 1595 ditionali
387 1563 534 1594 futurum
559 1563 699 1603 simplex
717 1562 821 1592 rarius
838 1562 947 1591 locum
965 1560 1074 1597 habet,

213 1618 268 1648 sed
287 1627 353 1647 nou
368 1617 500 1647 estsine
515 1616 679 1656 exemplo.
705 1615 779 1645 Vid.
793 1614 876 1645 Sest.
894 1614 943 1644 51.
970 1613 1076 1653 Quare

1121 814 1260 845 crimine
1283 815 1368 845 inter
1403 821 1576 855 utramque
1610 814 1711 845 futuri
1743 813 1899 854 temporis
1931 814 1982 844 de-

1122 870 1344 909 signationem
1368 868 1559 909 Madvigius
1581 870 1710 900 mouuit
1732 868 1794 910 Op.
1815 869 1920 900 Acad.
1937 868 1982 900 ΙΙ.

1122 933 1150 962 p.
1176 922 1216 953 80
1240 923 1274 952 in
1298 923 1374 952 adn.

1164 974 1203 1005 In
1227 985 1264 1005 ea
1312 974 1402 1006 Male
1438 976 1470 1006 111
1504 985 1607 1015 marg.
1638 975 1755 1006 Lamb.
1790 974 1918 1015 scripsit
1949 973 1983 1004 in

1127 1039 1206 1060 eam.
1229 1029 1270 1059 cf.
1294 1038 1392 1070 supra
1413 1030 1454 1060 ad
1478 1029 1540 1060 IV.
1566 1029 1614 1066 17,
1638 1030 1656 1060 3

1169 1081 1230 1113 Die
1252 1082 1358 1112 natali
1382 1092 1457 1118 meo,
1481 1082 1536 1122 qui
1563 1087 1632 1112 erat
1646 1092 1673 1112 a.
1688 1083 1719 1113 d.
1737 1081 1984 1112 111.Non.12n.

1170 1135 1292 1165 Utinam
1316 1137 1478 1175 susceptus
1500 1145 1560 1165 non
1585 1144 1680 1164 essem
1703 1137 1760 1164 aul
1782 1144 1821 1164 ne
1849 1133 1926 1176 quid
1945 1151 1986 1157 —-

1124 1190 1231 1218 nalum
1251 1190 1342 1218 esset.
1357 1187 1507 1227 Aliquod
1519 1186 1696 1218 discrimen
1709 1191 1859 1218 statuunt
1873 1186 1984 1218 Rams-

1123 1241 1261 1272 hornius
1295 1241 1328 1272 111
1355 1241 1465 1271 18111111
1487 1242 1568 1272 Α1111
1606 1240 1728 1271 Ρ111101.
1754 1241 1782 1271 Ι.
1805 1250 1837 1281 p.
1860 1239 1919 1273 371
1954 1245 1985 1271 et

1124 1295 1267 1325 Haasius
1291 1295 1330 1325 ad
1361 1294 1498 1333 Reisigii
1533 1294 1670 1325 Scholas
1704 1295 1779 1325 adn.
1808 1294 1870 1325 495
1900 1294 1986 1326 iuter

1126 1348 1243 1378 utinam
1267 1358 1327 1378 non
1350 1353 1382 1378 et
1405 1348 1523 1378 utinam
1547 1358 1595 1385 ne,
1619 1348 1712 1388 quasi
1736 1347 1794 1378 illo
1813 1348 1912 1379 modo
1925 1346 1988 1379 for-

1123 1403 1196 1439 tius,
1221 1403 1309 1442 quod
1331 1402 1402 1433 fieri
1425 1402 1541 1439 nolles,
1565 1401 1796 1442 deprecareris.
1825 1401 1891 1432 Illa
1912 1409 1983 1433 sen—

1123 1457 1225 1487 tentia
1249 1456 1380 1487 videtur
1404 1456 1581 1496 probanda.
1609 1455 1733 1486 Utinam
1755 1465 1794 1486 ne
1819 1462 1868 1486 est
1889 1455 1982 1486 Fam.

1126 1509 1167 1539 V.
1193 1508 1240 1545 17,
1266 1510 1284 1539 3
1308 1516 1340 1539 et
1363 1514 1450 1539 recte
1473 1519 1492 1539 a
1515 1508 1648 1539 Baitero
1671 1509 1849 1549 repositum
1872 1513 1921 1540 est
1942 1508 1983 1539 ad

1123 1561 1154 1600 Q,
1188 1562 1225 1591 fr.
1250 1562 1275 1591 I.
1301 1560 1328 1598 3,
1352 1561 1371 1591 9
1393 1561 1451 1590 sed
1478 1562 1556 1592 haec
1585 1561 1703 1592 utinam
1739 1572 1778 1592 ne
1808 1561 1982 1601 experiare,

1122 1615 1178 1645 ubi
1203 1615 1336 1655 negatio
1360 1615 1393 1644 111
1425 1615 1496 1644 cod.
1530 1614 1618 1644 Med.
1649 1614 1827 1650 exciderat,
1862 1619 1892 1645 er
1926 1613 1982 1644 alii

212 1682 317 1702 moneo
340 1681 392 1701 vos
415 1682 462 1708 ne,
486 1671 585 1711 siqua
599 1679 650 1700 vos
663 1668 835 1710 aliquando
849 1667 1021 1698 necessitas
1037 1685 1076 1688 —-
1125 1670 1234 1699 minus
1259 1675 1344 1699 recte
1370 1680 1427 1698 mm
1453 1669 1730 1708 interposuerunt.

212 1726 341 1761 vocabit,
364 1725 523 1764 seqniores
538 1724 608 1754 siris
631 1730 691 1754 vet.
717 1723 765 1753 De
790 1723 880 1753 tcuui
904 1721 1074 1762 saepedis-

846 1842 895 1881 1.
962 1842 1027 1885 (Ἀ.
1072 1840 1116 1879 ι’.
1156 1843 1197 1878 c.
1238 1839 1355 1892 707.)

278 1973 316 2012 1.
354 1970 416 2012 Ad
453 1985 559 2011 meas
593 1967 851 2010 incredibiles
895 1965 1169 2021 aegritudines
1202 1964 1354 2020 aliquid
1387 1964 1481 2006 novi
1515 1964 1670 2006 accedit
1702 1980 1751 2006 ex
1782 1966 1846 2017 iis,
1881 1981 1981 2021 quae

212 2045 260 2085 de
311 2044 362 2095 Q.
412 2043 464 2094 Q.
509 2042 559 2083 ad
603 2057 664 2082 1110
700 2042 936 2082 afferuntur.
988 2041 1034 2080 P.
1068 2039 1293 2089 Terentius,
1328 2054 1440 2080 meus
1473 2039 1734 2089 necessarius,
1769 2053 1907 2094 operas
1938 2039 1982 2081 in
2030 2035 2062 2054 '³

212 2122 330 2172 portu
371 2121 410 2156 et
450 2115 647 2170 scriptura
692 2113 811 2154 Asiae
858 2128 928 2168 pro
961 2112 1152 2166 magistro
1186 2110 1312 2152 dedit.
1364 2111 1404 2151 Is
1436 2110 1639 2156 Quintum
1671 2110 1799 2152 filium
1831 2111 1983 2167 Ephesi

175 2203 189 2227 5
211 2189 315 2230 vidit
366 2202 426 2230 v1.
462 2188 525 2229 Id.
559 2187 772 2228 Decembr.
806 2202 977 2241 eumque
1012 2185 1190 2226 studiose
1224 2190 1383 2240 propter
1416 2185 1636 2226 amicitiam
1669 2189 1848 2225 nostram
1880 2184 1982 2226 invi-

210 2262 326 2312 tavit,
362 2276 566 2315 quumque
600 2276 648 2301 ex
681 2276 727 2301 eo
761 2260 809 2301 de
844 2275 905 2301 me
940 2263 1255 2315 percontaretur,
1290 2273 1380 2299 eum
1416 2257 1492 2299 sibi
1527 2258 1584 2299 ita
1607 2258 1755 2299 dixisse
1778 2256 1980 2307 narrabat,
2023 2307 2027 2311 .

211 2350 251 2375 se
296 2334 396 2376 mihi
435 2349 518 2374 esse
562 2333 902 2382 inimicissimum,
950 2332 1218 2386 volumenque
1253 2330 1330 2372 sibi
1365 2330 1586 2372 ostendisse
1620 2330 1827 2380 orationis,
1863 2344 1982 2384 quam

211 2407 319 2464 apud
352 2406 560 2448 Caesarem
596 2412 734 2447 contra
774 2422 835 2447 me
884 2410 988 2447 esset
1022 2405 1233 2446 habiturus
1247 2423 1258 2456 3
1293 2404 1421 2445 multa
1455 2421 1477 2445 a
1511 2420 1550 2445 se
1585 2404 1693 2445 dicta
1727 2408 1865 2444 contra
1897 2403 1982 2445 eius

211 2479 442 2530 amentiam,
487 2478 616 2519 multa
656 2484 793 2533 postea
834 2479 966 2520 Patris
1000 2479 1122 2519 simili
1156 2478 1303 2519 scelere
1338 2492 1473 2519 secum
1508 2478 1708 2530 Quintum
1741 2481 1894 2532 patrem
1927 2476 1982 2517 lo·
2023 2479 2038 2509 -”

156 2574 194 2599 10
211 2557 364 2603 cutum,
400 2551 515 2592 cuius
548 2550 723 2592 furorem
757 2567 804 2593 ex
837 2551 887 2592 iis
921 2550 1115 2607 epistolis,
1151 2565 1251 2605 quas
1286 2549 1336 2591 ad
1358 2554 1398 2591 te
1422 2550 1528 2601 misi,
1551 2550 1774 2605 perspicere
1796 2548 1981 2604 potuisti.

212 2626 326 2667 Haec
367 2624 446 2666 tibi
486 2623 614 2665 dolori
655 2640 740 2666 esse
783 2629 891 2666 certo
935 2625 1031 2675 scio,
1076 2640 1139 2666 me
1183 2624 1346 2679 quidem
1389 2623 1635 2673 excruciant,
1680 2627 1720 2663 et
1763 2637 1808 2663 eo
1840 2623 1982 2677 magis,

213 2698 319 2752 quod
366 2697 465 2739 mihi
509 2713 600 2739 cum
640 2697 721 2739 illis
764 2714 814 2739 ne
857 2697 1049 2752 querendi
1097 2697 1259 2751 quidem
1304 2697 1435 2738 locum
1480 2696 1663 2738 futurum
1696 2700 1809 2749 puto.
1847 2698 1887 2735 2.
1921 2695 1982 2736 De
2031 2704 2036 2706 “

255 2888 274 2927 ξ
298 2888 327 2919 1.
355 2887 398 2918 De
425 2888 461 2929 Q.
486 2887 523 2928 Q.
545 2897 577 2918 0:
601 2887 641 2918 de
666 2887 810 2925 Quintis,
834 2894 926 2928 patre
948 2893 981 2919 et
996 2886 1075 2924 filio,
1096 2915 1099 2932 ,f
1121 2886 1316 2927 Hisponem,
1338 2884 1390 2927 qui
1411 2893 1521 2925 operas
1543 2884 1577 2915 in
1593 2883 1750 2924 scriptura
1756 2893 1819 2924 pro
1835 2883 1985 2925 maqistro
2030 2880 2040 2918 f*

216 2949 251 2973 ut
274 2951 363 2983 seqq.
386 2943 515 2973 docent.

261 2995 379 3036 Operas
411 3015 452 3020 —
479 2995 567 3027 dedit
597 3005 631 3027 o:
665 2996 699 3026 in
734 2995 951 3036 vectigalibus
974 2995 1077 3026 Asiae

217 3049 391 3090 exigendis
413 3050 563 3081 societati
583 3049 845 3090 publicanorum,
868 3049 924 3090 qui
947 3058 985 3080 ea
1002 3059 1077 3079 con-
1099 3074 1101 3076 .

217 3103 394 3140 duxerant,
418 3102 569 3143 magistri
591 3102 663 3133 loco
685 3101 818 3133 functus
840 3107 899 3133 est.
924 3101 965 3132 cf.
983 3101 1078 3132 Fam.
1100 3107 1101 3110 ’

179 3173 182 3175 -
219 3154 319 3185 XIII.
354 3154 403 3191 65,
426 3155 482 3185 ubi
516 3155 658 3185 eundem
691 3154 778 3184 huuc
812 3154 848 3184 P.
886 3141 1102 3185 Terentium?

1124 3054 1254 3086 quoque
1275 3054 1343 3075 esse
1365 3044 1399 3074 in
1421 3043 1524 3084 operis
1546 3042 1718 3080 societatis,
1741 3042 1819 3074 ibid.
1841 3043 1870 3079 9,
1883 3044 1912 3072 3.
1934 3041 1984 3073 De
2025 3046 2038 3081 -ζ

1125 3099 1239 3131 ceteris
1262 3098 1335 3129 dixi
1358 3099 1398 3129 ad
1422 3098 1465 3129 v.
1488 3098 1538 3134 15,
1559 3098 1587 3128 3.
2030 3086 2034 3096 ’

1169 3151 1323 3183 Invitavit
1357 3162 1388 3183 o:
1424 3152 1465 3182 ad
1497 3161 1634 3182 coenam
1668 3150 1819 3187 vocavit,
1842 3148 1984 3190 hospitio
2028 3164 2031 3165 ⁷

1121 2938 1189 2976 dat,
1222 2938 1432 2969 commendat
1460 2937 1498 2969 P.
1529 2936 1623 2975 Silio,
1653 2936 1710 2977 qui
1733 2946 1761 2967 8.
1784 2936 1845 2968 703
1869 2935 1984 2967 Asiam
2022 2945 2042 2972 123

1123 3003 1181 3034 pro
1202 2996 1350 3033 praetore
1374 2992 1516 3023 tenebat.
1540 2991 1640 3022 Tales
1661 2990 1813 3021 homines
1828 2989 1985 3021 dicuutur
2027 2986 2042 3022 ἦ
