2062 3565
714 172 818 214 LIB.
857 172 975 216 VIH.
1011 174 1094 217 ΕΡ.
1134 176 1202 216 15.
1788 181 1838 220 41

939 316 988 354 A.

615 387 813 425 BALBUS
844 388 1091 428 CICERONI
1126 390 1229 430 [MP.
1262 393 1299 429 S.

10 525 15 533 ⁴
135 473 176 514 1.
210 470 386 513 Obsecro
419 478 472 522 te,
508 473 662 524 Cicero,
698 474 854 531 suscipe
890 489 1025 517 curam
1060 482 1100 518 et
1133 478 1418 532 cogitationem
1449 479 1727 535 dignissimam
1751 490 1843 521 tuae

0 541 30 650 f}
73 545 248 597 virtutis,
280 550 327 587 ut
359 545 568 588 Caesarem
603 552 643 588 et
676 546 913 604 Pompeium
948 551 1113 605 perfidia
1146 551 1356 594 hominum
1391 552 1603 606 distractos
1637 568 1774 595 rursus
1798 554 1843 595 in

5 629 37 676 ,ξ
72 620 281 680 ρτὶῄὶῃαω
327 620 581 663 concordiam
625 621 806 664 reducas
861 623 987 665 Crede
1026 624 1126 666 mihi
1159 625 1370 667 Caesarem
1403 641 1484 668 non
1519 626 1648 668 solum
1683 627 1766 668 fore
1800 629 1843 670 in
1883 640 1896 664 ⁵

0 685 37 754 ,ξ
69 699 142 738 tua
184 699 395 751 potestate,
441 695 509 737 sed
551 696 672 738 etiam
717 697 936 739 maximum
980 697 1219 740 beneficium
1265 705 1304 741 te
1339 698 1416 741 sibi
1450 699 1607 742 dedisse
1640 700 1843 742 iudicatu-

0 766 30 818 ’ἶ
70 782 173 820 rum,
214 768 249 810 si
289 767 369 809 huc
412 775 451 810 te
484 769 630 811 reiicis.
686 769 813 811 Velim
846 770 952 812 idem
987 770 1202 827 Pompeius
1234 771 1368 823 faciat,
1405 773 1475 828 qui
1509 778 1555 814 ut
1588 773 1737 816 adduci
1769 774 1842 816 tali

0 839 26 886 ζ
71 845 248 897 tempore
281 840 332 883 ad
365 841 489 883 ullam
523 841 796 884 conditionem
831 843 970 899 possit,
1005 844 1133 899 magis
1169 849 1278 900 opto,
1315 860 1433 899 quam
1459 860 1587 901 spero.
1622 846 1699 888 Sed
1722 862 1846 902 quum

0 891 27 949 ξ·
73 914 298 957 constiterit
337 919 378 956 et
416 915 556 957 timere
598 915 775 967 desierit,
816 922 903 958 tum
945 917 1137 972 incipiam
1171 932 1253 958 non
1286 918 1494 973 desperare
1527 923 1640 960 tuam
1675 921 1847 961 auctori-

0 946 30 1022 <
73 992 196 1031 tatem
228 988 447 1044 plurimum
482 989 590 1045 apud
623 1005 714 1031 eum
751 990 976 1032 valituram.
1015 994 1055 1032 2.
1090 991 1210 1044 Quod
1242 991 1462 1034 Lentulum
1485 992 1689 1034 consulem
1713 1008 1846 1034 meum
1870 1006 1904 1032 ιο

70 1061 234 1104 voluisti
266 1061 333 1104 hic
366 1078 583 1115 remanere,
618 1064 778 1105 Caesari
811 1070 985 1120 gratum,
1020 1064 1120 1106 mihi
1153 1080 1245 1106 vero
1269 1066 1542 1120 gratissimum
1566 1065 1846 1107 mediusfidius

71 1135 215 1178 fecisti.
265 1135 372 1178 Nam
416 1136 530 1178 illum
571 1137 675 1178 tanti
717 1137 833 1187 facio,
878 1143 925 1178 ut
963 1153 1043 1179 non
1077 1137 1288 1179 Caesa-rem
1321 1138 1448 1194 magis
1482 1138 1651 1194 diligam
1661 1156 1672 1189 ;
1707 1139 1778 1194 qui
1811 1139 1845 1179 si

71 1225 211 1268 passus
244 1215 362 1263 esset,
396 1226 469 1252 nos
503 1226 653 1262 secum,
688 1216 736 1252 ut
769 1226 1118 1262 consueveramus,
1153 1212 1264 1267 loqui
1297 1217 1338 1253 et
1370 1227 1452 1254 non
1486 1228 1526 1254 se
1560 1217 1691 1254 totum
1725 1212 1846 1254 etiam

71 1289 113 1327 et
153 1284 275 1326 etiam
324 1283 374 1326 ab
416 1300 596 1327 sermone
646 1290 782 1328 nostro
817 1286 1039 1336 avertisset,
1074 1286 1208 1328 minus
1242 1286 1375 1337 miser,
1410 1302 1530 1342 quam
1564 1302 1669 1337 sum,
1704 1300 1846 1327 essem.

71 1357 177 1400 Nam
223 1372 317 1399 cave
358 1362 475 1414 putes
519 1357 594 1399 hoc
632 1363 815 1414 ‘tempore
858 1358 947 1414 plus
991 1374 1053 1400 me
1095 1374 1337 1414 quemquam
1382 1360 1566 1410 cruciari,
1601 1359 1707 1415 quod
1741 1375 1848 1410 eum,
1870 1375 1900 1399 15

74 1445 192 1486 quem
237 1435 328 1473 ante
368 1447 430 1473 me
475 1431 614 1487 dih'go,
648 1431 765 1472 video
797 1431 842 1473 in
874 1431 1087 1473 consulatu
1122 1431 1282 1486 quidvis
1316 1432 1450 1488 potius
1483 1447 1567 1473 esse
1602 1447 1720 1487 quam
1757 1447 1848 1473 cou-

75 1503 216 1546 sulem.
266 1503 422 1556 Quodsi
471 1504 644 1546 voluerit
685 1502 762 1545 tibi
803 1503 1077 1560 obtemperare
1110 1508 1151 1545 et
1184 1503 1301 1546 nobis
1335 1504 1383 1546 de
1417 1504 1585 1546 Caesare
1618 1504 1776 1546 credere
1810 1509 1849 1545 et

76 1577 329 1632 consulatum
361 1578 562 1633 reliquum
596 1579 746 1620 Romae
781 1593 982 1634 peragere,
1006 1578 1198 1634 incipiam
1221 1593 1379 1634 sperare
1401 1578 1522 1620 etiam
1547 1578 1714 1620 consilio
1738 1593 1849 1620 sena-

73 1655 155 1703 tus,
190 1655 350 1694 auctore
383 1657 438 1703 te,
471 1652 540 1694 illo
574 1651 756 1702 relatore,
791 1651 1029 1708 Pompeium
1054 1656 1095 1693 et
1117 1651 1325 1693 Caesarem
1351 1651 1544 1706 coniungi
1566 1666 1694 1707 posse.
1729 1650 1849 1703 Quod

75 1724 109 1767 si
151 1723 302 1767 factum
345 1725 434 1773 erit,
479 1740 542 1766 me
586 1725 683 1766 satis
719 1725 862 1766 vixisse
895 1724 1061 1780 putabo.
1097 1727 1139 1766 3.
1175 1725 1344 1766 Factum
1378 1725 1558 1767 Caesaris
1592 1724 1640 1766 de
1674 1724 1848 1767 Corfinio
1869 1747 1902 1772 20

74 1802 207 1840 totum
238 1803 279 1840 te
313 1797 576 1854 probaturum
611 1797 706 1840 scio.
748 1797 964 1844 Quomodo
996 1799 1039 1841 in
1072 1797 1306 1840 huiusmodi
1338 1813 1394 1848 re,
1429 1797 1676 1840 commodius
1709 1797 1848 1840 cadere

116 1963 158 1997 12
169 1963 274 2007 facio,
296 1963 353 2007 qui
372 1973 435 1995 non
458 1981 499 1987 -

119 2110 138 2150 ᾖ
162 2110 191 2140 1.
212 2108 438 2149 Myuissz'mam
460 2112 535 2140 luae
552 2109 689 2140 virtutis.
713 2111 814 2150 Apud
829 2115 941 2151 poetas
966 2112 969 2142 ζ
991 2105 1163 2136 indicanti.
1193 2104 1285 2143 Quid
1322 2105 1386 2135 sibi
1420 2104 1563 2136 voluerit
1595 2103 1739 2137 Orellius
1774 2103 1849 2135 scri-

77 2161 255 2200 Romanos,
276 2160 435 2193 Graecam
460 2163 740 2194 constructionem
763 2162 940 2200 imitantes,
965 2148 968 2196 l
993 2158 1100 2189 hendo
1122 2158 1184 2198 qui,
1207 2167 1276 2188 non
1299 2166 1463 2198 assequor·

76 2213 192 2256 diqmae
227 2215 401 2256 aliquoties
433 2216 618 2256 genitivum
650 2217 745 2256 regit,
781 2216 873 2248 velut
905 2217 939 2247 in
964 2220 967 2253 Ι
1032 2210 1136 2242 Etiam
1158 2213 1190 2242 et
1211 2211 1316 2242 etiam·
1339 2211 1380 2242 cf·
1403 2221 1502 2253 supra
1525 2211 1564 2242 12
1586 2211 1626 2243 Β.
1653 2211 1682 2242 2·

77 2266 191 2299 Plauti
226 2268 319 2299 Trin.
358 2268 400 2299 V.
434 2269 463 2306 2,
497 2268 547 2300 29.
579 2269 719 2301 Phaedr.
751 2268 814 2300 IV.
837 2269 886 2306 20,
910 2270 939 2306 3,
964 2259 966 2303 Ι
1034 2265 1129 2307 Quem
1149 2268 1225 2296 ante
1247 2276 1293 2297 me
1304 2265 1402 2307 diliqo
1424 2275 1457 2297 οι
1472 2266 1547 2306 plus
1563 2275 1664 2306 quam
1682 2274 1744 2296 me.
1758 2265 1848 2296 Han·

77 2329 185 2362 neque
219 2321 314 2353 aliter
347 2322 450 2363 Verg.
484 2322 572 2355 Aen.
601 2322 686 2354 XII.
716 2323 777 2354 649
810 2322 940 2363 scripsit
963 2316 966 2327 ³
987 2321 1061 2352 dius
1083 2321 1180 2352 Turs.
1203 2322 1229 2358 1,
1253 2332 1283 2362 p.
1306 2321 1368 2352 386
1390 2321 1543 2352 observat
1566 2319 1762 2353 Ciceronem
1774 2329 1848 2351 nus-

75 2372 225 2416 indiqnus
246 2385 383 2407 avorum.
825 2392 830 2394 ἡ
961 2337 965 2407 i
987 2384 1088 2415 quam
1121 2375 1166 2406 ita
1200 2375 1300 2416 loqui,
1326 2375 1384 2407 sed
1406 2374 1597 2412 Salustium,
1620 2374 1766 2411 Livium,
1790 2374 1847 2404 ali-

118 2426 151 2458 Si
173 2427 234 2459 huc
258 2430 291 2459 te
311 2428 430 2459 reiicis.
452 2428 573 2460 Paullo
595 2428 790 2460 insolentius
811 2428 937 2459 dictum
962 2423 965 2457 s>
989 2439 1036 2460 os.

26 2491 30 2495 ’
55 2489 136 2521 -pro
163 2480 318 2522 vulgato:
349 2481 377 2512 si
405 2481 485 2512 huic
514 2480 561 2512 rei
592 2490 727 2522 operam
747 2481 815 2512 das.
848 2480 936 2512 Boni
961 2466 964 2529 Ι
1032 2481 1098 2513 Tibi
1119 2483 1337 2524 obtemperare.
1375 2483 1457 2524 aqui
1480 2483 1510 2515 ei
1524 2483 1655 2514 suasisti
1670 2492 1726 2524 per
1739 2482 1845 2514 filium

75 2533 242 2574 scriptoris
264 2539 363 2565 esset:
386 2535 415 2564 si
438 2534 495 2565 hoo
516 2534 627 2575 eyeris.
961 2553 963 2572 Ι
987 2545 1099 2568 meum
1129 2546 1170 2568 ne
1199 2537 1365 2568 recederet
1396 2545 1439 2568 ex
1469 2535 1601 2567 Italia.''
1632 2534 1775 2567 Gronov.
1805 2534 1845 2566 cf.

119 2585 138 2624 ξ
160 2587 190 2618 2.
213 2586 373 2618 Consulem
397 2598 503 2618 meum.
524 2587 675 2618 Fortasse
700 2587 826 2618 Balbus
839 2586 936 2627 scrip·
961 2578 963 2584 ¹
985 2599 1035 2630 ep.
1057 2590 1087 2627 9,
1108 2592 1129 2621 4
1150 2590 1181 2621 h.
1206 2590 1228 2621 l.

79 2638 136 2670 sit:
157 2637 195 2670 L.
217 2640 372 2671 consulem
402 2650 515 2670 naccam
544 2639 673 2670 volutati
693 2639 746 2671 laic
766 2649 936 2670 remanere.
960 2630 963 2634 ¹
1030 2643 1093 2675 Illo
1114 2644 1254 2675 relatore
1278 2654 1335 2685 pro
1358 2644 1417 2675 illo
1439 2644 1602 2676 referente
1624 2652 1709 2674 nove
1722 2643 1846 2674 dictum

78 2691 167 2723 Nam
188 2697 222 2725 et
242 2692 313 2734 ipse
329 2693 395 2724 hoc
418 2693 558 2730 volebat,
582 2698 619 2724 ut
640 2702 659 2724 θ
681 2702 770 2733 seqq·
794 2698 938 2734 apparet·
961 2660 965 2724 i
988 2702 1045 2729 est.
1081 2698 1251 2730 Weiskius
1284 2698 1437 2730 observat
1465 2697 1584 2729 deinde
1612 2706 1671 2738 pro
1701 2696 1845 2736 conizmqi

79 2744 146 2778 Sed
177 2745 343 2778 Lentulum
378 2752 505 2788 poterat
532 2755 664 2788 quoque
695 2747 869 2787 designare
902 2752 939 2778 ut
963 2740 1074 2792 ipos-re
1105 2752 1283 2784 dicendum
1313 2752 1413 2784 fuisse
1442 2751 1638 2783 coniunctum
1662 2750 1711 2788 iri,
1734 2756 1765 2782 et
1787 2750 1846 2781 illa

39 2792 41 2794 ’
78 2801 234 2832 consulem
256 2806 288 2832 et
309 2801 408 2832 simul
431 2810 548 2832 vocare
569 2811 675 2838 meum,
698 2801 856 2842 quoniam
869 2802 939 2833 eius
989 2814 1034 2834 me
1060 2803 1141 2834 satis
1169 2804 1287 2835 via-isse
1310 2803 1428 2845 putabo
1452 2803 1630 2835 ridiculum
1651 2802 1768 2840 πάθος
1788 2803 1844 2834 ha-

79 2855 366 2887 commendatione
387 2855 554 2887 civitatem
576 2855 761 2886 Romanam
776 2861 846 2887 erat
864 2865 939 2887 con-
990 2859 1075 2892 bere.
1097 2860 1298 2892 Adulatores
1321 2860 1508 2901 principum
1530 2864 1642 2901 postea
1663 2859 1764 2891 simili
1788 2859 1845 2898 hy-

81 2913 219 2946 δθῡῑὶωδ,
241 2918 347 2950 eoque
370 2909 475 2940 factus
498 2915 547 2940 est
574 2908 759 2940 Cornelius·
781 2908 823 2940 cf·
845 2909 938 2950 epist·
987 2913 1123 2954 perbole
1144 2914 1288 2945 libenter
1309 2914 1495 2946 utebantur.
1518 2912 1558 2944 cf.
1582 2912 1673 2945 Suet.
1695 2912 1772 2943 Ner.
1795 2912 1844 2942 34.

81 2961 179 2993 Balbi
201 2963 242 3000 Β,
264 2962 284 2993 2
306 2967 380 3004 post
402 2972 451 3004 ep.
475 2963 517 2994 ad
538 2963 610 2994 Att.
635 2962 699 2994 IX.
722 2962 751 2995 7.
963 2970 967 3006 Ι
987 2966 1091 2998 Plinii
1113 2967 1241 3008 Paneg.
1265 2968 1316 2999 22.

122 3012 218 3048 Illu-
244 3015 329 3046 tanti
351 3015 457 3055 facio,
480 3017 513 3045 nt
535 3025 596 3046 non
621 3016 654 3046 C.
678 3016 777 3057 maqis
798 3014 939 3056 diliqam.
963 3012 966 3045 ἐ
1029 3019 1048 3058 ξ
1071 3021 1100 3050 3.
1126 3019 1280 3061 Quomodo
1302 3019 1337 3050 in
1360 3019 1535 3050 huiusmodi
1556 3029 1590 3050 re
1613 3029 1645 3050 a:
1673 3025 1708 3050 ut
1731 3019 1764 3049 in
1788 3018 1846 3050 tali

81 3067 184 3100 codd.
206 3078 265 3110 pro
286 3071 322 3100 ut
343 3069 469 3101 habent
489 3070 550 3111 qui,
579 3071 667 3110 quod
689 3069 807 3101 merito
828 3069 940 3110 displi-
963 3057 966 3102 l
987 3082 1032 3110 re,
1046 3073 1135 3105 inter
1147 3083 1248 3104 arma.
1260 3073 1415 3105 Eundem
1427 3083 1525 3104 usum
1540 3072 1687 3104 adverbii
1698 3070 1846 3112 quomodo

0 3103 27 3171 Ξ·
81 3120 149 3152 cuit
180 3130 285 3162 quum
314 3122 398 3159 aliis,
431 3128 500 3154 tum
532 3121 772 3163 Wesenbergio
799 3123 939 3154 Emend.
963 3113 966 3154 l
986 3127 1088 3159 habes
1118 3127 1152 3158 in
1182 3127 1233 3158 his
1272 3126 1441 3160 Ciceronis
1476 3127 1569 3158 Fam.
1606 3125 1705 3158 XIV.
1743 3126 1790 3163 14,
1828 3126 1843 3156 l

81 3183 112 3222 p.
148 3175 188 3206 88
228 3175 353 3208 similes
385 3185 510 3208 errores
540 3176 574 3208 in
607 3176 681 3208 aliie
713 3177 822 3218 epistt.
857 3177 936 3208 locis
962 3169 967 3203 l
990 3179 1144 3222 Quomodo
1173 3180 1293 3222 quidem
1323 3191 1406 3211 acano
1433 3191 1466 3212 se
1495 3190 1543 3211 res
1568 3179 1657 3211 habet
1682 3197 1721 3203 -
1742 3178 1844 3210 hellis-
