2062 3565
127 129 213 168 204

530 132 613 174 ΕΡ.
647 133 723 173 AD
755 133 801 174 Τ.
836 132 1186 177 POMPONIUM
1220 135 1483 177 ATTIOUM.

124 267 246 318 venit,
281 269 349 323 qui
383 267 628 310 offenderet?
661 270 852 311 Asturam
885 285 974 313 sum
1007 287 1031 314 a
1064 277 1103 314 te
1137 272 1352 329 profectus.
1385 272 1537 328 Legere
1569 275 1638 316 isti
1671 274 1781 326 laeti,
1816 275 1885 329 qui

123 354 184 380 me
215 340 525 396 reprehendunt,
559 346 643 384 tam
675 342 803 384 multa
835 358 917 386 non
948 350 1131 401 possunt,
1167 361 1287 402 quam
1320 360 1394 402 ego
1427 346 1582 403 scripsi.
1615 347 1748 400 Quam
1766 347 1884 400 bene,

121 412 222 454 1111111
266 413 317 455 ad
361 429 442 456 rem
453 433 465 467 ;
511 415 580 457 sed
622 431 750 472 genus
794 417 996 460 scribendi
1040 419 1083 461 id
1127 420 1220 472 fuit,
1270 418 1378 476 quod
1409 434 1527 462 nemo
1559 419 1716 463 abiecto
1749 421 1884 464 animo

120 485 247 528 facere
289 492 436 543 posset.
489 489 672 546 Triginta
716 490 801 533 dies
845 492 888 534 in
932 492 1059 535 hortis
1099 494 1174 536 fui.
1219 493 1322 547 Quis
1354 498 1425 536 aut
1458 508 1716 550 congressum
1748 510 1884 538 meum

85 569 99 593 5
119 564 189 601 aut
230 560 463 603 facilitatem
506 564 699 606 sermonis
732 563 1004 608 desideravit?
1037 567 1160 609 Nunc
1193 567 1326 624 ipsum
1360 582 1406 609 ea
1437 566 1543 622 lego,
1577 582 1624 609 ea
1655 567 1801 621 scribo,
1835 573 1882 610 ut

117 632 162 684 ii,
206 633 275 688 qui
317 649 474 678 mecum
517 642 626 690 sunt,
674 638 877 681 diffioih’us
921 641 1049 682 otium
1095 641 1225 684 ferant
1265 657 1386 698 quam
1430 656 1503 697 ego
1536 640 1728 684 laborem.
1764 644 1806 684 3.
1841 642 1884 685 Si

118 707 208 762 quis
250 709 418 764 requirit
480 726 551 753 cur
596 713 745 754 Romae
789 729 871 756 non
904 715 1003 757 sim:
1039 715 1134 771 quia
1166 715 1366 758 discessus
1399 721 1460 758 est
1468 734 1480 768 3
1516 730 1587 757 cur
1619 731 1702 758 non
1732 716 1808 758 sim
1840 716 1884 759 in

116 779 166 822 iis
210 782 308 824 meis
350 785 578 841 praediolis,
627 802 729 843 quae
774 793 870 830 sunt
912 788 1034 831 huius
1077 791 1290 846 temporis:
1337 790 1432 846 quia
1475 789 1740 845 frequentiam
1773 790 1883 832 illam

117 870 198 897 11011
247 855 362 899 facile
406 858 562 901 ferrem.
602 859 667 902 Ibi
709 876 797 903 sum
840 862 981 918 igitur,
1024 861 1095 905 ubi
1136 863 1184 913 is,
1231 864 1301 919 qui
1335 864 1506 920 optimas
1539 864 1659 906 Baias
1692 862 1882 916 habebat,

63 939 98 968 1ο
117 931 332 984 quotannis
375 931 451 973 hoc
498 937 655 990 tempus
704 950 936 978 consumere
981 935 1149 978 solebat.
1204 937 1342 990 Quum
1391 938 1559 980 Romam
1607 953 1766 990 venem,
1810 953 1885 980 nec

116 1003 230 1045 vultu
272 1019 346 1046 nec
388 1006 567 1049 oratione
607 1009 888 1064 reprehendar.
939 1010 1199 1053 Hilaritatem
1240 1010 1364 1063 illam,
1411 1026 1488 1066 qua
1537 1011 1642 1053 hanc
1675 1011 1883 1054 tristitiam

115 1081 339 1132 temporum
383 1079 683 1134 condiebamuS,
725 1083 768 1125 in
808 1088 1048 1140 perpetuum
1091 1084 1228 1126 amisi:
1274 1085 1502 1127 constantia
1535 1090 1576 1127 et
1607 1085 1775 1127 firmitas
1810 1100 1885 1128 1100

115 1150 239 1192 animi
272 1167 346 1194 nec
379 1154 571 1196 orationis
602 1156 844 1212 requiretur.
880 1160 922 1199 4.
957 1157 1018 1199 De
1053 1157 1179 1200 hortis
1213 1158 1451 1214 Scapulanis
1484 1158 1560 1200 hoc
1593 1158 1754 1201 videtur
1781 1159 1885 1202 effici

116 1241 243 1281 posse,
278 1226 388 1269 aliud
421 1233 492 1270 tua
523 1230 666 1284 gratia,
701 1230 812 1273 aliud
844 1236 994 1284 nostra,
1028 1236 1075 1273 ut
1107 1232 1293 1288 praeconi
1327 1231 1611 1274 subiiciantur.
1646 1231 1695 1273 Id
1721 1231 1800 1274 nisi
1823 1232 1882 1284 fit,

64 1313 96 1339 15
118 1299 389 1342 excludemur.
423 1302 495 1343 Sin
529 1303 579 1344 ad
612 1302 791 1346 tabulam
826 1305 1021 1356 venimus,
1057 1306 1263 1347 vincemus
1297 1305 1508 1347 facultates
1544 1304 1718 1347 Othonis
1748 1309 1885 1347 nostra

120 1372 355 1429 cupiditate.
389 1375 493 1418 Nam
531 1377 635 1432 quod
670 1378 719 1419 ad
752 1394 815 1420 1110
849 1378 897 1420 de
931 1379 1104 1421 Lentulo
1138 1379 1294 1430 scribis,
1329 1394 1410 1420 11011
1447 1383 1508 1420 est
1539 1379 1582 1420 in
1615 1393 1676 1420 00.
1721 1377 1884 1421 Faberi-

121 1462 196 1488 ana
239 1448 356 1490 modo
400 1466 460 1492 res
505 1456 612 1508 certa
655 1452 708 1492 sit
740 1457 864 1507 tuque
897 1452 1063 1503 enitare,
1099 1451 1206 1507 quod
1241 1452 1353 1503 facis,
1389 1451 1495 1506 quod
1529 1451 1714 1493 volumus
1747 1466 1883 1493 conse·

119 1535 302 1576 queinur.
350 1524 390 1565 5.
435 1524 554 1577 Quod
600 1525 756 1579 quaeris
791 1541 909 1580 quain
943 1525 1014 1567 diu
1047 1525 1137 1567 hic:
1174 1540 1322 1581 paucos
1355 1524 1455 1567 dies.
1504 1524 1582 1567 Sed
1617 1529 1770 1567 certum
1802 1540 1884 1567 non

118 1593 259 1637 habeo.
305 1596 431 1638 Simul
473 1612 518 1638 ac
564 1598 823 1649 constituero,
867 1598 916 1639 ad
962 1603 999 1639 te
1032 1598 1217 1650 scribam,
1252 1604 1293 1640 ct
1326 1604 1371 1640 tu
1405 1598 1454 1640 ad
1488 1614 1551 1641 1110
1585 1614 1704 1653 quam
1737 1598 1808 1641 diu
1840 1599 1884 1641 in

59 1680 92 1705 20
115 1668 344 1711 suburbano
377 1671 430 1712 sis
464 1670 638 1713 futurus
693 1672 783 1724 Quo
817 1671 880 1713 die
915 1687 988 1727 ego
1022 1672 1071 1714 ad
1106 1678 1145 1714 te
1182 1672 1278 1714 haec
1312 1673 1417 1723 misi,
1452 1671 1500 1713 de
1535 1671 1640 1713 Pilia
1672 1677 1714 1714 et
1746 1672 1883 1714 Attica

113 1741 211 1783 mihi
245 1758 403 1800 quoque
436 1744 588 1796 eadem,
625 1762 727 1802 quae
761 1745 918 1798 scribis,
953 1752 994 1788 et
1026 1745 1260 1788 scribuntur
1293 1750 1332 1788 et
1366 1746 1624 1788 nuntiantur.

115 1909 244 1950 bergius
266 1920 296 1951 p.
320 1910 368 1942 17.
391 1911 475 1942 Mox
497 1910 642 1943 Orellius
668 1918 754 1944 recte
777 1921 853 1943 cum
876 1913 970 1944 codd.

111 1965 256 2005 reposuit
276 1965 461 2006 offenderet,
484 1976 587 2007 quum
609 1967 823 2008 offenderetur
846 1976 889 1999 ex
905 1967 970 1999 etli-

111 2019 201 2051 tione
230 2020 380 2052 Romana
408 2022 556 2063 principe
587 2022 621 2053 in
648 2022 810 2054 editiones
832 2031 970 2063 sequen·
992 2054 994 2059 f

111 2079 159 2106 tes
181 2073 371 2115 irrepsisset.

152 2128 170 2166 ς’
199 2128 230 2158 3.
262 2127 426 2160 Discessus
456 2136 591 2161 vocatur
620 2130 704 2161 illud
733 2137 871 2171 tempus,
904 2141 970 2172 quo

110 2189 257 2221 proceres
279 2186 387 2213 aestus
406 2182 532 2214 vitandi
548 2193 645 2214 causa
656 2193 711 2214 rus
726 2184 860 2215 abeunt.
881 2183 970 2224 Apte
991 2213 993 2225 ,

107 2233 279 2265 Manutius
310 2235 456 2266 laudavit
482 2236 582 2267 verba
612 2246 629 2268 e
659 2236 751 2268 Fam.
783 2237 848 2267 ΙΠ.
879 2236 908 2274 9,
931 2238 968 2268 4:

106 2288 140 2319 in
161 2289 258 2329 ipsum
281 2289 448 2321 discessum
470 2293 601 2322 senatus
619 2291 769 2323 incidisse
779 2291 871 2323 credo
886 2301 969 2322 mea-5

106 2343 228 2381 litera&
254 2344 312 2376 sed
333 2345 419 2377 male
441 2345 526 2377 hanc
549 2347 722 2387 epistolam
736 2356 850 2378 mense
867 2347 967 2380 Ianu-

106 2397 175 2428 ario
197 2404 254 2429 aut
275 2398 457 2430 Februario
485 2400 639 2441 scriptam
668 2401 813 2441 putabat.
852 2400 966 2432 Corra·
989 2402 991 2441 J

106 2451 166 2482 dus
196 2458 283 2484 recte
312 2462 356 2484 ex
383 2453 509 2485 ultimis
541 2455 650 2486 verbis
683 2464 733 2496 ep.
762 2455 800 2485 41
825 2454 966 2495 aliisque

106 2505 237 2537 indiciis
267 2507 380 2538 statuit
417 2517 489 2539 eam
528 2509 682 2550 scriptam
715 2508 814 2540 fuisse
852 2518 989 2540 mense*

106 2558 206 2590 Maio.
240 2559 354 2601 Atque
374 2560 467 2591 huius
489 2562 636 2602 temporis
659 2569 753 2594 erant
774 2561 907 2603 praedia
930 2561 963 2593 in
987 2586 989 2597 A

986 2610 989 2645 Ῐ
1012 2613 1153 2644 randum
1174 2612 1215 2643 de
1237 2610 1378 2652 pecunia
1399 2609 1620 2647 Faberiana‚”
1641 2615 1701 2642 cet.
1738 2609 1789 2642 De
1811 2610 1872 2642 hac

107 2610 299 2652 Campania.

149 2663 193 2702 Is,
215 2664 268 2706 qui
288 2665 419 2706 optimas
443 2666 544 2698 Baias
567 2667 708 2700 habebat.
721 2669 889 2700 Incertum
904 2673 962 2705 est,

1019 1921 1116 1954 quem
1151 1913 1238 1944 dicat
1275 1918 1307 1944 et
1341 1911 1563 1953 ignorantiam
1597 1912 1745 1944 confiteri
1782 1913 1880 1950 malo,

1018 1977 1118 2008 quam
1142 1967 1314 2008 indulgere
1338 1966 1537 1997 coniecturis
1560 1966 1723 2007 gratuitis.

1060 2019 1126 2051 ‚Vec
1147 2020 1236 2051 vultu
1262 2029 1318 2050 nec
1340 2018 1483 2050 oratione
1493 2017 1756 2061 *reprehendar-o:
1782 2027 1880 2050 nemo

1018 2083 1071 2106 me
1093 2079 1264 2115 propterea
1288 2073 1513 2115 reprehendet,
1538 2073 1626 2113 quod
1642 2073 1737 2104 vultu
1756 2073 1879 2104 tristior

1018 2133 1074 2159 aut
1096 2128 1129 2159 in
1153 2136 1306 2159 sermone
1329 2137 1397 2158 non
1421 2125 1500 2158 satis
1522 2126 1626 2157 comis
1648 2136 1732 2158 sum.

1060 2182 1078 2222 ξ
1102 2183 1131 2212 4.
1154 2181 1206 2212 Ad
1229 2181 1376 2219 tabulam,
1400 2189 1486 2221 quae
1509 2180 1701 2212 continebat
1715 2181 1878 2213 auctionis

1017 2235 1189 2266 indicium.
1219 2235 1424 2267 Memor-atur
1451 2243 1558 2275 saepe,
1587 2240 1625 2266 ut
1656 2234 1792 2274 Quinct.
1826 2235 1878 2266 25.

1018 2289 1149 2322 Caecin.
1174 2289 1223 2320 16.
1247 2288 1311 2321 Off.
1340 2288 1404 2319 111.
1440 2287 1489 2318 68.
1526 2288 1598 2320 Att.
1630 2287 1731 2320 XIII.
1765 2288 1816 2327 33,
1846 2290 1877 2320 4.

1017 2344 1095 2375 XV.
1121 2344 1152 2381 3,
1175 2344 1203 2374 2.

1056 2396 1104 2428 De
1136 2395 1270 2427 Lentulo
1302 2401 1363 2427 cet.
1407 2394 1500 2427 Haec
1534 2395 1623 2427 varie
1657 2395 1875 2437 explicantur.

1014 2450 1156 2492 Optime,
1182 2450 1216 2481 ni
1240 2449 1347 2486 fallor,
1377 2449 1568 2480 Manutius:
1605 2463 1619 2475 ιι
1629 2448 1730 2488 Quod
1760 2449 1874 2481 scribis

1014 2505 1194 2536 videndum
1216 2513 1297 2541 esse,
1321 2509 1358 2535 ut
1381 2513 1399 2534 a
1421 2503 1569 2534 Lentulo
1604 2503 1788 2544 exigamus,
1822 2513 1873 2536 res

1013 2560 1048 2591 in
1071 2569 1109 2591 eo
1132 2569 1200 2590 non
1224 2563 1281 2595 est,
1306 2558 1339 2589 id
1368 2557 1461 2598 parvi
1490 2556 1606 2595 refert;
1643 2557 1751 2599 magis
1784 2558 1871 2590 labo-

1011 2666 1076 2697 vid.
1099 2665 1149 2703 21,
1173 2664 1202 2696 2.
1225 2664 1276 2702 25,
1300 2664 1328 2694 1.
1351 2664 1401 2701 29,
1425 2663 1452 2694 2.

705 2798 831 2842 ΧΗ.
884 2802 951 2854 (A.
992 2798 1037 2839 U.
1076 2798 1119 2838 C.
1157 2796 1275 2849 709.)

172 2937 211 2976 1.
255 2935 371 2976 Mhi]
414 2943 498 2978 erat
544 2938 651 2993 quod
701 2938 927 2980 scriberem.
984 2937 1092 2980 Scire
1136 2941 1271 2977 tamen
1315 2933 1496 2976 volebam
1548 2933 1615 2975 ubi
1658 2948 1788 2984 esses3
1833 2933 1867 2974 si

106 3008 200 3050 abes
233 3014 303 3050 aut
335 3009 519 3052 afuturus
551 3027 606 3061 es,
641 3011 802 3067 quando
835 3011 1039 3054 rediturus
1072 3025 1191 3052 esseS.
1227 3009 1365 3050 Facies
1398 3007 1524 3063 igitur
1556 3022 1618 3048 me
1642 3006 1865 3049 certiorem.

106 3083 173 3133 Et,
222 3083 328 3138 quod
373 3089 418 3125 tu
462 3085 561 3127 scire
610 3085 769 3128 volebas
818 3101 891 3142 ego
939 3084 1101 3142 quando
1149 3099 1197 3125 ex
1246 3083 1321 3124 hoc
1369 3082 1470 3133 loco,
1527 3079 1716 3137 postridie
1766 3080 1865 3122 Idus

52 3172 65 3194 5
107 3155 279 3197 Lanuvii
313 3156 503 3198 constitui
537 3173 708 3208 manere,
743 3158 836 3200 inde
870 3158 1060 3214 postridie
1094 3158 1136 3199 111
1169 3154 1396 3197 Tusculano
1420 3159 1491 3196 aut
1520 3154 1683 3196 Romae.
1718 3154 1863 3196 Utrum
