2062 3565
174 173 229 212 44
578 170 662 211 ΕΡ.
697 170 772 210 AD
805 169 851 209 T.
885 165 1235 209 POMPONIUM
1268 163 1532 207 ATTICUM.

713 421 1179 475 LIBER
1297 423 1404 476 IX.

787 647 824 686 J.
892 647 956 698 (A.
999 647 1043 687 U.
1083 650 1123 689 C.
1167 651 1283 704 705).

244 766 281 804 l.
327 763 428 812 Etsi,
474 776 597 817 quum
641 769 687 801 tu
731 761 801 802 has
845 761 978 802 literas
1024 763 1187 818 legeres,
1233 764 1425 820 putabam
1460 767 1557 814 fore,
1595 770 1639 805 ut
1670 763 1811 805 scirem
1845 763 1939 814 iarn,

177 837 275 894 quid
324 835 530 878 Brundisii
576 840 707 876 actum
753 840 856 876 esset
895 861 950 864 —-
995 851 1088 878 nam
1132 837 1308 879 Canusio
1341 851 1461 879 vnn.
1496 837 1587 879 Kal.
1622 836 1825 893 profectus
1858 839 1942 877 erat

178 912 358 962 Cnaeus5
394 910 489 952 haec
522 913 655 951 autem
689 908 910 950 scribebam
943 909 1071 966 pridie
1106 912 1260 963 Nonas,
1296 926 1387 954 xiv.
1423 912 1487 953 die
1522 919 1732 967 postquam
1768 909 1834 951 ille
1868 908 1942 951 Ca-

143 1002 157 1028 s
177 985 294 1027 1111510
334 990 510 1025 moverat
555 1009 612 1013 —
657 990 791 1025 tamen
825 983 999 1038 angebar
1032 984 1283 1039 singularum
1318 985 1505 1027 horarum
1539 985 1836 1040 exspectatione
1870 984 1943 1025 mi-

176 1057 369 1113 rabarque
402 1056 505 1098 nihil
538 1056 700 1098 allatum
736 1072 819 1098 esse
844 1072 891 1098 ne
914 1058 1085 1099 rumoris
1109 1058 1286 1114 quidem.
1316 1060 1421 1105 Nam
1446 1063 1531 1099 erat
1552 1058 1699 1099 mirum
1723 1057 1943 1099 silentium.

178 1132 254 1174 Sed
298 1131 396 1172 haec
439 1130 603 1172 fortasse
649 1124 960 1174 κενόσπουδα
1006 1139 1113 1183 sunt,
1159 1148 1259 1188 quae
1292 1139 1426 1174 tamen
1459 1132 1539 1173 iam
1574 1131 1751 1172 sciantur
1784 1145 1944 1171 necesse

177 1212 249 1247 est.
288 1209 326 1246 2.
362 1205 469 1247 Illud
503 1205 711 1246 molestum
747 1220 808 1245 me
843 1204 974 1246 adhuc
1007 1206 1248 1261 investigare
1283 1222 1361 1247 non
1398 1221 1525 1261 posse,
1560 1205 1632 1246 ubi
1666 1205 1712 1245 P.
1747 1203 1945 1246 Lentulus

178 1284 312 1320 noster
357 1279 422 1329 sit,
469 1277 537 1319 ubi
581 1277 799 1319 Domitius.
847 1277 1009 1324 Quaero
1043 1284 1191 1329 autem,
1227 1295 1305 1335 quo
1340 1278 1497 1321 facilius
1532 1279 1631 1319 scire
1665 1275 1813 1332 possim
1847 1275 1945 1331 quid

126 1375 159 1399 ιιι
179 1352 306 1394 acturi
351 1352 446 1402 sint,
490 1352 638 1393 iturine
684 1351 732 1393 ad
780 1352 1015 1408 Pompeium
1060 1360 1114 1403 et,
1149 1355 1182 1394 si
1217 1359 1325 1404 sunt,
1360 1369 1439 1408 qua
1472 1351 1682 1408 quandove
1716 1351 1814 1392 ituri
1849 1349 1945 1392 sint.

178 1425 329 1468 I'rbem
374 1426 534 1481 quidem
577 1426 656 1466 iam
701 1425 884 1466 refertam
928 1440 1011 1467 esse
1046 1427 1300 1482 optimatium
1334 1426 1469 1476 audio,
1505 1425 1661 1467 Sosium
1697 1427 1737 1465 et
1768 1423 1945 1479 Lupum,

178 1516 278 1555 quos
311 1500 469 1541 Gnaeus
503 1506 636 1541 noster
669 1504 759 1540 ante
795 1499 960 1554 putabat
994 1500 1256 1541 Brundisium
1291 1505 1479 1541 venturos
1521 1514 1605 1540 csse
1639 1513 1760 1553 quam
1795 1512 1849 1547 se,
1884 1496 1948 1538 ius

179 1574 324 1615 dicere.
366 1574 475 1615 Hinc
521 1588 612 1613 vero
646 1573 766 1627 vulgo
798 1571 965 1613 vadunt.
1002 1573 1133 1613 Etiam
1169 1573 1242 1613 Μ’.
1279 1572 1469 1628 Lepidus,
1505 1586 1679 1627 quocum
1713 1569 1819 1611 diem
1855 1584 1947 1610 0011-

178 1652 302 1688 terere
349 1645 536 1696 solebam,
587 1661 671 1687 cras
715 1644 932 1700 cogitabat.
979 1648 1018 1686 3.
1065 1647 1105 1687 N
1109 1662 1151 1687 05
1187 1655 1321 1688 autem
1356 1647 1398 1688 in
1433 1645 1646 1688 Formiano
1678 1642 1947 1693 morabamur,

126 1738 156 1763 15
179 1736 258 1776 quo
291 1720 410 1761 citius
443 1719 694 1770 audiremus3
730 1718 873 1760 deinde
910 1720 1107 1774 Arpinum
1142 1719 1386 1761 volebamus.
1422 1719 1537 1766 Inde,
1571 1719 1647 1760 iter
1673 1733 1752 1774 qua.
1775 1716 1946 1758 maxime

179 1791 534 1846 α’ναπόιντητον
577 1798 694 1842 esset,
740 1791 789 1832 ad
822 1807 928 1833 mare
963 1806 1165 1847 superum,
1200 1793 1363 1834 remotis
1397 1793 1478 1833 sive
1513 1791 1676 1833 omnino
1714 1789 1847 1832 missis
1880 1789 1949 1831 lic-

180 1866 347 1908 toribus.
384 1865 518 1907 Audio
549 1866 654 1907 enim
689 1863 805 1905 bonis
839 1864 948 1915 viris,
983 1865 1053 1919 qui
1087 1870 1127 1905 et
1158 1880 1267 1906 nunc
1301 1873 1341 1906 et
1375 1880 1490 1920 saepe
1525 1869 1642 1905 antea
1675 1878 1822 1919 magno
1840 1878 1951 1919 prae-

179 1939 280 1981 sidio
314 1940 371 1981 rei
404 1939 588 1995 publicae
623 1940 798 1989 fuerunt,
834 1937 935 1980 hanc
971 1940 1269 1980 cunctationem
1303 1945 1478 1980 nostram
1512 1954 1593 1980 non
1622 1937 1782 1993 probari
1805 1936 1949 1978 multa-

179 2028 255 2068 que
287 2013 329 2054 in
363 2028 425 2054 me
459 2018 499 2054 et
533 2028 678 2063 severe,
713 2012 756 2053 in
791 2011 985 2053 conviviis
1018 2012 1267 2068 tempestivis
1299 2011 1476 2067 quidem,
1500 2011 1712 2066 disputari.
1747 2009 1950 2051 Cedamus

129 2112 162 2136 20
179 2087 304 2141 igitur
337 2092 390 2136 et,
436 2092 481 2127 ut
510 2086 604 2126 boni
639 2085 744 2126 cives
778 2085 917 2135 simus,
951 2084 1101 2126 bellum
1136 2085 1276 2126 Italiae
1311 2090 1412 2126 terra
1446 2084 1625 2138 marique
1658 2082 1878 2124 inferamus
1911 2090 1951 2123 et

181 2159 271 2200 odia
304 2158 577 2214 improborum
610 2172 747 2199 rursus
783 2157 825 2198 in
860 2171 945 2206 1105,
981 2172 1081 2211 quac
1115 2158 1194 2198 iam
1228 2157 1426 2198 exstincta
1459 2165 1586 2206 erant,
1621 2155 1885 2197 incendamus
1911 2160 1952 2196 et

181 2232 345 2273 Lucceii
379 2231 545 2273 consilia·
578 2246 623 2272 ac
656 2229 891 2285 Theophani
925 2245 1223 2285 persequamur.
1261 2233 1300 2270 4.
1338 2230 1444 2271 Nam
1479 2229 1613 2284 Scipio
1650 2229 1708 2270 vel
1732 2229 1776 2270 in
1797 2228 1949 2284 Syriam

231 2400 267 2430 11
291 2396 474 2437 optimatum
496 2414 536 2420 —

224 2548 242 2586 ξ
268 2546 294 2576 l.
322 2544 373 2575 IX
402 2544 475 2575 Kal.
510 2543 564 2574 Sic
603 2543 728 2573 (luduin
771 2542 962 2572 emendatus
996 2547 1041 2571 051
1064 2562 1067 2609 1
1091 2543 1234 2582 positum
1258 2543 1355 2573 habet
1377 2542 1562 2582 mrrigendi
1588 2541 1663 2577 vim2
1689 2547 1723 2571 ut
1756 2540 1806 2570 vel
1830 2539 1947 2580 polius.

182 2608 346 2636 numer-ue,
369 2598 424 2639 qui
447 2598 481 2628 in
506 2596 598 2627 libris
621 2595 700 2626 Mss.
725 2594 904 2631 invenitur²
944 2594 1040 2625 VIII.
1092 2597 1186 2636 Belg.
1211 2596 1251 2636 of
1267 2597 1332 2626 ecel.
1365 2595 1404 2626 cs.
1429 2596 1498 2626 Cic.
1524 2595 1620 2626 Tusc.
1654 2594 1699 2625 II.
1731 2594 1780 2624 51.
1811 2593 1876 2624 111.
1899 2592 1949 2623 41.

181 2654 268 2684 Nam
291 2662 308 2682 a
331 2651 384 2682 die
407 2650 497 2682 VIII
521 2649 597 2680 Kal.
620 2649 718 2679 Mart.
741 2657 842 2688 usque
866 2648 906 2678 ad
937 2648 1042 2688 pridie
1090 2649 1207 2680 Iustin.
1231 2649 1277 2679 II.
1303 2650 1321 2679 9
1356 2655 1438 2680 extr.
1473 2647 1627 2686 Demeam
1647 2646 1736 2676 milia
1767 2644 1883 2676 Persae
1915 2654 1950 2676 eo

180 2705 295 2737 Nonas
332 2714 400 2734 non
435 2702 534 2739 XIV,
566 2706 600 2732 ut
631 2701 753 2738 scribit,
785 2701 841 2732 sed
875 2700 945 2731 XV
974 2700 1042 2732 dies
1083 2701 1209 2742 praelio
1231 2701 1295 2732 sive
1308 2700 1478 2742 naufrayio
1496 2698 1707 2737 amisere-,ubi
1724 2697 1818 2729 codd.
1838 2696 1949 2737 scripti

180 2763 422 2800 computantur.
788 2763 794 2767 “
1090 2765 1189 2796 prave
1210 2755 1279 2786 sine
1301 2755 1470 2795 praebent.

224 2812 359 2844 Canusio
402 2813 539 2842 moverat
575 2811 656 2841 nim.
692 2819 725 2840 se
757 2809 810 2840 vel
848 2814 962 2839 castra.
1000 2809 1041 2839 cf.
1132 2809 1171 2838 In.
1207 2808 1357 2839 conviviis
1390 2807 1578 2848 tempestivis
1613 2804 1745 2847 quidem.
1783 2804 1950 2835 Particula

179 2866 348 2899 Drakenb.
372 2865 413 2895 ad
434 2864 509 2895 Liv.
534 2862 577 2894 X.
601 2864 629 2900 4,
654 2862 683 2893 9.
1090 2862 1211 2903 quidem
1245 2861 1419 2898 vocabulo,
1451 2861 1504 2891 cui
1536 2858 1719 2894 subiicitur,
1749 2856 1950 2898 peculiarem

225 2921 243 2961 ξ
264 2920 293 2951 2.
320 2917 533 2959 optimatium.
556 2916 634 2947 Vid.
658 2917 767 2946 adnot.
790 2916 830 2946 ad
852 2916 869 2946 1
909 2915 958 2952 14,
982 2918 1013 2946 5.
1095 2916 1164 2946 vim
1188 2915 1313 2946 tribuit.
1336 2915 1534 2955 Indignatur
1557 2913 1682 2950 Cicero,
1705 2912 1795 2952 quod
1807 2910 1859 2941 illi
1872 2910 1950 2941 boni

222 2973 341 3004 Sosium
359 2973 390 3003 et
403 2970 517 3011 Lupum
534 2969 631 2999 —ins
647 2967 808 3000 dicere.C.
825 2967 938 2999 Sosius
957 2974 989 2999 et
1004 2968 1041 2998 P.
1092 2969 1154 2999 viri
1189 2979 1281 2999 suam
1311 2969 1556 2999 cunctationem
1585 2966 1816 3007 improbarent,
1846 2973 1948 3005 quum

180 3026 323 3059 Rutilius
340 3025 454 3065 Lupus
472 3023 534 3054 hoc
553 3032 640 3053 anno
659 3026 824 3062 praetores
839 3025 942 3051 erant.
964 3020 1041 3050 Vid.
1092 3022 1153 3062 ipsi
1176 3026 1333 3062 tanquam
1356 3021 1391 3051 in
1415 3029 1545 3051 summo
1568 3019 1636 3050 otio
1658 3016 1813 3049 convivia
1833 3017 1875 3047 de
1896 3015 1949 3046 die
2053 3043 2057 3069 1

182 3081 281 3111 VIII.
301 3080 328 3117 6,
345 3080 362 3110 1
380 3083 411 3109 et
427 3078 468 3109 12
482 3077 619 3108 A.ext1·.
628 3076 694 3106 Hie
706 3084 771 3116 seq.
783 3084 870 3105 anno
879 3074 1043 3105 Achaiam
1090 3074 1303 3106 celebrarent.
1327 3074 1368 3105 cf.
1389 3074 1422 3104 h.
1447 3074 1470 3104 1.
1495 3073 1545 3104 13.
1569 3073 1588 3102 6

181 3132 332 3174 Pompeii
358 3131 448 3163 iussu
479 3129 633 3160 obtinuit.
656 3127 749 3159 Caes.
772 3127 810 3158 B.
835 3126 869 3158 C.
895 3127 960 3158 III.
979 3129 1029 3157 55.
1065 3135 1067 3153 ι
1135 3127 1256 3158 anceii
1287 3127 1417 3157 consilia
1448 3129 1478 3158 et
1515 3124 1694 3166 Theophani
1718 3132 1950 3164 persequamur.

183 3178 186 3179 ⁷
224 3189 240 3227 ξ
265 3188 292 3216 34
317 3183 452 3216 Remotis
474 3183 539 3213 sive
563 3181 685 3213 omnim)
708 3180 818 3211 missis.
848 3180 917 3210 Sive
940 3180 1041 3211 semel
1065 3168 1068 3214 1
1090 3181 1146 3218 Hi,
1171 3181 1368 3222 quibuscum
1392 3181 1432 3211 de
1455 3179 1610 3212 maximis
1644 3178 1740 3210 rebus
1773 3175 1950 3220 Pompeius

2052 3083 2062 3166 .-,-.(,-
