2062 3565
712 143 820 186 LIB.
856 144 977 187 VIII.
1013 143 1096 187 ΕΡ.
1136 146 1205 187 11.
1782 151 1836 190 23

67 277 221 321 videbis
252 279 434 335 proxima
467 285 617 322 aestate
651 285 722 322 aut
740 281 765 324 †
798 281 1009 336 utriusque
1043 282 1254 337 mancipiis
1287 297 1334 323 ex
1369 283 1479 325 omni
1518 298 1662 339 genere
1697 285 1836 326 collec-

65 354 117 396 tis
126 371 138 405 ;
185 367 258 395 nec
298 358 380 394 tam
433 354 638 409 ....iptio
680 355 1013 410 pertimescenda,
1051 371 1153 411 quae
1186 355 1380 398 Luceriae
1414 356 1553 399 multis
1586 357 1837 400 sermonibus

64 426 302 469 denuntiata
335 442 419 468 esse
453 426 602 468 dicitur
634 442 754 483 quam
773 428 799 472 †
832 428 1059 470 universam
1092 429 1281 471 interitus
1293 448 1305 482 5
1340 435 1474 473 tantas
1507 431 1549 472 in
1583 431 1836 487 confligendo

63 501 273 556 utriusque
306 500 408 542 vires
441 500 558 542 video
589 499 760 542 futuras.
808 499 946 543 Habes
979 502 1250 544 coniecturam
1285 518 1428 545 meam.
1480 505 1542 546 Tu
1575 510 1708 546 autem
1743 520 1836 547 con-

63 574 270 617 solationis
303 574 469 616 fortasse
503 574 656 630 aliquid
690 575 953 630 exspectasti:
989 574 1093 617 nihil
1130 575 1307 628 invenio,
1343 577 1446 619 nihil
1479 578 1565 620 fieri
1597 583 1730 634 potest
1763 579 1836 621 mi·
1875 591 1890 618 ⁶

63 635 204 700 serius,
249 647 352 690 nihil
396 647 607 704 perditius,
648 646 751 689 nihil
795 647 966 689 foedius.
1028 651 1069 690 5.
1113 635 1233 701 Quod
1282 651 1441 706 quaeris
1474 651 1573 708 quid
1606 651 1751 694 Caesar
1785 652 1835 694 ad

62 736 126 763 me
159 720 375 777 scripserit,
409 721 517 776 quod
558 736 689 777 saepe,
734 721 1008 776 gratissimum
1043 721 1121 764 sibi
1153 738 1253 775 esse,
1288 724 1397 779 quod
1430 725 1616 780 quierim,
1651 730 1833 782 oratque,

62 795 105 836 in
138 809 184 836 eo
216 799 264 836 ut
294 811 556 852 perseverem.
589 795 742 838 Balbus
774 796 904 838 11111101·
931 796 1030 838 haec
1062 796 1202 838 eadem
1234 797 1412 840 mandat.
1464 798 1548 841 Iter
1580 803 1715 841 autem
1747 800 1833 842 eius

63 874 149 911 erat
180 869 231 911 ad
263 869 483 912 Lentulum
516 870 722 912 consulem
755 885 847 912 cum
879 870 1007 912 literis
1039 870 1222 912 Caesaris
1244 871 1592 927 praemiorumque
1610 873 1831 929 promissis,

63 943 98 985 si
139 944 306 986 Romam
350 943 590 985 revertisset.
642 943 808 994 Verum,
854 958 979 998 quum
1013 942 1142 984 habeo
1174 943 1372 985 rationem
1405 943 1574 996 dierum,
1607 950 1700 988 ante
1732 952 1832 1002 puto

62 1017 356 1068 tramissurum,
401 1031 523 1072 quam
565 1016 743 1072 potuerit
782 1016 1002 1058 conveniri.
1047 1018 1090 1057 6.
1123 1016 1396 1072 Epistolarum
1428 1017 1611 1073 Pompeii
1644 1018 1831 1071 duarum,

61 1105 161 1146 quas
194 1089 244 1132 ad
277 1105 340 1132 me
373 1089 497 1142 misit,
530 1089 819 1145 negligentiam
851 1103 1060 1144 meamque
1093 1089 1138 1131 in
1170 1088 1428 1131 rescribendo
1447 1089 1701 1146 diligentiam
1724 1092 1833 1135 volui

62 1162 138 1205 tibi
170 1168 307 1206 notam
340 1179 439 1206 esse.
474 1164 623 1205 Earum
655 1163 837 1219 exempla
869 1163 920 1205 ad
951 1168 992 1205 te
1025 1163 1131 1205 misi.
1171 1164 1210 1205 7.
1244 1163 1426 1205 Caesaris
1458 1163 1525 1205 hic
1547 1179 1617 1220 per
1641 1166 1832 1221 Apuliam

59 1235 109 1278 ad
144 1236 406 1279 Brundisium
439 1251 579 1278 cursus
611 1236 710 1292 quid
732 1236 879 1278 efficiat
916 1241 1117 1293 exspecto.
1151 1237 1320 1279 Utinam
1343 1236 1497 1293 aliquid
1520 1237 1648 1280 simile
1671 1239 1833 1283 Parthi-

60 1310 118 1352 cis
150 1309 293 1352 rebus!
329 1310 457 1352 Simul
490 1310 646 1366 aliquid
679 1309 858 1361 audiero,
901 1309 1075 1352 scribam
1106 1310 1157 1353 ad
1189 1315 1244 1352 te.
1278 1311 1340 1352 Tu
1374 1310 1424 1352 ad
1457 1326 1521 1353 me
1554 1311 1675 1353 velim
1708 1311 1831 1355 bono·
1851 1330 1885 1357 15

59 1399 150 1426 rum
194 1399 408 1426 sermones.
454 1384 604 1426 Romae
637 1383 866 1440 frequentes
898 1399 984 1426 esse
1017 1384 1224 1426 dicuntur.
1266 1384 1358 1426 Scio
1391 1384 1578 1440 equidem
1609 1388 1650 1426 te
1683 1385 1726 1426 in
1759 1402 1832 1442 pu-

58 1455 210 1499 blicum
258 1472 341 1499 non
380 1457 553 1514 prodire,
598 1457 668 1499 sed
709 1462 845 1499 tamen
889 1457 1027 1500 audire
1071 1462 1111 1500 te
1159 1458 1289 1501 multa
1334 1473 1494 1500 necesse
1536 1462 1609 1500 est.
1659 1458 1830 1502 Memini

58 1530 207 1574 librum
246 1530 324 1572 tibi
368 1531 499 1573 afferri
542 1547 565 1573 a
597 1531 802 1574 Demetrio
836 1531 1028 1587 Magnete
1063 1531 1114 1574 ad
1146 1535 1187 1574 te
1219 1532 1387 1574 missum
1419 1529 1526 1591 περὶ
1561 1528 1823 1589 ὁμονοίας.

61 1605 166 1646 Eum
199 1603 300 1645 mihi
332 1603 453 1645 velim
485 1603 637 1646 mittas.
671 1603 797 1646 Vides
831 1619 950 1660 quam
985 1619 1148 1646 causam
1180 1604 1364 1647 mediter.

1852 968 1887 994 10

11 1754 14 1757 Ἴ
101 1712 117 1743 1
140 1714 158 1751 †
177 1714 235 1743 aut
257 1712 417 1754 utriusque
439 1712 473 1744 in
495 1712 660 1753 mancipiis
682 1731 722 1736 —
743 1713 763 1743 2
788 1713 902 1754 emptio
924 1732 966 1737 —-
987 1715 1006 1746 3
1028 1713 1219 1745 denuntiata
1243 1715 1289 1745 est
1322 1715 1339 1752 †
1365 1713 1465 1756 iyitur
1501 1726 1592 1757 quam
1624 1717 1768 1750 universe
1790 1736 1831 1742 -

56 1763 75 1792 8
99 1760 260 1792 mandata.
290 1780 331 1784 —
353 1761 392 1792 18
414 1762 538 1793 missum
560 1765 577 1801 †
597 1762 662 1794 scio
683 1759 761 1808 περὶ
788 1759 959 1808 ὁμονοίας.

55 1872 130 1899 rent
158 1876 233 1898 cum
262 1867 329 1899 inis
359 1867 485 1899 verbis:
516 1878 579 1900 non
609 1869 705 1899 inulto
736 1887 778 1891 —
800 1860 919 1906 ’Ῑλιάς,

57 1923 235 1965 Propterea
265 1933 303 1955 ea
333 1933 418 1965 quae
448 1924 696 1956 interficiuntur
724 1926 920 1958 transversis

58 1978 189 2010 lineolis
212 1978 344 2010 inclusi.

96 2034 114 2071 †
135 2031 201 2063 Aut
222 2031 385 2074 utriusque
416 2032 449 2062 in
479 2032 655 2073 mancipiis.
687 2033 728 2064 In
759 2032 821 2065 ha‘c
852 2043 920 2065 cor-

56 2092 152 2128 rupta
176 2086 319 2118 lectione
340 2086 531 2127 conspirant
548 2086 637 2118 Med.
654 2091 686 2118 et
700 2087 797 2128 Hisp.
819 2087 920 2126 Quod

57 2142 227 2174 Victorius
248 2152 308 2184 pro
330 2144 386 2172 aut
408 2141 550 2174 coniecit
571 2143 601 2172 et
631 2141 720 2183 quati
750 2152 818 2174 non
851 2143 918 2184 pla-

55 2201 117 2234 cet,
138 2195 298 2237 quoniam
336 2194 516 2226 conculcari
545 2195 652 2226 multo
686 2195 820 2235 gravius
849 2202 915 2233 est;

55 2258 161 2290 noque
194 2249 282 2289 quod
309 2248 429 2280 Bosius
459 2247 665 2288 excogitavit
692 2247 857 2290 utriusque
886 2249 918 2279 vi

53 2311 169 2334 verum
204 2301 347 2333 videtur.
391 2301 523 2332 Bonam
555 2301 756 2332 sententiam
783 2302 918 2342 praebet

54 2356 152 2398 paulo
175 2354 329 2386 audacior
351 2353 469 2386 Orellii
491 2354 697 2386 emendatio:
721 2373 761 2378 —-
782 2357 914 2396 aestate,

55 2407 201 2449 utrinque
223 2405 388 2447 mancipiis
410 2416 450 2437 ex
472 2416 501 2437 0.
518 2417 552 2447 q.
577 2406 728 2438 collectis.
760 2406 827 2439 Sed
849 2418 915 2439 ma-

53 2462 106 2503 gis
126 2461 235 2503 placet
256 2460 302 2492 H.
323 2460 368 2491 A.
390 2459 513 2491 Kochii
529 2459 732 2492 coniectura:
757 2463 814 2492 aut
821 2460 915 2501 prius

52 2515 158 2547 etiam.
190 2514 319 2546 Deinde
349 2513 463 2554 scripsi
494 2515 584 2554 quod
614 2523 631 2545 e
660 2514 750 2546 Med.
779 2514 914 2546 affertur

52 2569 142 2610 iptio,
175 2569 314 2600 lacunae
343 2568 439 2608 signo
468 2567 664 2608 praeposito.
701 2567 782 2600 Sine
810 2569 913 2600 dubio

53 2622 220 2662 integrum
242 2629 364 2652 nomen
392 2620 457 2651 fuit
482 2620 683 2661 proscriptio.
727 2621 769 2652 In
802 2622 912 2654 verbis

52 2673 242 2705 denuntiata
267 2675 313 2704 est
342 2672 442 2714 iqitur
471 2673 573 2704 latere
601 2678 682 2714 puto
718 2673 910 2705 denuntiata

53 2736 120 2758 esse
141 2725 269 2764 dicitur,
292 2735 359 2757 non
382 2727 469 2767 quod
491 2726 680 2765 Κο01110,111
695 2732 842 2759 mentem
857 2737 911 2760 ve—

53 2779 104 2811 nit
125 2779 317 2810 denuntiata
339 2781 385 2809 est
407 2778 536 2820 aqitari.
560 2779 732 2811 Postremo
755 2789 822 2811 non
842 2779 910 2810 uni-

51 2842 139 2864 verse
161 2843 179 2864 e
201 2832 294 2863 codd.
317 2837 375 2870 est,
392 2832 451 2863 sed
460 2831 637 2863 universam
652 2832 706 2863 vel
721 2831 909 2864 universum.

51 2884 239 2918 Gronovius
260 2884 403 2916 coniecit
422 2884 646 2915 universorum.
681 2885 786 2916 Totus
817 2885 908 2916 loeus

52 2939 162 2980 itaque
195 2938 241 2970 sic
275 2938 418 2978 legatur:
446 2936 640 2975 Concubcan‘,
663 2937 797 2977 inquam,
820 2938 909 2969 mise-

51 3003 119 3024 ram
141 2991 272 3024 Italiam
294 2990 412 3023 videbis
429 2991 572 3032 proxima
595 2994 720 3022 aestate
740 2993 797 3023 aut
813 2992 907 3033 pri-us

50 3046 145 3078 etiam
166 3045 330 3086 mancipiis
351 3056 392 3076 ex
413 3045 495 3076 omni
513 3056 630 3086 yenere
659 3046 800 3078 collectis
807 3059 817 3083 ;
852 3056 910 3078 neo

966 1880 1034 1902 esse
1056 1870 1185 1910 dicitur,
1213 1882 1303 1914 quam
1334 1874 1548 1906 universorum
1580 1875 1742 1907 interitus.
1777 1876 1828 1909 Cf.

966 1923 1133 1956 Bucheler
1155 1925 1189 1956 in
1212 1925 1317 1957 Muss.
1340 1926 1447 1958 Rhen.
1463 1926 1566 1959 Xm.
1584 1937 1614 1969 p.
1634 1927 1696 1959 592
1712 1929 1827 1960 eodem

966 1975 1034 2008 fere
1056 1977 1155 2008 modo
1176 1978 1294 2008 ultima
1317 1979 1497 2020 corrigens.

1010 2030 1029 2070 ξ
1055 2031 1084 2061 5.
1106 2029 1228 2061 Balbus
1250 2042 1288 2062 m.
1312 2031 1391 2063 haec
1412 2032 1521 2064 eadem
1535 2034 1679 2066 mandat.
1701 2033 1827 2068 Omnes

966 2082 1043 2114 libri
1065 2083 1178 2125 scripti
1199 2084 1323 2116 habent
1343 2084 1507 2124 mandata,
1538 2092 1575 2118 ut
1606 2087 1827 2129 supplendum

965 2135 1009 2166 sit
1030 2136 1075 2167 ad
1096 2146 1142 2166 me
1164 2135 1286 2167 attulit.
1311 2136 1378 2169 Sed
1391 2136 1512 2169 Caesar
1525 2138 1646 2177 orabat,
1662 2149 1731 2172 non
1743 2151 1827 2172 man-

964 2187 1072 2218 dabat.
1097 2187 1275 2230 Propterea
1297 2189 1450 2222 ultimam
1472 2191 1602 2223 literam
1624 2192 1742 2225 delevi.

1008 2241 1025 2279 ξ
1048 2240 1077 2274 7.
1103 2240 1228 2272 Utinam
1249 2242 1375 2284 aliquid
1389 2243 1494 2275 simile
1507 2243 1673 2276 Parthicis·
1688 2246 1779 2277 rebus
1790 2256 1824 2278 o:

964 2294 1092 2325 utinam
1115 2295 1172 2327 ille
1196 2295 1346 2327 Caesaris
1368 2306 1482 2329 cursus
1505 2307 1635 2330 merum
1667 2304 1825 2332 terrorem

963 2346 1123 2389 Pompeio
1145 2349 1280 2386 iniiciat,
1304 2354 1340 2380 ut
1362 2349 1471 2381 solent
1493 2350 1610 2382 Parthi
1632 2351 1700 2383 suis
1719 2352 1824 2384 incur-
1874 2364 1879 2367 ·

962 2400 1110 2432 sionibus
1146 2401 1197 2433 Cf.
1221 2402 1296 2433 adn.
1321 2411 1395 2433 mea
1417 2402 1459 2434 ad
1482 2402 1565 2435 VII.
1588 2404 1629 2435 26
1652 2409 1735 2437 extr.

1002 2448 1083 2498 Περὶ
1115 2450 1287 2499 ὁμονοίας.
1337 2455 1428 2497 Quod
1460 2456 1505 2488 ad
1533 2459 1564 2488 te
1592 2459 1668 2488 ante
1701 2458 1823 2498 scripsi,

960 2509 1113 2541 Demetrii
1142 2509 1302 2551 Maynetis
1341 2511 1462 2549 librum,
1490 2522 1578 2554 quem
1605 2513 1651 2544 ad
1679 2515 1711 2544 te
1739 2514 1822 2544 misit

959 2565 998 2595 de
1021 2564 1197 2603 concordia,
1220 2566 1312 2597 velim
1335 2566 1411 2597 mihi
1432 2567 1541 2599 mittas
1555 2567 1656 2599 VIII.
1678 2569 1718 2599 12
1734 2575 1820 2600 extr.

958 2623 991 2650 et
1013 2618 1169 2650 Demetrii
1189 2619 1302 2651 librum
1325 2620 1364 2652 de
1379 2620 1546 2653 concordia
1561 2621 1620 2653 tibi
1635 2622 1743 2653 remisi
1755 2622 1818 2654 IX.

957 2673 986 2710 9,
999 2671 1029 2703 2.
1052 2673 1142 2704 Male
1164 2673 1266 2714 igitur
1290 2674 1484 2706 Maussacus
1497 2676 1539 2706 ad
1555 2675 1717 2717 Har-poor.
1736 2676 1770 2707 in
1788 2687 1820 2707 v.

957 2724 1107 2761 Μεθώνη
1129 2726 1163 2757 11.
1186 2727 1208 2758 1.
1231 2727 1380 2759 mutabat
1401 2724 1479 2774 περὶ
1495 2723 1681 2774 ὁμωνύμων
1698 2722 1819 2772 (ποιη-

955 2781 1022 2811 τῶν
1062 2776 1120 2811 >toti
1156 2774 1413 2825 συγγραφέων),
1454 2782 1511 2822 qui
1547 2781 1632 2813 liber
1671 2782 1817 2814 eiusdem

955 2836 1122 2876 scriptoris
1144 2836 1224 2867 alibi
1246 2837 1376 2868 citatur.
1400 2836 1468 2869 Sed
1489 2837 1576 2869 nihil
1591 2847 1634 2870 ex
1650 2847 1689 2870 00
1706 2838 1818 2871 labore

955 2889 1071 2921 Cicero
1094 2900 1183 2921 nunc
1204 2891 1391 2931 quaerebat.
1404 2909 1447 2915 —
1467 2890 1547 2930 Scio,
1571 2892 1660 2933 quod
1677 2893 1710 2924 in
1727 2893 1817 2924 Med.

954 2942 1098 2975 indicem
1121 2943 1197 2975 libri
1225 2945 1400 2985 praecedit,
1436 2953 1528 2976 mero
1557 2945 1683 2976 librarii
1716 2946 1817 2977 era-ori

953 2996 1100 3028 debetur.
1124 3015 1165 3020 —-
1187 2997 1243 3028 Ad
1263 2999 1294 3028 te
1316 2997 1439 3028 missum
1463 3004 1512 3030 est
1533 2998 1555 3029 i.
1578 3008 1608 3039 q.
1641 2998 1701 3029 tibi
1729 2999 1816 3030 dedi-

953 3054 1074 3080 catum.
1097 3049 1149 3081 Cf.
1172 3049 1244 3082 Cat.
1268 3050 1347 3082 Mai.
1371 3051 1390 3091 ξ
1413 3052 1443 3082 3.
1465 3051 1506 3082 In
1530 3055 1679 3083 extrema
1702 3060 1752 3092 ep.
1777 3052 1814 3082 11

52 3101 114 3130 tam
164 3098 378 3141 (sinyulorum)
417 3098 609 3139 proscriptio
647 3098 909 3139 pertimescenda,
954 3102 1011 3133 lib.
1036 3103 1086 3134 IV
1108 3104 1148 3134 de
1178 3103 1243 3135 ulio
1272 3104 1370 3136 huius
1402 3104 1562 3137 Demetrii
1593 3104 1678 3136 libro
1708 3113 1816 3137 sermo

49 3163 128 3195 quae
162 3152 315 3184 Luceriae
347 3153 455 3184 multis
487 3152 677 3184 sermonibus
709 3154 908 3185 denuntiata
956 3164 1026 3188 esse
1050 3157 1190 3188 videtur.
1432 3168 1434 3171 ·
