2062 3565
127 952 158 975 111

122 1324 152 1348 15

589 148 672 189 ΕΡ.
708 149 784 189 AD
816 148 862 188 T.
899 147 1249 189 POMPONIUM
1285 148 1548 189 ATTICUM.

188 150 273 188 228

186 285 253 336 sis,
300 284 485 339 quodque
529 289 575 325 tu
618 276 872 341 ἀκίνδυνα
907 297 990 324 esse
1025 282 1181 324 scribis.
1219 286 1259 324 2.
1293 283 1565 338 Ligarianam,
1600 290 1646 326 ut
1679 284 1809 337 video,
1843 300 1954 341 prae-

187 358 288 398 clare
322 357 537 398 auctoritas
570 362 641 398 tua
673 355 983 397 commendavit.
1018 356 1186 411 Scripsit
1219 357 1327 398 enim
1360 356 1409 398 ad
1444 372 1505 398 me
1539 356 1690 399 Balbus
1723 363 1763 399 et
1796 358 1953 414 Oppius

186 431 349 472 mirifice
394 446 434 471 se
485 429 666 486 probare,
712 429 762 471 ob
807 444 972 484 eamque
1007 444 1168 471 causam
1201 423 1251 472 ad
1285 430 1495 472 Caesarem
1528 446 1615 473 eam
1648 447 1689 473 se
1723 431 1952 473 oratiuncu-

184 504 262 545 lam
308 504 475 545 misisse.
530 504 618 545 Hoc
668 503 794 558 igitur
839 502 947 544 idem
988 508 1036 544 tu
1068 503 1168 544 mihi
1202 508 1320 544 antea
1352 504 1580 558 scripseras.
1616 506 1657 545 3.
1691 505 1741 545 In
1775 504 1954 545 Varrone

183 577 258 617 ista
305 592 423 618 causa
467 592 529 617 me
569 592 651 618 non
696 582 884 627 moveret,
934 591 984 617 ne
1019 575 1172 617 viderer
1206 570 1505 631 φιλένδοξος
1539 602 1595 606 -
1631 578 1687 618 sic
1720 577 1827 618 enim
1861 593 1955 620 con-

182 650 404 700 stitueram,
449 650 650 691 neminem
690 649 895 691 includere
939 650 983 690 in
1026 649 1206 704 dialogos
1250 664 1400 700 eorum,
1442 650 1511 705 qui
1561 650 1741 691 viverent
1776 675 1849 701 —,
1883 650 1952 692 sed

182 723 276 777 quia
319 722 459 764 scribis
504 728 544 764 et
594 722 811 764 desiderari
845 738 867 763 a
901 723 1079 764 Varrone
1113 728 1153 763 et
1186 723 1323 778 magni
1355 722 1469 764 illum
1505 724 1726 775 aestimare,
1762 739 1828 766 eos
1861 739 1954 766 con—

184 795 258 837 feci
292 802 331 837 et
365 796 516 838 absolvi
551 796 686 838 nescio
719 811 839 852 quam
874 795 989 846 bene,
1025 795 1094 837 sed
1128 796 1185 837 ita
1218 802 1416 847 accurate,
1454 802 1500 838 ut
1532 796 1635 838 nihil
1668 803 1802 853 posset
1819 813 1953 854 supra,

183 869 463 911 Academicam
497 885 655 911 omnem
690 870 965 925 quaestionem
1001 868 1114 910 libris
1148 874 1352 924 quattuor.
1389 870 1438 911 In
1472 871 1543 922 eis,
1579 886 1680 926 quae
1714 875 1828 912 erant
1860 887 1958 913 con-

180 949 240 984 tra
285 940 647 1000 ἀκαταληψίαν
688 943 885 999 praeclare
931 944 1097 985 collecta
1130 942 1180 984 ab
1215 944 1432 995 Antiocho,
1468 945 1639 986 Varroni
1673 945 1767 986 dedi
1777 964 1787 995 3
1823 945 1873 986 ad
1907 961 1953 987 ea

180 1019 262 1074 ipse
298 1018 531 1074 respondeo,
566 1029 613 1060 tu
646 1034 687 1060 es
721 1018 865 1059 tertius
898 1018 940 1059 in
975 1032 1155 1059 sermone
1191 1022 1341 1058 nostro.
1393 1018 1435 1059 Si
1465 1018 1624 1059 Cottam
1658 1022 1698 1058 et
1731 1018 1952 1061 Varronem

179 1090 356 1134 fecissem
403 1093 508 1133 inter
554 1107 594 1133 se
639 1091 905 1147 disputantes,
953 1099 997 1132 ut
1042 1106 1064 1132 a
1096 1096 1134 1131 te
1169 1091 1361 1146 proximis
1394 1091 1521 1132 literis
1555 1091 1783 1143 admoneor,
1818 1108 1952 1134 meum

178 1165 348 1221 κωφὸν
381 1163 644 1224 πρόσωπον
677 1173 793 1206 esset.
832 1168 871 1206 4.
911 1165 995 1206 Hoc
1029 1165 1072 1206 in
1107 1165 1283 1220 antiquis
1317 1165 1498 1219 personis
1530 1165 1706 1207 suaviter
1738 1166 1797 1218 fit,
1832 1172 1878 1208 ut
1910 1172 1951 1209 et

178 1239 413 1281 Heraclides
445 1241 488 1281 in
523 1240 659 1281 multis
693 1249 733 1280 et
768 1256 839 1281 nos
873 1256 941 1280 sex
975 1239 1023 1280 de
1058 1240 1115 1280 Re
1152 1238 1313 1294 publica
1347 1238 1460 1280 libris
1484 1239 1665 1280 fecimus.
1701 1240 1806 1281 Sunt
1828 1241 1950 1283 etiam

177 1313 225 1354 (16
260 1313 428 1354 Oratore
462 1313 588 1355 nostri
622 1318 716 1362 tres,
752 1313 850 1353 mihi
886 1312 1141 1353 vehementer
1175 1311 1346 1367 probati.
1398 1312 1446 1353 In
1480 1312 1536 1353 eis
1571 1328 1729 1367 quoque
1762 1328 1830 1355 eae
1864 1331 1950 1371 per-

177 1402 295 1428 sonae
340 1393 448 1437 sunt,
494 1391 540 1427 ut
588 1385 688 1427 mihi
736 1385 952 1427 tacendum
987 1385 1122 1426 fuerit.
1157 1385 1324 1426 Crassus
1360 1386 1466 1427 enim
1500 1386 1695 1440 loquitur,
1731 1389 1948 1440 Antonius,

176 1462 345 1503 Catulus
389 1477 523 1512 senex,
563 1460 609 1501 C.
655 1460 798 1511 Iulius,
845 1460 965 1501 frater
1000 1460 1148 1510 Catuli,
1184 1460 1317 1510 Cotta,
1354 1459 1570 1515 Sulpicius.
1623 1460 1753 1501 Puero
1786 1476 1848 1502 me
1882 1461 1948 1503 hic

175 1550 303 1576 sermo
347 1535 568 1586 inducitur,
615 1540 661 1575 ut
703 1534 837 1575 nullae
885 1550 967 1575 esse
1014 1540 1175 1589 possent
1220 1538 1350 1589 partes
1396 1549 1518 1575 meae.
1570 1534 1683 1586 Quae
1717 1540 1850 1577 autem
1885 1536 1947 1577 his

174 1608 421 1664 temporibus
465 1609 619 1664 scripsi,
671 1605 1061 1666 Ἀριστοτέλειον
1110 1623 1257 1649 morem
1304 1607 1468 1660 habent,
1519 1609 1561 1650 in
1606 1624 1685 1665 quo
1730 1625 1858 1651 sermo
1890 1610 1948 1652 ita

173 1681 382 1723 inducitur
415 1687 652 1733 ceterorum,
688 1689 733 1723 ut
769 1698 887 1738 penes
920 1683 1053 1738 ipsum
1087 1683 1140 1723 sit
1174 1682 1437 1738 principatus.
1482 1683 1546 1724 Ita
1579 1683 1733 1725 confeci
1767 1684 1945 1739 quinque

174 1754 296 1796 libros
331 1754 435 1815 περὶ
470 1753 638 1811 τελῶν,
676 1764 721 1797 ut
757 1757 955 1812 Epicurea
988 1757 1036 1797 L.
1070 1757 1286 1811 Torquato,
1322 1756 1456 1797 Stoica
1479 1757 1537 1797 M.
1566 1756 1724 1808 Catoni,
1748 1771 1945 1815 περιπα-

177 1828 350 1882 τητικά
383 1830 444 1871 Μ.
478 1830 616 1872 Pisoni
650 1830 800 1871 darem.
839 1826 1229 1883 Ἀζηλοτύπητον
1262 1829 1303 1870 1(1
1338 1829 1420 1870 fore
1450 1834 1646 1884 putaram,
1671 1829 1778 1884 quod
1808 1845 1945 1872 omnes

173 1901 232 1942 illi
266 1901 532 1944 decesserant.
569 1905 609 1943 5.
649 1904 757 1944 Haec
803 1902 1058 1953 Academica,
1093 1907 1139 1943 ut
1171 1902 1262 1952 scis,
1298 1916 1389 1943 cum
1424 1902 1584 1954 Catulo,
1618 1902 1804 1954 Lucullo,
1839 1903 1943 1944 Hor-

174 1976 302 2016 tensio
326 1976 589 2017 contuleram.
613 1977 716 2018 Sane
739 1977 781 2017 in
807 1991 995 2031 personas
1019 1991 1099 2017 non
1123 1975 1348 2027 cadebant3
1368 1982 1482 2017 erant
1501 1977 1609 2018 enim
1625 1972 1944 2036 λογικώτερα,

138 2059 149 2082 5
175 2064 293 2102 quam
327 2059 374 2090 ut
406 2049 465 2090 illi
499 2049 547 2090 (16
582 2049 630 2090 iis
665 2050 883 2091 somniasse
919 2064 1097 2104 unquam
1133 2048 1377 2090 viderentur.
1409 2043 1565 2104 Itaque,
1601 2055 1647 2091 ut
1680 2050 1757 2104 legi
1780 2055 1871 2091 tuas
1895 2050 1944 2091 (16

216 2259 234 2298 ξ
257 2259 286 2290 2.
310 2258 808 2300 Liqarianam—commendavit.
831 2259 872 2292 cf.
886 2261 1035 2301 ep.12,2.

215 2310 347 2352 Scripsit
369 2330 411 2335 —-
435 2311 553 2342 Balbus
575 2314 605 2342 et
631 2312 756 2353 Oppius.
779 2313 854 2343 Duo
872 2320 1035 2354 postrema

175 2365 336 2396 vocabula
359 2365 469 2396 addita
491 2374 611 2396 censeo
636 2366 677 2396 ab
699 2366 821 2406 aliquo,
846 2367 903 2407 qui
921 2367 1035 2398 memi-

175 2428 268 2453 nerat
289 2421 369 2452 haec
394 2422 461 2451 duo
484 2421 620 2452 nomina
643 2422 839 2463 plerumque
862 2423 1032 2463 coniungi.

174 2475 252 2507 vid.
278 2485 362 2516 quae
393 2475 491 2506 citavi
526 2476 567 2506 ad
595 2475 660 2506 XI.
685 2476 713 2513 6,
738 2477 766 2507 2.
798 2476 833 2507 Si
865 2477 1035 2518 utriusque

175 2529 349 2570 epistolam
370 2529 557 2570 accepisset,
581 2530 763 2570 scripsisset
785 2531 910 2571 potius:
934 2530 1034 2571 Scrip-
1059 2530 1060 2533 ’

174 2585 282 2614 serunt
305 2602 346 2606 ——
367 2582 407 2613 B.
431 2585 461 2614 et
487 2582 512 2613 0
546 2584 615 2614 vel:
652 2584 773 2615 Balbus
805 2584 885 2615 enim
917 2585 961 2616 acl
989 2596 1035 2616 me
1058 2579 1059 2583 ¹

173 2636 301 2678 scripsit
323 2639 354 2668 et
379 2636 504 2678 OppiuS.
539 2637 655 2678 Neque
678 2638 762 2669 illud
784 2639 954 2679 probabile
977 2644 1034 2677 est,
1058 2646 1059 2682 ζ

175 2690 215 2720 ab
237 2697 379 2731 utroque
401 2690 600 2730 Ligarianae
624 2691 817 2732 exemplum
851 2693 891 2723 ad
921 2692 1034 2725 Caesa·
1058 2683 1059 2686 Ἴ

175 2752 244 2774 rem
267 2743 405 2774 missum
428 2752 508 2774 esse.

217 2797 287 2836 §3.
313 2795 443 2827 Cottam.
476 2795 511 2828 C.
543 2795 686 2833 Cottam,
714 2798 769 2838 qui
800 2798 833 2828 in
872 2798 963 2829 libris
994 2800 1034 2830 de

177 2854 241 2879 nat.
263 2850 399 2880 deorum
423 2849 565 2890 loquens
589 2849 762 2888 inducitur,
799 2851 856 2882 ubi
879 2852 1033 2883 adversus
1057 2850 1058 2864 ³

176 2902 320 2933 Balbum
342 2903 583 2934 Acarlemicam
607 2904 769 2935 rationem
791 2905 947 2936 defendit.

217 2956 236 2995 ξ
258 2957 288 2987 4.
301 2955 410 2988 Sermo
432 2955 603 2987 inducitur.
628 2957 776 2988 Verbum
788 2959 923 2989 ductum
936 2968 1032 2990 asce-
1056 2974 1058 2994 2

176 3021 226 3048 na,
240 3017 276 3042 ut
298 3011 332 3042 in
356 3011 421 3042 alio
443 3012 516 3042 loco
539 3010 598 3043 Cic
633 3011 695 3044 Off.
720 3013 849 3044 111.38.
868 3012 956 3044 Hinc
977 3013 1034 3044 ille
1056 3016 1057 3020 ’

178 3063 278 3104 ques
300 3063 463 3094 inducitur
485 3074 504 3094 a
520 3063 664 3095 Platone.
686 3064 756 3097 Nos
772 3065 912 3097 dicimus
934 3067 1033 3097 wordt

175 3117 356 3157 amet-oercl.

190 3176 193 3177 ’
219 3162 483 3215 Ἀριστοτέλειον
518 3181 628 3201 morem
659 3172 782 3202 habens.
818 3172 865 3203 De
896 3173 956 3203 hos·
988 3173 1031 3203 lo-

1083 2272 1131 2300 co,
1167 2264 1222 2304 qui
1252 2273 1400 2304 pugnare
1431 2263 1561 2294 videtur
1592 2273 1669 2295 cum
1702 2263 1751 2302 iis,
1785 2273 1869 2305 quae
1901 2263 1944 2295 le-

1083 2324 1208 2357 guntur
1230 2318 1264 2348 in
1287 2318 1380 2359 epist.
1403 2319 1443 2349 ad
1466 2318 1659 2357 Lentulum,
1681 2318 1774 2350 Fam.
1797 2320 1824 2350 I.
1850 2319 1878 2356 9,
1893 2319 1943 2356 23,

1082 2374 1179 2405 inulti
1201 2375 1420 2415 disputarunt,
1443 2384 1585 2415 quorum
1607 2375 1788 2406 sententias
1799 2375 1943 2406 breviter

1081 2428 1243 2459 recensuit
1267 2434 1297 2460 et
1321 2429 1505 2469 exploravit
1527 2427 1569 2459 G.
1592 2429 1737 2460 Thomas
1760 2429 1794 2460 in
1810 2428 1888 2460 diss.
1901 2429 1943 2460 de

1059 2507 1060 2528 ἓ
1080 2480 1271 2512 Aristotelis
1286 2478 1498 2525 ἐξωτερικοῖς
1526 2477 1641 2524 λόγοις
1655 2481 1761 2522 deque
1774 2480 1942 2513 Ciceronis

1082 2538 1184 2569 Arist.
1209 2548 1308 2575 more,
1332 2538 1419 2569 edita
1440 2537 1547 2570 Goett.
1574 2538 1663 2576 1860,
1686 2549 1717 2579 p.
1730 2538 1769 2569 63
1783 2538 1937 2580 seqq.Cf.

1058 2599 1059 2626 3
1082 2592 1162 2632 disp.
1186 2592 1212 2622 Ι.
1236 2592 1413 2633 Bernaysii
1435 2601 1518 2633 quae
1540 2592 1745 2623 inscribitur:
1782 2592 1836 2624 die
1864 2592 1939 2624 Dia-

1081 2645 1156 2686 loge
1179 2645 1237 2676 des
1259 2645 1362 2676 Arist.
1386 2646 1420 2676 in
1443 2645 1549 2677 ihrem
1573 2645 1783 2677 Verhaltniss
1805 2656 1847 2677 zu
1880 2646 1942 2679 sei-

1057 2721 1059 2747 l
1082 2706 1146 2729 nen
1170 2698 1310 2738 iibrigen
1335 2697 1491 2736 Werken,
1516 2698 1626 2730 Berol.
1660 2698 1751 2730 1863.
1787 2699 1861 2740 Ego
1892 2699 1938 2730 sic

1081 2761 1208 2790 censeo,
1231 2752 1449 2784 Aristotelem
1471 2753 1506 2783 in
1529 2753 1671 2794 dialogis
1702 2763 1770 2784 non
1800 2753 1937 2784 solitum

1080 2804 1180 2836 fuisse
1202 2805 1311 2846 ipsum
1334 2806 1435 2846 loqui,
1466 2806 1524 2837 sed
1552 2811 1625 2846 post
1660 2806 1742 2837 alios
1772 2810 1937 2847 postremo

1080 2860 1152 2891 loco
1175 2860 1347 2892 induxisse
1369 2861 1522 2902 aliquem,
1547 2861 1604 2902 qui
1623 2861 1725 2902 ipsius
1739 2861 1937 2893 sententiam

1057 2942 1058 2949 ,
1081 2912 1270 2953 explicaret.
1294 2914 1407 2954 Atque
1429 2914 1491 2944 hoc
1515 2919 1572 2951 est,
1596 2915 1682 2955 quod
1707 2913 1823 2946 Cicero
1848 2925 1935 2946 nunc

1081 2972 1175 2996 vocat
1191 2975 1290 3005 penes
1312 2966 1409 3006 speum
1433 2966 1532 2998 fuisse
1548 2966 1775 3007 principatum.

1121 3019 1139 3058 ξ
1162 3019 1190 3048 5.
1214 3016 1305 3048 Haec
1326 3018 1515 3049 Academica
1543 3024 1604 3050 cet.
1638 3018 1753 3051 Placet
1778 3020 1936 3052 Lambini

1080 3069 1221 3110 suspicio
1253 3069 1413 3110 legentis:
1444 3071 1536 3102 Haec
1572 3071 1638 3109 Ac„
1672 3082 1762 3113 quae,
1796 3075 1831 3103 ut
1863 3071 1935 3111 scis,

1080 3134 1145 3153 eum
1172 3123 1203 3153 C.
1227 3122 1260 3153 L.
1283 3123 1327 3154 H.
1350 3124 1551 3162 contuleram,
1573 3133 1650 3156 sane
1660 3125 1693 3155 z'n
1707 3136 1858 3166 personas
1873 3136 1936 3158 non

1079 3176 1241 3206 cadebam.
1275 3176 1386 3214 Quum
1412 3182 1519 3209 autem
1548 3177 1633 3208 dicar
1667 3187 1701 3209 se
1735 3179 1935 3211 Academica
