2062 3565
47 201 49 203 ,
100 166 181 206 112
498 164 580 204 nr.
616 162 692 203 AD
725 137 770 203 r.
806 159 1157 202 POMPONIUM
1192 157 1456 199 A'rrroUM.

95 300 286 356 profecto,
331 299 519 354 quoniam
562 296 725 352 quidem
771 300 831 337 est
864 295 1009 336 missus
1042 294 1093 336 ad
1125 299 1180 335 te.
1216 295 1257 335 3.
1297 293 1468 345 Chreme,
1505 298 1708 335 tantumne
1740 294 1787 334 ab
1822 308 1864 334 re

98 379 167 415 tua
211 377 268 414 est
310 372 366 413 ota·
406 371 491 422 tibi,
538 374 586 411 ut
617 369 738 410 etiam
773 369 984 411 Oratorem
1015 368 1151 423 legas?
1184 367 1319 409 Macte
1354 366 1525 407 virtute!
1560 366 1667 408 Mihi
1701 365 1864 422 quidem

96 451 253 501 gratum
298 446 386 499 (est)
430 449 470 484 et
513 443 589 484 erit
630 442 798 498 gratius,
843 442 876 483 si
919 456 1001 482 non
1045 440 1163 482 modo
1208 440 1251 480 in
1284 437 1398 480 libris
1430 438 1527 489 tuis,
1562 438 1632 480 sed
1665 438 1786 480 etia-111
1819 438 1862 479 in

97 519 264 560 aliorum
307 532 376 573 per
418 516 600 558 librarios
655 521 746 557 tuos
795 514 1217 570 Aristophanem
1268 511 1489 568 reposueris
1538 527 1609 567 pro
1656 511 1863 566 Eupoli.

100 593 139 631 4.
174 590 318 631 Caesar
351 594 483 630 autem
518 589 619 630 mihi
650 588 815 630 irridere
849 589 958 630 visus
993 592 1054 630 est
1094 586 1305 642 ''quaeso”
1338 585 1440 627 illud
1472 590 1604 637 tuum,
1638 584 1746 640 quod
1781 588 1866 625 erat

97 657 292 713 61]va
325 667 366 703 et
398 661 612 703 urbanum.
647 662 711 702 Ita
743 676 859 716 porro
892 665 932 702 te
966 661 1052 702 sine
1086 675 1181 701 cura
1215 674 1299 700 esse
1332 657 1464 708 iussit,
1497 663 1545 699 ut
1577 658 1677 700 inihi
1701 658 1864 713 quidem

100 736 391 777 dubitationem
437 750 594 776 omnem
639 735 809 776 tolleret.
860 735 1039 776 Atticam
1074 733 1188 775 doleo
1222 738 1302 774 tam
1339 732 1424 781 diu,
1459 732 1527 773 sed
1561 731 1751 787 quoniam
1784 731 1865 772 iam

100 810 185 850 sine
218 808 379 850 horrore
413 813 487 859 est,
522 822 636 864 spero
669 823 753 849 esse
786 812 834 848 ut
868 807 1067 850 volumus.

144 975 161 1005 3
179 977 308 1016 qratum
332 975 363 1005 et
385 974 447 1004 erit
471 992 512 997 -·

102 1123 182 1154 haec
205 1122 306 1154 verba
337 1125 482 1162 spectare
512 1120 554 1151 ad
581 1119 684 1150 alium
714 1120 825 1150 locum
857 1119 964 1149 litera·
1053 1115 1183 1145 Gratum
1206 1122 1266 1145 EST
1288 1117 1318 1145 et
1341 1115 1403 1145 erit
1421 1115 1560 1156 qratius.
1597 1113 1729 1145 Inserui
1756 1114 1803 1143 est
1826 1121 1869 1143 ex

102 1185 175 1206 rum
204 1174 319 1211 Attici,
354 1180 387 1205 et
416 1178 587 1214 propterea
620 1172 800 1203 maximam
831 1170 965 1201 distinc-
1008 1167 1127 1201 Orellii
1149 1169 1235 1200 coni.
1251 1168 1410 1210 quoniam
1427 1167 1530 1199 futuri
1545 1166 1702 1208 temporis
1720 1165 1869 1206 designa-

105 1227 230 1259 tionem
252 1227 293 1258 iis
315 1226 512 1268 praeposuit.
557 1225 623 1256 Sed
647 1230 724 1256 ante
746 1233 874 1255 nexum
896 1232 965 1253 ora·
1008 1222 1054 1252 tio
1090 1222 1270 1263 praesentis
1306 1228 1420 1253 notam
1458 1221 1571 1252 abesse
1604 1229 1672 1251 non
1702 1219 1790 1250 sinit.
1827 1218 1868 1249 ef.

106 1281 205 1313 tionis
229 1281 326 1312 verba
350 1281 420 1322 ipsa
442 1285 520 1311 sunt
554 1279 762 1320 explicanda.
797 1278 894 1307 Assus
917 1282 966 1308 est
1008 1273 1240 1315 Wesenbergii
1261 1275 1400 1306 Emend.
1423 1284 1455 1315 p.
1480 1273 1527 1306 17.

108 1334 223 1370 siccus,
247 1339 283 1364 ut
305 1339 437 1374 apparet
461 1342 503 1364 ex
526 1342 599 1363 assa
630 1331 797 1362 sudatione
826 1335 857 1361 et
890 1339 965 1360 assa
1051 1327 1083 1357 Si
1106 1346 1147 1350 —
1177 1328 1420 1368 Aristophanem
1454 1326 1630 1368 reposueris
1652 1335 1713 1365 pro
1746 1324 1869 1365 Eupoli.

110 1387 201 1424 cella,
225 1395 310 1426 quae
332 1386 455 1417 dicitur
477 1395 515 1417 ea
536 1395 611 1426 pars
635 1384 754 1421 balnei,
770 1384 829 1414 ubi
845 1391 966 1424 vapore
1009 1382 1083 1413 Hoc
1106 1381 1230 1413 factum
1254 1382 1288 1413 in
1313 1381 1406 1414 Orat.
1429 1381 1469 1412 29
1493 1381 1550 1412 ubi
1572 1379 1614 1411 cf.
1637 1380 1748 1410 adnot.
1769 1378 1867 1410 Goel—

111 1439 242 1470 elicitur
265 1440 372 1470 sudor.
395 1438 466 1470 Sole
490 1448 562 1469 asso
583 1438 696 1474 utitur,
719 1437 776 1478 qui
799 1447 865 1468 non
887 1445 965 1466 unc-
988 1413 1082 1480 lleri.

108 1500 160 1524 tus
183 1494 216 1524 in
240 1493 310 1524 sole
333 1493 491 1530 ambulat,
515 1493 602 1534 quod
625 1498 701 1523 ante
733 1491 888 1522 balneum
922 1490 965 1520 fa-
1052 1489 1070 1528 ᾗ
1093 1487 1123 1519 3.
1148 1488 1264 1517 Caesar
1287 1493 1347 1517 cet.
1378 1486 1454 1516 Non
1483 1484 1557 1516 risit
1579 1484 1699 1516 Caesar
1732 1483 1870 1515 vocabu-

106 1556 178 1577 cere
200 1546 362 1577 solebant.
397 1545 438 1576 cf.
469 1545 556 1576 Plin.
591 1545 651 1585 Ep.
675 1544 736 1575 Vl.
769 1543 817 1581 16,
841 1546 858 1574 5
891 1553 965 1574 usus
1009 1543 1078 1573 lum
1113 1547 1271 1582 tanquam
1294 1540 1499 1576 obsoletum3
1532 1548 1610 1569 nam
1633 1538 1721 1579 apud
1743 1536 1871 1569 Cicero·

105 1600 161 1630 ille
182 1600 258 1637 sole,
292 1610 360 1630 ›110ae
375 1598 505 1639 sriyida.
534 1605 595 1630 cet.
630 1605 663 1630 et
699 1598 762 1628 111.
800 1597 827 1635 1,
866 1597 884 1627 8
916 1597 966 1627 nbi
1009 1605 1086 1627 nem
1116 1595 1269 1636 frequens
1302 1599 1351 1625 est
1380 1599 1412 1625 et
1447 1599 1559 1634 postea
1587 1592 1723 1623 demum
1757 1600 1871 1633 quaeso

1010 1648 1184 1680 nonnullis
1206 1646 1383 1688 displicuit,
1407 1652 1445 1677 ut
1466 1651 1580 1677 auctor
1599 1645 1695 1676 nobis
1707 1649 1756 1676 est
1769 1644 1874 1683 Quiu-

1009 1703 1146 1734 tilianus
1169 1702 1194 1733 1.
1220 1700 1259 1734 Ο.
1284 1701 1384 1731 VIII.
1408 1702 1437 1738 3,
1472 1701 1522 1737 25,
1555 1699 1613 1730 ubi
1643 1699 1870 1730 scribendum:

1009 1757 1099 1789 Salis
1121 1759 1168 1788 est
1193 1759 1279 1787 velus
1302 1764 1457 1792 QUAEso:
1486 1754 1562 1796 quid
1590 1763 1714 1785 necesse
1747 1755 1794 1784 est
1826 1753 1872 1783 di-

1009 1811 1124 1846 cere?;
1150 1811 1207 1842 sed
1239 1810 1310 1841 risit
1335 1812 1456 1841 Caesar
1477 1808 1642 1845 Atticum,
1670 1807 1729 1848 qui
1750 1807 1784 1838 in
1807 1807 1872 1848 epi-

1010 1863 1094 1894 stola
1130 1863 1274 1904 quadani
1299 1863 1340 1893 ad
1366 1871 1442 1894 eum
1466 1861 1526 1892 hac
1549 1870 1630 1891 voce
1652 1859 1781 1901 saepius
1803 1864 1872 1891 erat

1011 1926 1100 1947 usus.
1499 1924 1501 1927 ·

1053 1965 1211 2006 Εὑπινὲς.
1244 1966 1343 2005 uix-og
1366 1974 1425 2005 est,
1458 1973 1491 1997 ut
1515 1966 1628 1997 (locuit
1650 1964 1800 2006 Toupius
1831 1964 1870 1994 ad

1010 2024 1215 2065 Longinumj
1237 2034 1268 2065 p.
1297 2023 1368 2060 203,
1404 2022 1508 2063 robiqo
1537 2019 1754 2062 anliquitatis,
1787 2028 1872 2061 quae

1010 2076 1172 2107 artificum
1195 2084 1297 2116 opera
1319 2074 1583 2105 commendabat.
1605 2070 1750 2110 Εὑπινές
1770 2072 1872 2113 igitur

104 1654 180 1684 hora
215 1653 333 1684 balinei
366 1653 513 1684 nuntiata
545 1656 601 1690 est,
640 1653 672 1683 in
706 1653 780 1690 sole,
814 1652 843 1682 si
876 1655 964 1682 carel

103 1710 203 1745 vento,
233 1707 370 1738 ambulat
401 1706 511 1737 medus.
558 1706 743 1748 Opponitur
771 1706 820 1737 sol
851 1708 964 1736 vnctus

106 1770 147 1800 et,
171 1763 332 1804 quoniam
354 1768 451 1793 uncta
475 1763 592 1800 nitent,
627 1762 757 1799 nitidus,
787 1771 887 1803 quem
908 1761 964 1792 ho-

106 1815 211 1846 mines
233 1815 439 1846 delicatiores
461 1814 699 1856 praeferebant.
743 1814 792 1846 De
823 1825 854 1845 v.
877 1813 966 1844 abuti

104 1868 178 1899 dixi
199 1869 240 1899 ad
261 1869 328 1899 111.
352 1869 401 1905 13,
425 1869 455 1899 2.
490 1869 581 1900 Haec
604 1874 714 1900 autem
737 1878 805 1898 non
835 1867 966 1908 proprie

106 1920 294 1961 accipienda
318 1930 397 1958 esse,
421 1926 457 1952 ut
480 1921 616 1962 putabat
637 1920 818 1957 Manutius,
852 1920 910 1952 sed
931 1920 965 1950 fi—

106 1981 232 2015 gurate,
255 1976 475 2007 certissimum
499 1981 556 2007 est.
595 1975 713 2006 Finxit
737 1975 827 2006 enim
850 1974 966 2009 Cicero

107 2037 140 2059 se
163 2029 202 2058 de
226 2028 324 2059 claris
346 2028 530 2059 oratoribus
552 2028 761 2059 collocutum
786 2037 860 2059 esse
889 2037 964 2058 cum

106 2081 220 2112 Attico
243 2087 274 2113 et
297 2082 403 2113 Bruto
426 2081 457 2111 in
482 2081 615 2122 pratulo
649 2088 782 2122 propter
815 2081 966 2112 Platonis

106 2138 244 2164 statuam
267 2134 466 2171 sedentibus,
490 2134 585 2165 Brut.
608 2134 658 2164 24.
680 2134 731 2164 Eo
754 2133 839 2164 libro
861 2133 964 2164 delec-
1010 2138 1068 2169 est,
1091 2132 1179 2172 quod
1202 2131 1372 2170 eleganter
1394 2129 1534 2170 priscam
1556 2128 1800 2170 simplicitatem
1823 2138 1869 2160 re-

107 2186 237 2217 tabatur
266 2186 410 2223 Atticus,
440 2196 542 2227 quum
581 2187 642 2227 ipsi
680 2186 833 2218 Ciceroni
866 2187 965 2226 paulo
1009 2185 1080 2216 sert.
1113 2184 1149 2215 cf
1177 2183 1307 2214 Ernesti
1335 2182 1486 2213 Lexieon
1521 2182 1616 2213 Rhet.
1652 2181 1707 2213 Gr.
1742 2192 1774 2222 p.
1809 2182 1868 2212 143

106 2239 249 2270 ieiunior
271 2249 331 2270 uec
354 2239 431 2270 satis
455 2245 590 2270 ornatus
613 2240 788 2271 videretur.
809 2240 885 2270 Hoc
907 2239 965 2279 igi·
1008 2243 1040 2270 et
1062 2238 1132 2268 265.

108 2298 159 2323 tur
181 2292 277 2323 dicit:
303 2299 337 2323 tu
362 2293 498 2324 fortasse
521 2299 697 2334 occupatus
721 2303 754 2324 es
777 2293 810 2323 in
829 2294 964 2333 negotio
988 2324 991 2334 Ι
1052 2293 1129 2325 Sine
1152 2303 1226 2323 cura
1251 2302 1319 2322 esse
1352 2292 1392 2323 de
1427 2291 1569 2331 negotiis
1607 2290 1868 2326 Buthrotiorum,

107 2345 247 2385 quodam
270 2354 344 2376 meo
367 2351 398 2376 et
434 2356 492 2386 pro
525 2346 618 2377 tenui
650 2347 748 2382 dono,
783 2346 871 2386 quod
906 2346 966 2376 tibi
1011 2357 1093 2388 quos
1115 2346 1203 2387 agris
1226 2345 1385 2376 multatos
1407 2344 1529 2376 Caesar
1549 2345 1682 2375 decreto
1708 2354 1766 2375 suo
1787 2344 1868 2375 libe·

107 2397 221 2434 obtuli,
245 2397 369 2439 aliquid
391 2398 513 2428 lautius
547 2404 579 2429 et
607 2398 714 2438 magis
747 2398 918 2428 excultum
947 2407 966 2428 a
1010 2402 1106 2439 ravit,
1129 2407 1167 2432 ut
1189 2401 1311 2432 scimus
1333 2409 1351 2432 e
1374 2398 1544 2430 Ciceronis
1574 2398 1666 2438 epist.
1699 2399 1740 2429 ad.
1776 2398 1870 2439 Capi-

109 2457 139 2481 te
162 2457 325 2491 exspecto.
1010 2459 1131 2490 tonem,
1156 2453 1215 2483 inf.
1238 2452 1335 2483 XVI.
1362 2452 1400 2482 16
1423 2461 1450 2488 c,
1473 2451 1524 2481 11.

152 2503 288 2540 Chreme,
311 2510 373 2535 cet.
408 2504 610 2535 Notissimus
634 2501 745 2535 versus
778 2514 794 2536 e
817 2505 965 2536 Terentii
1055 2505 1195 2536 Atticam
1216 2505 1307 2535 doleo
1329 2507 1392 2535 iam
1427 2503 1482 2534 diu
1512 2513 1566 2543 np.
1598 2502 1680 2534 febri
1710 2502 1869 2540 laborare,

107 2556 290 2587 Heautont.
313 2558 340 2588 I.
363 2558 390 2595 1,
415 2558 465 2588 23.
498 2558 548 2589 De
571 2557 710 2590 Oratore
734 2559 837 2600 ipsius
874 2558 966 2590 Cice·
1014 2560 1102 2600 quod
1124 2568 1166 2590 ex
1190 2558 1330 2589 horroris
1353 2557 1522 2588 mentione
1543 2563 1677 2598 apparet
1698 2562 1732 2588 et
1755 2557 1869 2588 confir-

108 2610 197 2641 ronis
221 2610 378 2642 iudiciuin
414 2612 572 2644 habemus
605 2612 640 2643 in
670 2613 762 2653 epist.
799 2613 839 2643 ad
872 2612 965 2643 Fam.
1013 2618 1122 2642 matur
1143 2621 1192 2652 ep.
1217 2612 1231 2641 1
1258 2610 1290 2641 h.
1314 2610 1347 2647 l.,
1380 2620 1480 2651 quani
1512 2608 1681 2640 Gruberus
1709 2613 1796 2641 recte
1829 2610 1870 2640 ad

110 2664 171 2694 VI.
195 2665 243 2702 18,
267 2666 295 2695 4.
1014 2666 1102 2696 hunc
1125 2675 1250 2696 anuum
1273 2663 1395 2695 retulit.

718 2784 815 2824 VII.
879 2785 946 2837 (A.
989 2785 1033 2825 U.
1072 2785 1114 2825 C.
1153 2784 1270 2836 709.)

174 2908 212 2947 1.
259 2910 372 2959 Quae
413 2908 627 2959 desideras,
671 2910 804 2951 omnia
838 2911 979 2965 scripsi
1010 2911 1053 2952 in
1086 2908 1281 2951 codicillis
1314 2922 1461 2963 eosque
1494 2909 1608 2949 Eroti
1641 2907 1748 2957 dedi,
1785 2906 1870 2948 bre-

107 2979 222 3029 viter,
268 2979 337 3020 sed
387 2981 507 3022 etiam
546 2981 661 3037 plura
705 2998 825 3037 quam
859 2984 1030 3036 quaeris,
1075 2984 1120 3024 in
1151 2983 1202 3023 iis
1236 2981 1284 3021 de
1318 2980 1524 3032 Cicerone,
1559 2981 1673 3022 cuius
1706 2979 1869 3035 quidem

150 3144 167 3181 ξ
192 3142 220 3182 1.
245 3141 338 3172 Cuius
372 3161 412 3167 ——
441 3143 639 3185 mydas-conis
671 3145 792 3176 initium
827 3148 860 3176 tu
890 3146 965 3176 milei
990 3156 994 3196 ἱ
1015 3145 1156 3177 attulisti
1193 3155 1224 3175 a:
1264 3144 1355 3175 cuius
1398 3141 1529 3174 consilii
1570 3147 1604 3172 tu
1640 3139 1721 3171 mihi
1759 3144 1870 3170 auctor
