2062 3565
169 152 255 192 342
565 154 649 194 ΕΡ.
684 153 760 194 ΑΒ
792 153 839 193 T.
874 152 1226 195 POMPONIUM
1259 154 1525 198 ATTIOUM.

162 287 380 328 teolanum.
432 287 496 328 Ibi
541 287 666 342 igitur
709 287 887 342 quotidie
927 292 1017 329 tuas
1048 288 1185 329 literas
1218 289 1472 344 exspectabo,
1507 296 1548 333 et
1579 294 1751 336 maxime
1783 295 1832 336 de
1865 295 1926 337 lu-

163 359 237 410 dis,
282 360 330 401 de
375 359 521 415 quibus
565 361 685 402 etiam
731 361 780 402 ad
824 361 997 403 Brutum
1040 361 1117 402 tibi
1165 362 1421 404 scribendum
1467 370 1540 417 est,
1574 367 1689 409 cuius
1721 368 1926 424 epistolae,

161 448 279 488 quam
319 434 572 489 interpretari
614 434 700 489 ipse
745 435 810 476 vix
844 440 1036 490 poteram,
1071 436 1299 491 exemplum
1333 437 1461 491 pridie
1494 437 1572 480 tibi
1603 440 1803 482 miseram.
1854 443 1926 483 At-

159 506 261 547 ticae
305 521 413 548 meae
447 506 564 548 velim
611 523 674 548 me
705 508 764 549 ita
797 523 975 559 excuses,
1010 513 1056 549 ut
1089 524 1247 550 omnem
1281 509 1438 565 culpam
1473 511 1516 552 in
1548 516 1588 554 16
1621 514 1851 566 transferas,
1885 519 1927 557 et

123 590 138 616 5
159 579 195 620 ei
227 584 360 621 tamen
395 581 601 622 confirmes
636 597 697 623 me
731 582 894 623 minime
926 587 1059 623 totum
1093 598 1267 624 amorem
1301 599 1347 625 eo
1380 600 1537 627 mecum
1571 586 1798 629 abstulisse.

201 745 326 775 Atticae
349 755 434 776 meae
455 750 516 777 cet.
539 746 739 786 Interpretes
762 746 895 785 egregie
908 746 1012 786 suspi-
1034 756 1037 773 1
1059 747 1288 778 Tusculanum
1319 747 1513 778 adduxerat.
1545 747 1653 779 Simul
1682 748 1817 781 Atticae
1846 760 1922 782 con-

156 804 274 830 cantur
296 798 445 829 Atticam
467 804 615 839 questam
640 807 709 830 esse
741 797 796 835 (ef.
819 807 859 838 ep
895 797 944 835 27,
968 800 1014 835 3⁸,
1036 807 1037 810 ’
1058 801 1167 832 firmat
1189 811 1224 832 se
1247 811 1313 831 non
1339 806 1446 832 totum
1469 811 1616 833 amorem
1638 812 1736 834 suum
1759 813 1798 835 eo
1821 814 1855 835 o:
1887 805 1923 836 in

157 854 244 894 quod
267 853 382 885 Cicero
404 853 468 884 sibi
490 864 556 884 non
571 853 712 884 salutem
723 853 872 884 dixisset.
895 853 1013 893 Rogat,
1058 855 1162 885 filium
1186 865 1284 885 suum
1307 855 1452 886 Athenis
1476 861 1672 893 versantem,
1686 867 1753 897 quo
1774 857 1844 898 ipse
1861 858 1925 889 itu-

156 912 191 936 ut
213 906 344 937 Atticus
366 916 500 937 omnem
530 906 563 937 in
593 915 627 937 se
661 906 790 947 culpam
826 905 1013 943 transferat,
1057 918 1113 938 rus
1136 913 1213 945 erat,
1236 908 1395 946 conferre,
1418 909 1476 939 sed
1498 908 1644 949 aliquam
1666 914 1792 951 partem
1814 911 1844 943 ei
1866 920 1920 943 re·

153 962 223 993 sive
245 963 333 1002 quod
355 962 443 993 filiae
465 962 635 994 Ciceronis
657 962 793 993 nomine
816 961 955 992 salutem
967 961 1015 992 di·
1058 961 1220 1001 linquere.

153 1024 226 1047 cere
249 1015 455 1055 neglexerat,
478 1015 549 1047 sive
571 1016 659 1056 quod
684 1024 757 1047 eam
770 1024 838 1046 non
853 1023 965 1046 secum
978 1014 1014 1045 in

732 1133 889 1174 XXIX.
953 1133 1020 1185 (A.
1061 1131 1106 1172 U.
1144 1132 1185 1172 C.
1224 1132 1342 1186 710.)
1400 1127 1417 1141 ³

217 1262 256 1302 1.
294 1262 409 1303 Bruti
442 1261 492 1302 ad
524 1266 563 1302 te
597 1261 806 1316 epistolam
841 1260 944 1302 misi.
980 1260 1048 1301 Dii
1082 1258 1200 1300 boni!
1237 1263 1387 1313 quanta
1427 1256 1726 1317 α’μηχανίαέ
1763 1262 1920 1317 Cogno-

150 1350 248 1385 sces,
295 1349 419 1390 quum
462 1334 618 1389 legeris.
664 1334 723 1375 De
765 1332 1033 1375 celebratione
1076 1331 1264 1374 ludorum
1308 1331 1427 1373 Bruti
1475 1331 1551 1374 tibi
1585 1333 1802 1375 adsentior.
1853 1334 1918 1376 Ad

150 1408 210 1449 M.
256 1408 415 1449 Aelium
459 1407 594 1449 nullus
627 1412 673 1448 tu
706 1407 868 1463 quidem
902 1407 1080 1459 domum,
1115 1406 1183 1448 sed
1219 1405 1351 1447 sicubi
1383 1405 1586 1448 inciderit.
1638 1407 1699 1448 De
1731 1407 1918 1450 Tulliano

112 1501 126 1525 5
149 1482 324 1532 semisse,
370 1482 430 1523 M.
474 1482 675 1523 Axianum
722 1480 948 1533 adhibebis,
994 1485 1041 1522 ut
1084 1479 1240 1522 scribis.
1296 1478 1416 1530 Quod
1450 1493 1540 1520 cum
1575 1479 1748 1522 Cosiano
1782 1482 1916 1537 egisti,

149 1556 312 1611 optime.
368 1555 488 1606 Quod
536 1571 617 1597 non
658 1557 785 1598 solum
833 1569 920 1595 mea
961 1569 1099 1596 verum
1143 1553 1262 1594 etiam
1309 1558 1378 1593 tua
1423 1567 1485 1594 me
1530 1553 1707 1608 expedis,
1741 1559 1916 1610 gratum.

148 1629 407 1684 Legationem
454 1628 614 1685 probari
658 1645 786 1671 meam
832 1628 1003 1684 gaudeo.
1054 1627 1174 1679 Quod
1225 1626 1440 1681 promittis,
1492 1625 1550 1667 dii
1597 1626 1750 1668 faxint!
1804 1627 1916 1674 Qm'd

147 1703 254 1744 enim
286 1703 387 1744 mihi
419 1703 519 1744 meis
551 1703 799 1745 iucundius?
832 1702 910 1744 Sed
943 1703 1077 1752 istam,
1112 1715 1231 1756 quam
1265 1704 1310 1740 tu
1345 1699 1511 1755 excipis,
1545 1705 1697 1742 metuo.
1741 1700 1915 1742 Brutum

147 1792 270 1831 quum
313 1791 548 1827 convenero,
592 1775 835 1833 perscribam
873 1776 1022 1817 omnia.
1072 1775 1133 1816 De
1167 1773 1318 1815 Planco
1351 1780 1392 1814 61
1424 1773 1605 1824 Decimo,
1641 1789 1735 1816 sane
1769 1774 1913 1827 velim3

90 1869 122 1894 10
145 1851 308 1891 Sextum
342 1854 501 1891 scutum
535 1849 705 1892 abiicere
737 1848 937 1891 nolebam.
978 1850 1038 1890 De
1071 1847 1243 1899 Mundo,
1279 1847 1312 1888 si
1346 1845 1444 1902 quid
1478 1847 1593 1888 scies.
1631 1851 1671 1888 2.
1708 1848 1912 1904 Rescripsi

145 1923 195 1965 ad
239 1923 372 1964 omnia
413 1928 498 1965 tua.
547 1924 670 1966 Nunc
715 1928 850 1965 nostra
893 1924 1043 1978 accipe.
1087 1922 1265 1973 Quintus
1311 1921 1415 1962 filius
1466 1935 1591 1976 usque
1627 1922 1819 1964 Puteolos
1855 1947 1912 1952 —

144 1997 269 2038 mirus
302 1997 414 2047 civis,
448 2001 495 2038 ut
526 2002 574 2039 tu
607 1998 830 2039 Favonium
865 1997 1051 2039 Asinium
1085 1996 1195 2038 dicas
1230 2021 1302 2046 —,
1340 2000 1381 2036 et
1413 1994 1574 2050 quidem
1611 1995 1713 2038 duas
1743 1995 1794 2037 ob
1821 2011 1913 2038 cau-

186 2163 224 2194 12
247 2163 428 2194 Favonium.
451 2163 595 2196 Asinium

1049 2330 1161 2352 surum
1184 2329 1263 2351 esse.
1286 2320 1327 2350 Iu
1351 2320 1390 2350 iis
1414 2329 1497 2360 quae
1518 2325 1710 2361 sequuntur,
1735 2319 1810 2350 meis
1822 2324 1910 2351 recte

185 2325 255 2365 §L
278 2324 331 2355 Ad
357 2323 398 2355 M.
428 2324 552 2355 Aelium
583 2330 645 2355 cet.
676 2333 706 2354 o:
740 2333 806 2354 non
840 2332 920 2363 opus
951 2329 999 2353 est

1049 2374 1220 2406 Manutius
1243 2373 1325 2404 vidit
1357 2372 1504 2404 dativum
1541 2382 1611 2405 esse
1635 2369 1829 2411 ἀσυνδέτως
1856 2375 1908 2406 ad·

142 2383 178 2408 ut
201 2378 248 2408 M.
273 2378 408 2408 Aelium
431 2378 566 2408 domum
588 2376 775 2413 convenias,
799 2376 856 2407 sed
878 2375 999 2416 poteris

145 2440 218 2460 cuin
242 2440 280 2460 eo
304 2430 404 2470 loqui.
427 2430 456 2461 si
477 2429 560 2460 forte
581 2429 617 2460 in
646 2439 722 2460 eum
751 2428 916 2460 incideris.
948 2428 998 2459 Cf.

143 2494 192 2525 ep.
215 2484 264 2517 lsi.
289 2487 317 2514 4.
341 2484 389 2515 De
414 2484 577 2515 locutione
600 2483 644 2514 ad
664 2483 787 2513 :lelium
817 2499 856 2504 —-
879 2482 997 2512 domum

141 2538 205 2568 viu.
230 2538 329 2568 XIV.
353 2538 380 2575 3,
406 2538 434 2568 1.

182 2591 230 2622 De
256 2591 402 2622 Tulliano
424 2590 558 2621 semisse.
594 2590 694 2628 Quod
725 2600 774 2631 ep.
797 2590 847 2627 26,
870 2590 888 2620 2
918 2590 997 2621 Tu]-

140 2645 267 2676 lianum
288 2651 385 2686 caput
407 2645 544 2682 vocavit,
568 2654 658 2675 nunc
680 2649 774 2675 vocat
791 2644 945 2675 semissem
960 2654 994 2675 o:

138 2697 309 2728 dimidiam
331 2703 456 2738 partem
478 2697 646 2737 pecuniae.

182 2750 251 2781 (lum
281 2750 422 2781 Cosiano.
444 2750 576 2781 Nomen
600 2750 745 2781 hominis
764 2751 880 2791 ignoti.
904 2752 995 2783 Male

138 2803 300 2834 Con-adus
322 2803 369 2834 sic
391 2802 534 2844 potuisse
556 2803 622 2834 dici
646 2802 792 2834 Sestium
815 2814 833 2834 a
865 2803 994 2835 Cosano
1016 2834 1017 2840 ,

137 2866 180 2887 ex
203 2865 252 2896 ep.
276 2855 325 2893 27,
349 2855 365 2885 1
397 2855 591 2896 suspicatur.
622 2855 843 2887 Scribendum
875 2856 992 2888 saltem

135 2914 205 2940 erat
227 2919 293 2939 cum
318 2908 446 2946 Cosano,
469 2909 559 2949 quod
580 2909 657 2940 fecit
678 2908 863 2940 Schutzius.

176 2961 241 2992 Tua
261 2971 306 2992 nze
329 2960 467 3002 expedis.
491 2961 578 2993 Vide
601 2972 643 2994 ne
665 2962 756 2993 aliud
771 2962 872 2994 lateat
884 2963 919 2994 in
935 2974 990 3002 me,
1013 3007 1014 3011 Ἰ

1012 3015 1013 3020 ’
1041 3019 1119 3050 libri
1142 3028 1209 3059 seq.

133 3024 231 3054 quam
253 3015 341 3054 quod
363 3013 508 3046 Orellius
537 3015 672 3055 putabat
702 3015 743 3045 mi
764 3025 797 3046 o:
829 3015 861 3046 in
891 3026 987 3047 meanz

132 3067 313 3098 nlilitatem.
338 3067 490 3098 Fortasse
512 3067 723 3099 scribendum
753 3070 809 3098 tua
831 3078 914 3098 nunc
937 3079 988 3098 eff·
1010 3102 1011 3106 Ἰ

129 3120 228 3160 pedis.

176 3173 265 3214 Quod
280 3175 440 3214 promittis
464 3186 518 3217 up.
542 3180 572 3207 te
595 3186 674 3207 mox
694 3185 822 3207 mecum
837 3186 987 3217 congres-

1049 2430 1155 2461 ditum
1186 2429 1374 2471 pronomini
1404 2429 1489 2459 mihi.
1535 2429 1621 2459 Nam
1652 2429 1818 2460 ablativus
1851 2429 1908 2470 qui

1049 2484 1187 2523 pendeat
1210 2493 1227 2513 a
1257 2482 1480 2523 comparativo
1511 2482 1585 2512 ideo
1616 2482 1814 2513 reiiciendus
1848 2487 1906 2520 est,

1047 2537 1125 2578 quia
1147 2542 1216 2568 tum
1239 2536 1357 2568 Cicero
1376 2537 1417 2567 de
1439 2536 1554 2567 Attico
1577 2536 1617 2566 ad
1646 2536 1798 2567 Atticum
1827 2537 1905 2568 seri-

1049 2591 1129 2622 bens
1151 2593 1184 2621 te
1205 2590 1378 2631 posuisset.
1414 2588 1512 2619 Istam
1536 2598 1606 2620 esse
1629 2589 1788 2626 Atticam,
1810 2590 1906 2620 cuius

1046 2645 1202 2676 valetudo
1224 2649 1351 2685 patrem
1381 2653 1424 2674 ne
1451 2642 1607 2674 retineret
1638 2643 1785 2681 timebat,
1815 2643 1905 2676 idem

1046 2707 1123 2729 vere
1145 2697 1285 2728 monuit.

1086 2750 1134 2781 De
1155 2750 1276 2781 Planco
1299 2752 1329 2780 et
1351 2749 1487 2786 Decimo,
1509 2759 1587 2780 sane
1610 2749 1710 2780 velim.
1733 2748 1840 2790 Saepe
1861 2749 1905 2781 L.

1043 2805 1187 2836 Plancus
1209 2810 1243 2836 et
1265 2804 1305 2835 D.
1327 2804 1452 2835 Brutus
1485 2813 1552 2834 una-
1577 2809 1812 2834 memorantur.
1848 2803 1901 2835 Cf.

1042 2859 1136 2891 Fam.
1158 2859 1204 2890 X.
1226 2859 1275 2896 26,
1301 2859 1329 2889 1.
1352 2858 1436 2889 XII.
1459 2859 1488 2895 8,
1520 2858 1548 2888 1.
1581 2857 1671 2896 Quid
1702 2856 1817 2890 Cicero
1846 2867 1901 2889 vo-

1042 2912 1151 2949 luerit,
1175 2921 1242 2942 non
1265 2912 1381 2952 liquet.

1082 2963 1207 2995 Sextum
1228 2966 1347 2994 scutum
1369 2963 1506 2994 abiicere
1527 2963 1679 2993 nolebam.
1704 2961 1754 2994 Cf.
1769 2972 1818 3004 ep.
1840 2964 1863 3000 l,
1878 2965 1898 2994 4

1082 3072 1131 3102 De
1152 3070 1273 3102 Mundo
1295 3071 1337 3102 cf.
1362 3081 1411 3113 ep.
1435 3071 1486 3108 26,
1509 3073 1537 3102 5.

1080 3125 1149 3164 §2
1174 3125 1275 3155 Mirus
1305 3125 1390 3162 civis,
1419 3127 1455 3155 ut
1486 3127 1520 3154 tu
1551 3123 1719 3155 Favonium
1752 3125 1898 3156 Asinium

1037 3179 1136 3210 dicas.
1159 3179 1318 3211 Ernestus
1342 3180 1476 3221 putabat.
1498 3178 1695 3210 sententiam
1720 3179 1897 3210 verborum
