2062 3565
210 173 264 213 74
613 171 696 212 ΕΡ.
732 169 807 209 ΑΙ)
841 169 886 208 T.
922 163 1273 206 POMPONIUM
1305 161 1568 204 ATTIOUM.

204 323 363 350 causam
409 308 523 362 plane
568 304 717 346 nescio.
766 303 873 356 Ergo
917 313 991 354 ego
1031 313 1191 353 quoque
1234 297 1308 339 illi.
1364 297 1475 350 Quin
1519 297 1639 338 etiam
1672 296 1773 338 illud
1807 311 1876 353 par
1926 297 1967 339 in

203 387 372 436 utroque
406 385 601 430 nostrum,
637 377 744 433 quod
773 374 823 416 ab
857 373 1006 415 eisdem
1039 372 1164 413 illecti
1196 387 1349 413 sumus.
1404 371 1482 413 Sed
1514 371 1671 412 utinam
1703 375 1862 412 tantum
1896 386 1969 426 ego
2027 418 2030 419 ⁷

205 455 240 496 ei
274 454 459 510 prodesse
494 451 726 508 potuissem,
761 452 957 504 quantum
990 445 1090 487 1111111
1124 445 1190 487 ille
1225 446 1380 502 potuit!
1416 445 1522 487 Mihi
1555 450 1703 496 tamen,
1728 443 1836 499 quod
1859 444 1968 495 fecit,

203 528 488 584 gratissimum,
522 541 596 567 nec
629 540 702 580 ego
735 537 857 572 1111110,
889 536 979 562 011111
1020 520 1156 561 111νο10
1191 534 1270 574 qua
1302 534 1343 560 re
1377 519 1541 575 possim,
1576 517 1658 559 scio
1692 533 1779 569 nee,
1814 518 1848 559 si
1881 533 1970 574 pos-

169 612 183 637 5
206 617 302 652 sem,
338 615 463 656 quum
496 603 579 640 tam
612 596 847 654 pestiferum
879 593 1029 635 bellum
1063 598 1233 649 pararet,
1268 591 1542 634 adiuvandum
1575 596 1771 647 putarem.
1802 593 1842 632 4.
1867 592 1970 633 Tan-

206 679 293 715 tum
326 671 524 714 offendere
557 670 736 712 animum
769 669 855 710 eius
888 667 954 708 hic
988 681 1153 708 manens
1186 666 1293 707 11010.
1333 665 1420 706 Νο0
1454 665 1677 706 mehercule
1711 664 1789 706 ista
1823 664 1970 717 videre,
2026 683 2039 687 ’-

206 761 307 802 quae
339 751 385 787 tu
419 748 530 801 potes
562 743 642 785 iam
676 742 810 784 animo
843 739 1065 796 providere,
1099 753 1173 780 1100
1205 739 1397 780 interesse
1429 738 1518 779 istis
1551 737 1666 779 malis
1699 753 1870 794 possem.
1894 737 1972 780 Sed

205 837 251 863 eo
300 819 450 861 tardior
491 817 540 860 ad
585 815 872 858 discedendum
916 813 990 864 fui,
1027 812 1133 868 quod
1168 812 1327 853 difficile
1361 817 1421 853 est
1453 811 1502 852 de
1536 810 1714 852 discessu
1747 811 1973 854 voluntario

206 896 291 936 sine
324 894 406 935 ulla
446 907 514 949 spe
548 891 701 933 reditus
735 890 924 945 cogitare.
960 888 1068 930 Nam
1101 901 1174 942 ego
1207 886 1317 927 1111110
1349 886 1407 927 110
1430 890 1613 942 paratum
1635 884 1751 926 video
1774 885 1972 942 peditatu,

154 981 185 1006 10
205 968 402 1023 equitatu,
447 963 657 1015 classibus,
704 962 865 1005 auxiliis
914 961 1136 1012 Gallorum,
1173 975 1272 1014 quos
1305 959 1459 1001 Matius
1495 955 1742 1013 ε’λάῑτιζεν,
1777 962 1825 1000 111
1857 962 1970 1014 puto,

205 1041 274 1083 sed
308 1045 412 1082 certe
447 1037 607 1080 dicebat
641 1037 820 1094 peditum
855 1049 1008 1086 ccmo„
1043 1035 1226 1089 equitum
1260 1039 1296 1073 v'i
1330 1033 1508 1090 polliceri
1539 1037 1704 1088 sumptu
1738 1047 1810 1073 suo
1846 1047 1973 1074 annos
2033 1031 2035 1033 ’

206 1115 357 1157 (1000111.
405 1112 482 1155 Sed
529 1112 581 1153 sit
620 1111 695 1152 hoc
739 1107 987 1166 λάπισμα,
1032 1122 1197 1163 magnas
1242 1105 1365 1148 habet
1410 1111 1515 1147 certe
1549 1106 1698 1162 copias,
1733 1110 1774 1148 et
1806 1104 1974 1148 habebit

206 1203 301 1238 non,
335 1191 383 1228 ut
413 1185 494 1236 ille,
530 1183 700 1239 vectigal
735 1183 804 1224 sed
839 1183 988 1224 civium
1021 1180 1139 1223 bona.
1175 1179 1291 1221 Adde
1326 1179 1610 1221 confidentiam
1644 1178 1834 1230 hominis,
1869 1178 1972 1221 adde

206 1259 523 1302 imbecillitatem
570 1256 768 1298 bonorum
816 1255 1006 1305 virorum,
1054 1254 1123 1309 qui
1167 1252 1344 1308 quidem,
1395 1252 1501 1307 quod
1545 1251 1661 1293 illum
1706 1251 1784 1293 sibi
1833 1252 1976 1294 merito

154 1346 185 1372 15
206 1330 354 1371 iratum
386 1334 546 1384 putant,
582 1329 768 1378 oderunt,
802 1332 849 1369 ut
880 1333 927 1369 tu
960 1325 1115 1378 scribis,
1149 1325 1306 1367 ludum.
1341 1326 1366 1369 †
1390 1327 1450 1366 Ac
1484 1324 1640 1376 vellem,
1677 1323 1833 1377 scribis,
1868 1325 1995 1380 quis-‘

207 1418 299 1445 nam
334 1402 400 1444 hic
434 1403 712 1458 significasset.
747 1400 868 1442 Sedet
900 1401 990 1451 iste,
1026 1400 1096 1455 qui
1128 1399 1219 1455 plus
1252 1398 1495 1448 ostenderat,
1520 1413 1641 1454 quam
1665 1398 1774 1450 fecit,
1798 1403 1839 1440 et
1855 1399 1976 1455 vulgo

207 1477 323 1518 illum
367 1476 436 1530 qui
480 1480 679 1526 amarunt,
726 1490 806 1516 non
839 1479 989 1517 amant.
1023 1473 1251 1528 Municipia
1284 1487 1375 1513 vero
1409 1477 1449 1513 et
1481 1472 1623 1513 rustici
1657 1471 1828 1514 Romani
1860 1472 1976 1514 illum

208 1555 409 1601 metuunt,
446 1549 555 1591 hunc
589 1549 720 1591 adhuc
754 1549 945 1604 diligunt.
980 1548 1114 1600 Quare
1146 1547 1203 1588 ita
1238 1550 1399 1602 paratus
1432 1550 1506 1596 est,
1541 1550 1601 1595 ut,
1636 1545 1794 1587 etiamsi
1817 1547 1976 1588 vincere

206 1639 288 1665 11011
330 1623 470 1679 possit,
515 1622 717 1678 quomodo
763 1627 898 1664 tamen
943 1621 1051 1662 vinci
1093 1620 1176 1676 ipse
1210 1619 1349 1675 possit,
1383 1634 1465 1660 non
1499 1618 1671 1660 videam.
1721 1619 1809 1674 Ego
1842 1624 1977 1662 autem

153 1710 187 1736 20
206 1712 288 1739 non
335 1702 417 1739 10111
460 1695 692 1757 γοητείαν
734 1696 856 1737 11111118
900 1695 1024 1737 timeo
1073 1709 1193 1749 quam
1226 1689 1590 1752 πειθανάγκην.
1645 1691 1717 1734 Αἱ
1747 1689 1844 1752 γάρ
1876 1693 1978 1738 τῶν

206 1768 467 1830 τυράννων
479 1763 684 1824 δεήσεις,
698 1769 834 1824 inquit
852 1764 1091 1822 ΙΙλοὶτων,
1111 1761 1251 1810 οἶσθ’
1270 1762 1351 1809 ὅτι
1367 1764 1681 1825 μεμιγμέναι
1699 1762 1971 1825 ἀνάγκαις.

210 1845 250 1885 5.
284 1843 360 1885 Π10
392 1840 607 1901 οἱλιμενα
640 1842 757 1884 video
789 1841 866 1883 tibi
898 1857 980 1883 non
1012 1840 1185 1897 probari,
1221 1855 1321 1896 quae
1355 1855 1405 1881 110
1438 1839 1539 1880 1111111
1563 1839 1726 1895 quidem
1749 1839 1976 1895 placebant,

209 1917 277 1958 sed
321 1915 518 1959 habebam
560 1917 604 1959 in
646 1916 727 1958 11118
770 1920 810 1957 01
852 1915 1161 1957 occultationem
1207 1904 1274 1957 et‘
1291 1911 1561 1972 ὑπηρεσίαν
1599 1913 1772 1965 fidelem,
1807 1929 1909 1969 quae
1943 1915 1977 1956 si

254 2093 291 2124 11
315 2092 450 2135 equitum
472 2102 527 2124 sem
550 2111 590 2117 —
614 2093 650 2124 15
674 2094 690 2130 †
712 2091 844 2123 oderunt
868 2110 908 2114 —
931 2091 970 2122 16
992 2091 1187 2133 siqnificasse
1209 2095 1250 2123 te.
1272 2091 1334 2123 Sed
1355 2095 1385 2123 et
1408 2092 1477 2129 isle,
1499 2091 1572 2132 qaia
1592 2091 1666 2131 plns
1692 2108 1731 2114 —-

255 2254 362 2286 Illectz‘
383 2264 418 2286 οι
443 2254 477 2286 in
500 2253 647 2285 fraudem
671 2254 806 2291 inducti,
829 2253 965 2293 decepti.
1120 2259 1186 2284 tem
1208 2251 1300 2283 venit
1321 2250 1543 2282 Horatianum
1564 2250 1648 2281 illud
1670 2251 1711 2282 de
1744 2250 1867 2282 Marte:
1908 2250 1980 2282 Heu

187 3176 190 3178 ⁷
225 3166 295 3197 alea
318 3166 371 3197 vel
395 3166 473 3196 ludo
494 3168 708 3206 comparatur.
746 3163 809 3195 Cui
832 3173 899 3196 non
923 3163 956 3194 in
989 3172 1077 3195 men·
1099 3177 1101 3198 J

255 2309 273 2347 ξ
296 2310 326 2339 4.
348 2307 444 2338 Hunc
465 2307 513 2338 ita
532 2310 681 2348 paratum
710 2306 800 2338 video
822 2305 978 2346 peditatu,
1009 2312 1070 2337 cet.

214 2362 422 2394 Sententiam
455 2371 521 2393 non
545 2362 696 2399 absolvit,
719 2361 776 2392 sed
799 2360 894 2391 filum
914 2359 1072 2391 orationis

215 2416 437 2456 interruptum
459 2414 620 2446 instaurat
642 2414 768 2446 verbis:
795 2411 901 2453 Quare
921 2412 970 2443 ita
978 2422 1073 2452 para-

216 2471 267 2500 tus
290 2470 349 2506 est,
371 2470 407 2498 ut
430 2485 469 2490 -
492 2477 554 2498 non
576 2466 707 2501 videam.

257 2514 440 2559 Ἐλάπιζεν
463 2521 483 2552 i.
506 2530 536 2552 e.
556 2520 737 2552 insolenter
756 2519 907 2555 iactabat,
930 2523 1074 2550 ostenta-

218 2579 282 2610 bat.
303 2576 394 2608 Hinc
418 2573 584 2621 λάπισμα,
616 2575 697 2607 falsa
719 2575 904 2607 ostentatio.
942 2574 984 2606 cf.
1008 2574 1074 2606 He-

217 2631 350 2672 sychius
362 2627 545 2667 λαπιστής.
575 2625 738 2673 ψεύστης,
767 2625 927 2673 φλύαρος.
944 2627 1076 2660 Anecd.

219 2686 326 2719 Bekk.
348 2696 378 2726 p.
401 2684 461 2717 277
492 2682 661 2724 λαπὶζειν·
693 2676 992 2724 ἀλαζονεύεσθαι.

263 2742 344 2780 Non,
366 2744 401 2772 ut
423 2741 490 2778 ille,
513 2740 650 2782 vectiyal
661 2741 720 2772 sed
732 2740 843 2772 civium
860 2740 939 2771 bona
952 2751 985 2772 o:
1000 2740 1077 2772 Cae-

220 2806 273 2828 sar
295 2805 363 2826 non
385 2793 520 2825 habebit
542 2794 666 2825 reditus
688 2804 739 2834 po.
761 2794 824 2825 Ro.
847 2803 865 2825 0
887 2793 1077 2834 provinciis,

220 2849 278 2881 sed
300 2847 414 2879 omnia
434 2856 518 2888 quae
540 2851 617 2878 sunt
640 2847 673 2878 in
696 2846 779 2877 urbe
801 2851 835 2877 et
857 2846 891 2876 in
915 2846 1025 2877 Italia.

267 2898 495 2942 Confidentiam
516 2898 660 2930 hominis.
693 2899 785 2930 Malo
817 2908 916 2930 sensu
944 2908 1078 2939 usurpa-

222 2961 284 2993 tur,
307 2958 344 2986 ut
364 2952 533 2991 confidens,
555 2953 595 2983 de
618 2962 683 2993 quo
705 2952 770 2983 vid.
794 2952 893 2984 Tusc.
917 2952 984 2983 ΙΙΙ.
1007 2952 1037 2984 7.

267 3006 418 3043 Oderunt,
441 3007 476 3036 ut
490 3006 524 3035 tu
536 3004 656 3041 scribis,
669 3004 784 3036 ludum.
808 3004 986 3045 Perperam
997 3004 1078 3036 haec

222 3062 323 3093 verba
355 3059 535 3092 editoribus
568 3059 609 3090 de
648 3059 770 3090 mendo
809 3064 957 3099 suspecta
989 3064 1077 3089 sunt.

224 3113 368 3150 Bellum,
390 3112 484 3144 cuius
505 3111 614 3143 exitus
636 3116 684 3142 est
706 3111 859 3148 incertus,
894 3116 981 3142 recte
1002 3120 1078 3141 eum

1120 2305 1212 2337 nimis
1233 2305 1325 2344 lonyo
1346 2303 1466 2334 satiate
1487 2303 1586 2334 ludo?
1615 2303 1710 2342 Quae
1731 2309 1914 2344 sequuntur
1935 2304 1980 2336 ita

1120 2358 1266 2398 corrigo:
1312 2357 1359 2387 Ac
1394 2356 1503 2387 vellem
1532 2355 1721 2397 scripsisses,
1750 2355 1891 2396 quisnam
1923 2356 1980 2388 hoo

1119 2411 1341 2452 siynz'sieasset.
1363 2410 1453 2441 Tum
1475 2420 1534 2450 pro
1557 2409 1620 2440 Sed
1639 2411 1670 2440 et
1693 2409 1763 2447 iste,
1784 2408 1859 2450 quia
1881 2410 1980 2441 confi-

1123 2465 1239 2496 denter
1262 2464 1376 2505 scripsi
1398 2462 1490 2495 Sedet
1502 2463 1572 2500 z'ste,
1594 2462 1647 2505 qm*
1665 2481 1715 2494 —-.
1728 2462 1848 2494 Caesar
1859 2468 1979 2501 autem,
2031 2463 2046 2504 J

1122 2518 1180 2558 qui
1223 2522 1412 2548 constanter
1454 2515 1615 2547 indicatur
1654 2526 1748 2557 pron.
1787 2515 1849 2552 hic,
1893 2521 1981 2548 certe

1122 2581 1189 2602 non
1211 2571 1396 2602 declaratur
1417 2579 1506 2601 nunc
1528 2569 1725 2610 pronomine
1748 2569 1821 2610 iste,
1854 2578 1914 2601 nec
1937 2568 1980 2600 fa-

1122 2624 1185 2656 cile
1205 2623 1340 2661 dixeris,
1364 2633 1429 2664 qua
1451 2623 1485 2654 in
1509 2632 1543 2654 re
1560 2622 1678 2654 Caesar
1697 2622 1770 2663 plus
1791 2622 1980 2659 ostenderit,

1123 2688 1223 2719 quam
1255 2677 1384 2714 feeerit3
1418 2677 1476 2709 sed
1504 2676 1574 2714 iste,
1604 2676 1657 2717 qui
1686 2676 1758 2716 plus
1787 2674 1980 2714 ostenderat,

1123 2742 1213 2773 quam
1225 2730 1311 2772 fecit
1333 2731 1415 2762 mihi
1437 2730 1567 2762 videtur
1589 2739 1658 2761 esse
1680 2729 1720 2760 L.
1742 2728 1908 2760 Domitius
1929 2729 1980 2761 vel

1123 2785 1207 2816 alius
1243 2785 1395 2825 princeps
1433 2783 1577 2824 partium
1607 2782 1894 2823 Pompeianarum,
1923 2782 1979 2822 qui

1124 2845 1194 2871 tum
1216 2837 1344 2868 sedebat
1367 2846 1400 2867 o:
1425 2836 1509 2867 nihil
1533 2835 1658 2875 agebat.

1164 2887 1206 2922 Αἱ
1233 2886 1301 2934 γὰρ
1330 2901 1363 2922 κ.
1394 2901 1427 2922 τ.
1461 2887 1493 2922 λ.
1533 2888 1747 2929 Tyrannorum
1767 2887 1888 2919 scilicet
1906 2896 1980 2927 pre-

1123 2957 1173 2978 ces
1183 2948 1257 2978 sunt
1269 2946 1386 2978 mia-tae
1403 2945 1600 2977 necessitate.
1623 2944 1796 2977 Sententia
1808 2945 1980 2984 desumpta

1124 3009 1166 3032 ex
1189 3000 1305 3031 eadem
1325 2999 1384 3030 illa
1407 2998 1558 3030 Platonis
1579 2998 1726 3038 epistola,
1748 2997 1790 3028 ad
1811 3005 1912 3037 quam
1934 3005 1980 3027 re-

1124 3053 1220 3094 spicit
1241 3062 1289 3094 ep.
1314 3053 1363 3090 10,
1386 3052 1406 3083 2
1427 3052 1460 3082 h.
1483 3052 1505 3082 l.
1862 3042 1871 3046 'v

1166 3109 1185 3148 ξ
1208 3110 1236 3140 5.
1263 3107 1520 3139 occultationem.
1563 3107 1671 3138 Acute
1699 3105 1866 3138 Victorius
1895 3105 1980 3137 hane

1125 3171 1240 3194 vocem
1264 3172 1280 3194 e
1304 3161 1380 3193 libri
1411 3161 1497 3192 Med.
1528 3160 1636 3202 inepta
1667 3160 1824 3201 scriptura
1861 3158 1980 3190 occulte
