2062 3565
141 600 156 625 5

121 966 154 992 10

124 1330 156 1356 15

176 163 229 202 12
579 159 663 200 ΕΡ.
699 158 774 198 ΑΙ)
807 158 852 198 Τ.
887 153 1237 196 POMPONIUM
1271 151 1536 193 ATTICUM.

174 295 336 350 quidem
367 294 601 344 testimonii,
636 291 744 347 quod
778 291 815 332 ei
847 304 963 345 saepe
997 287 1105 343 apud
1137 302 1200 328 me
1234 286 1414 337 dederas,
1449 286 1614 338 veritus,
1649 286 1866 342 superbum
1901 303 1941 329 se

173 367 360 424 praebuit
390 368 433 409 in
465 367 638 417 fortuna,
673 380 793 420 quam
827 363 986 420 putavit
1019 366 1197 403 nostram
1229 361 1327 413 fore,
1362 360 1478 402 cuius
1501 360 1686 403 fortunae
1705 376 1794 412 nos,
1819 376 1942 416 qua-n-

171 447 259 482 tum
288 441 462 482 humano
495 439 661 482 consilio
694 438 797 480 effici
828 436 990 493 poterit,
1025 439 1180 476 motum
1212 435 1366 477 ratione
1400 433 1570 489 quadam
1610 433 1940 489 gubernabimus.

173 514 249 555 Cui
284 513 354 568 qui
386 518 520 554 noster
551 512 693 563 honos,
729 510 835 566 quod
870 508 1123 563 obsequium,
1168 524 1269 564 quae
1303 504 1424 550 etiam
1457 507 1507 549 ad
1541 512 1692 549 ceteros
1722 509 1942 564 contempti

172 585 379 627 cuiusdam
418 585 593 627 hominis
635 583 928 626 commendatio
973 582 1132 624 defuit?
1172 587 1219 623 ut
1248 597 1384 623 meum
1416 581 1616 623 iudicium
1647 581 1886 637 reprehendi
1919 597 1942 623 a

172 658 325 710 Quinto
367 658 487 699 fratre
537 657 736 712 vulgoque
771 655 820 697 ab
857 654 1046 697 omnibus
1078 654 1238 696 mallem
1270 669 1391 709 quam
1423 653 1540 695 11111111
1572 669 1655 696 11011
1688 654 1824 695 efferre
1856 653 1942 695 lau-

173 729 305 781 dibus,
339 730 628 785 Ciceronesque
660 733 818 771 nostros
851 743 941 770 meo
987 728 1122 784 potius
1154 726 1290 769 labore
1324 726 1536 768 subdoceri
1569 741 1687 782 quam
1722 741 1785 767 me
1818 726 1941 768 alium

172 805 222 845 iis
254 803 490 859 magistrum
523 818 724 857 quaerere.
770 801 834 844 Ad
868 816 984 856 quem
1020 816 1093 856 ego
1127 815 1226 855 quas
1258 800 1408 851 literas,
1443 799 1501 841 dii
1532 799 1791 850 immortales,
1825 798 1942 840 mise-

174 892 271 927 ram,
330 880 526 931 quantum
569 875 734 916 honoris
767 874 1053 930 significantes,
1099 877 1296 927 quantum
1331 872 1499 914 amoris!
1535 872 1829 914 Dicaearchum
1861 887 1941 914 me-

174 950 333 992 hercule
373 953 443 990 aut
487 948 771 990 Aristoxenum
805 947 957 988 diceres
989 945 1149 997 arcessi,
1182 961 1265 987 non
1298 945 1501 987 hominem
1534 945 1713 987 omnium
1746 945 1942 1000 loquacis-

1156 1022 1176 1047 9
1236 1046 1256 1069 u
1268 1018 1348 1061 Sed
1381 1022 1442 1059 est
1475 1018 1663 1059 memoria
1687 1017 1839 1059 bona.”
1873 1017 1941 1059 Me

1156 1047 1195 1059 Νι

175 1023 318 1064 simum
351 1027 391 1063 et
422 1021 586 1063 minime
620 1025 760 1076 aptum
793 1019 843 1061 ad
877 1018 1118 1060 docendum.

175 1096 282 1137 dicet
324 1110 409 1137 esse
451 1094 628 1136 meliore.
683 1092 843 1145 Quibus
886 1092 1013 1134 literis
1055 1092 1114 1133 ita
1157 1090 1378 1146 respondit,
1422 1095 1467 1131 ut
1508 1105 1582 1145 ego
1622 1090 1791 1140 nemini,
1826 1090 1942 1132 0111115

175 1183 336 1209 causam
368 1182 450 1209 non
497 1166 728 1222 reciperem.
779 1166 941 1220 Semper
981 1164 1088 1206 enim
1139 1191 1159 1215 ,s
1171 1164 1204 1205 si
1246 1168 1398 1219 potero,
1434 1164 1468 1205 si
1502 1168 1594 1204 ante
1628 1168 1815 1219 suscepta
1849 1178 1942 1205 caue

588 1239 615 1258 '³
664 1240 885 1294 Nunquam
933 1254 999 1280 reo
1043 1239 1246 1292 cuiquam,
1295 1243 1378 1279 tam
1426 1237 1585 1288 humili,
1630 1242 1714 1278 tam
1765 1235 1940 1287 sordido,

175 1257 217 1282 sa
250 1256 332 1282 non
373 1240 583 1296 impediar.

175 1320 257 1355 tam
289 1314 467 1365 nocenti,
499 1318 582 1354 tam
616 1312 746 1353 alieno
777 1317 860 1353 tam
893 1311 1068 1367 praecise
1101 1310 1259 1366 negavi,
1295 1324 1414 1364 quam
1446 1310 1513 1351 hic
1540 1309 1641 1350 mihi
1677 1310 1796 1365 plane
1831 1308 1942 1350 nulla

177 1387 410 1443 exceptione
444 1384 652 1441 praecidit.
686 1384 803 1426 Nihil
837 1384 1006 1439 cognovi
1040 1383 1253 1439 ingratius,
1295 1382 1338 1424 in
1372 1398 1450 1436 quo
1484 1382 1583 1424 vitio
1616 1381 1720 1424 nihil
1743 1382 1838 1424 mali
1860 1396 1942 1424 non

223 1553 258 1583 15
282 1550 371 1582 milti.
393 1549 498 1581 Plane
519 1549 586 1581 sine
607 1550 675 1581 ulla
698 1569 737 1573 -—

226 1710 283 1741 Tm·
295 1709 466 1741 testimonii
479 1727 520 1732 —
532 1709 658 1740 veritus.
674 1709 821 1740 Unicum
837 1710 1037 1750 exemplum,
1058 1729 1062 1771 l
1084 1709 1296 1740 scribendum
1320 1718 1390 1740 esse
1412 1709 1563 1749 quomdam
1588 1708 1675 1739 male
1697 1706 1843 1740 Orellius
1855 1711 1946 1748 puta-

180 1765 236 1795 ubi
267 1765 352 1805 apud
381 1764 570 1795 Romanum
598 1764 790 1804 scriptorem
827 1763 928 1794 vereri
964 1773 1039 1794 cum

181 1816 327 1857 genitivo
349 1816 547 1847 construitur
569 1825 672 1857 paene
683 1825 757 1846 011111
772 1821 849 1847 vett.
865 1816 954 1847 editt.
973 1826 1039 1846 cor-
1060 1840 1062 1848 .

185 1869 257 1901 rexi
280 1865 485 1899 accusativos
512 1876 684 1908 reponens.
729 1868 906 1899 Veteribus
936 1854 1063 1909 poetisi

184 1922 243 1954 illa
264 1921 463 1954 constructio
495 1921 530 1952 in
554 1931 615 1952 usu
638 1927 714 1958 erat,
749 1921 900 1959 Afranio,
931 1922 1040 1958 Attae,

184 1975 338 2013 Pacuvio,
361 1974 466 2012 Attio,
489 1984 630 2016 quorum
644 1974 831 2006 testimonia
848 1975 962 2006 citavit
975 1975 1041 2006 No-

184 2030 257 2060 nius
279 2039 309 2070 p.
332 2028 394 2059 496
417 2038 464 2070 sq.
487 2028 553 2060 Sed
568 2028 691 2069 respuit
706 2028 890 2066 Terentius,
905 2034 941 2059 ut
953 2029 1039 2060 idem

184 2081 419 2123 grammaticus
443 2082 602 2118 observat,
636 2081 776 2112 laudans
799 2090 816 2112 e
839 2081 1041 2112 Phormione

182 2137 281 2167 haec:
301 2135 371 2166 Non
383 2135 573 2166 simultatem
590 2145 684 2165 meam
700 2135 802 2165 vereri
817 2135 939 2166 sallem.
962 2135 1041 2166 Vid.
1060 2134 1063 2166 Ι

184 2190 229 2221 Π.
255 2190 271 2220 1
295 2189 379 2226 init„
403 2189 459 2219 ubi
483 2195 593 2220 tamen
617 2189 739 2229 legitur
761 2189 906 2227 revereri,
929 2196 966 2220 ut
989 2188 1041 2221 Ci-

183 2244 310 2277 ceronis
332 2253 462 2285 quoque
484 2244 576 2274 codd.
600 2243 740 2274 afferunt
763 2254 858 2284 supra
884 2244 1040 2282 11.19,1.

183 2297 250 2328 Sed
271 2296 336 2327 vid.
361 2296 494 2327 Phorm.
517 2296 563 2327 II.
587 2297 615 2333 2,
640 2296 655 2326 1
680 2302 713 2328 et
724 2296 813 2327 alibi.
836 2297 924 2327 Nam
942 2306 1039 2337 quem
1059 2326 1061 2332 .

184 2360 226 2381 ex
249 2349 363 2380 eadem
385 2348 496 2379 fabula
519 2348 658 2379 afferunt
681 2348 789 2379 locum
814 2349 855 2379 V.
881 2348 908 2386 7,
933 2349 981 2386 78,
1005 2349 1038 2380 in
1059 2335 1062 2365 ⁴

184 2413 222 2435 eo
244 2403 343 2434 verba
364 2401 509 2443 feminae
531 2401 707 2442 primariae
736 2407 783 2433 est
812 2403 951 2440 dativus,
982 2403 1061 2443 qui*

184 2458 303 2499 pendet
325 2467 343 2488 a
365 2467 418 2487 vv.
433 2455 549 2495 facere
573 2456 799 2493 contvmelz‘am,
834 2456 927 2487 hm'zcs
951 2457 1039 2497 geni·
1059 2445 1061 2468 ³

184 2511 269 2542 tivus
291 2509 396 2551 pretii,
420 2513 451 2539 et
476 2508 571 2539 verba
594 2508 639 2539 sic
663 2505 739 2539 sunt
760 2509 1009 2549 distinguenda:
1060 2501 1061 2508 ¹

224 2563 342 2603 Neque
359 2561 458 2592 huius
480 2561 524 2592 sis
546 2562 679 2599 veritus,
707 2562 849 2594 feminae
865 2563 1040 2603 primariae

224 2615 316 2655 Quin
339 2624 426 2645 novo
449 2613 547 2644 modo
571 2614 601 2645 ei
623 2614 743 2645 faceres
766 2615 1011 2647 contumeliam.
1059 2603 1061 2623 ³

226 2667 385 2700 Abstinui
406 2672 518 2698 tamen
540 2676 559 2696 a
580 2667 747 2704 mutando,
770 2668 927 2708 quoniam
950 2668 1039 2708 geni·
1058 2661 1061 2700 ἶ

185 2724 271 2755 tivus
294 2721 463 2753 testimonii
495 2720 577 2752 mihi
606 2730 701 2752 verus
731 2722 870 2753 videtur.
904 2722 971 2754 Sed
1003 2723 1060 2755 ini

185 2778 231 2809 luz·
255 2776 478 2809 accusativum
500 2775 602 2808 latere
625 2781 714 2816 puto,
736 2777 822 2808 unde
846 2768 903 2809 ille
920 2777 1040 2818 geniti·
1058 2758 1061 2799 i

186 2842 246 2862 vus
267 2831 416 2872 pendeat.
439 2829 527 2860 Nam
548 2838 650 2870 quum
674 2830 902 2871 addatmqnod
924 2849 964 2853 —
986 2831 1038 2861 de-

185 2886 288 2922 deras,
311 2883 407 2915 facile
429 2882 586 2913 obtinebo
613 2881 660 2912 tui
690 2892 760 2914 esse
790 2884 940 2915 otiosum.
974 2884 1040 2915 Pro

186 2948 225 2970 eo
248 2937 363 2969 Cicero
386 2935 527 2967 scribere
548 2935 653 2976 potuit
675 2935 745 2966 vim.
768 2935 865 2967 Certe
888 2937 930 2975 id,
954 2938 1041 2978 quod

186 2994 288 3033 vngo
308 2991 441 3032 legitur,
464 3000 531 3021 non
554 2994 602 3020 est
623 2989 825 3021 Tullianum.
1061 3014 1063 3028 3

230 3045 347 3077 Motum
369 3055 404 3076 οι
437 3043 699 3082 conversionem,
728 3045 954 3077 mutationem.
990 3046 1042 3079 Cf.

190 3100 255 3131 ΙΙΙ.
279 3099 306 3136 8,
330 3099 358 3130 3.

236 3151 408 3193 (onlempli
431 3149 590 3182 cuiusdam
614 3150 753 3181 homnis.
790 3151 855 3182 Pro
882 3151 1041 3183 caiusdam
1062 3142 1066 3198 i

1084 1764 1146 1794 bat.
1173 1762 1305 1803 Quidam
1318 1763 1469 1794 adjectivi
1490 1763 1557 1793 vim
1571 1766 1741 1803 temperat.
1763 1761 1841 1793 Non
1857 1762 1945 1793 nude

1083 1819 1155 1850 vult
1177 1818 1377 1859 Dionysium
1391 1818 1556 1859 appellare
1568 1819 1772 1858 contemptum
1785 1817 1947 1854 hominem,

1084 1872 1140 1903 sed.
1162 1871 1259 1912 paulo
1291 1871 1398 1902 lenius
1429 1877 1524 1902 vocat
1557 1872 1762 1910 contemptum
1792 1869 1945 1911 quendam

1085 1923 1246 1955 hominem.
1280 1923 1380 1955 Falso
1401 1924 1500 1955 multi
1521 1924 1642 1955 docent
1662 1922 1788 1965 quidam
1817 1931 1946 1963 semper

1084 1978 1255 2009 intendere
1268 1978 1337 2009 vim
1349 1978 1500 2010 adiectivi
1511 1978 1744 2019 praecedentis,
1754 1981 1791 2008 ut
1806 1976 1944 2008 Beierus

1084 2032 1124 2062 ad
1136 2030 1200 2064 Off.
1217 2032 1244 2062 Ι.
1255 2042 1284 2073 p.
1299 2033 1423 2063 115.11.
1440 2043 1471 2073 p.
1485 2032 1536 2064 75.
1551 2032 1693 2063 Meliora
1710 2038 1946 2073 praeceperunt

1082 2084 1231 2115 Kuhner.
1255 2085 1295 2115 ad
1326 2084 1424 2115 Tusc.
1454 2085 1501 2115 Π.
1526 2085 1575 2114 11.
1601 2083 1700 2124 Seyff.
1725 2084 1766 2114 ad
1793 2083 1886 2115 Lael.
1911 2094 1942 2124 p.

1086 2142 1143 2172 199
1176 2145 1208 2172 et
1243 2140 1313 2170 322.
1352 2139 1462 2171 Hand.
1494 2140 1599 2171 lehrb.
1627 2139 1683 2170 des
1713 2139 1768 2169 lat.
1803 2138 1879 2170 Stils
1913 2149 1944 2179 p.

1082 2196 1153 2233 440,
1174 2195 1243 2226 alii.
1267 2194 1332 2225 Pro
1354 2194 1399 2225 ad
1427 2197 1545 2225 ceteros
1577 2194 1707 2225 videtur
1736 2193 1830 2224 scrib.
1862 2193 1948 2234 apud

1081 2251 1210 2280 ceteros.

1123 2297 1195 2329 Meo
1217 2297 1323 2328 labore
1346 2297 1508 2328 subdoceri
1525 2307 1557 2328 0:
1583 2307 1600 2327 a
1636 2292 1944 2329 111οὑποὸιδασκὸι-

1083 2349 1141 2385 λου
1164 2361 1302 2383 munere
1317 2351 1430 2383 functo
1450 2352 1569 2389 doceri,
1585 2352 1713 2392 quoties
1729 2351 1787 2382 ille
1804 2349 1943 2381 abesset.

1124 2409 1142 2449 ξ
1166 2409 1193 2439 2.
1218 2406 1271 2438 Me
1295 2407 1378 2438 dicet
1402 2418 1468 2439 0330
1489 2407 1626 2439 meliore.
1649 2408 1830 2448 Nunquam
1855 2406 1945 2438 enim

1084 2461 1272 2498 obliviscar,
1296 2470 1396 2501 quam
1419 2462 1567 2502 ingratus
1590 2460 1624 2491 in
1648 2470 1700 2491 me
1723 2459 1830 2491 fuerit.

1126 2517 1222 2558 Quam
1246 2516 1296 2547 hic
1317 2515 1392 2546 mihi
1408 2516 1507 2556 plane
1529 2515 1621 2546 nulla
1643 2514 1824 2554 exceptione
1847 2522 1943 2553 prae-

1080 2570 1167 2601 cidit.
1188 2571 1282 2602 Haec
1303 2580 1371 2600 una
1393 2569 1555 2601 sententia
1577 2568 1770 2599 continuare
1792 2571 1944 2608 praestat,

1081 2635 1180 2666 quam
1203 2635 1220 2655 a
1244 2634 1275 2654 v.
1292 2624 1393 2663 plane
1414 2632 1536 2653 novam
1559 2622 1670 2653 ordiri.
1694 2622 1738 2652 Et
1759 2620 1852 2652 nulla
1867 2629 1945 2650 cum

1080 2679 1206 2709 Ursino
1231 2676 1355 2718 scripsi,
1379 2686 1481 2717 quum
1504 2675 1634 2707 facilius
1657 2675 1752 2706 litera
1773 2673 1872 2704 unica
1896 2673 1944 2703 in-

1079 2731 1222 2768 tercidit,
1246 2740 1346 2770 quam
1369 2729 1446 2766 sine,
1469 2729 1556 2770 quod
1578 2729 1612 2759 in
1635 2728 1731 2758 nullo
1752 2726 1863 2758 codice
1896 2726 1943 2756 in-

1081 2789 1221 2815 ventum
1243 2787 1302 2813 est.
1326 2782 1444 2812 Iunius
1467 2790 1598 2821 quoque
1621 2787 1652 2812 et
1674 2779 1836 2811 Graevius
1852 2777 1943 2809 nulla

1080 2837 1115 2867 in
1139 2836 1232 2866 codd.
1256 2834 1377 2865 vidisse
1399 2843 1434 2865 se
1458 2834 1671 2864 affirmarunt.

1124 2886 1314 2918 Praecidere
1343 2896 1402 2927 pro
1430 2895 1552 2927 negare
1583 2885 1706 2926 legitur
1735 2893 1867 2925 quoque
1897 2884 1943 2916 X.

1082 2942 1133 2979 16,
1160 2942 1190 2972 1.
1212 2938 1335 2981 Neqavz'
1359 2943 1468 2970 autem
1491 2939 1640 2970 absolute
1662 2938 1806 2978 positum
1830 2943 1878 2968 est
1899 2938 1944 2975 id,

1082 2997 1172 3038 quod
1194 2994 1332 3035 Belgice
1353 2994 1488 3026 dicitur:
1505 2994 1540 3026 ilc
1555 2994 1611 3025 heb
1628 3003 1706 3024 veen
1725 2993 1853 3034 yezeqd.
1878 2992 1944 3024 Pro

1074 3044 1220 3086 praecise
1241 3043 1376 3084 ponitur
1399 3040 1580 3089 ἀποτόμως
1603 3042 1689 3074 infra
1711 3041 1756 3072 X.
1781 3042 1828 3079 11,
1850 3043 1877 3073 5.

1125 3101 1166 3132 In
1187 3112 1245 3143 quo
1267 3101 1345 3132 vitio
1368 3101 1451 3130 nihil
1473 3101 1548 3131 mali
1579 3111 1639 3131 non
1668 3101 1759 3132 inest.
1797 3098 1846 3131 Cf.
1877 3099 1943 3132 Xe-

1086 3155 1184 3196 noph.
1209 3154 1326 3195 Oyrop.
1350 3154 1378 3185 1.
1401 3154 1429 3191 2,
1455 3153 1483 3185 7.
