2062 3565
759 161 863 202 MR.
901 162 952 202 X.
988 162 1071 202 BP.
1119 167 1148 203 1».
1775 166 1825 200 95

64 305 198 340 autem
244 312 291 338 ex
324 312 371 337 eo
405 312 650 352 quaererem,
685 297 781 352 quid
817 298 982 349 videret,
1019 300 1045 340 †
1063 314 1182 354 quein
1216 299 1456 354 exemplum,
1491 313 1609 353 quam
1646 313 1724 339 reni
1761 313 1828 352 pu-

64 371 222 420 blicam,
256 369 373 425 plane
406 370 608 412 fatebatur
644 370 793 412 nullam
829 387 939 426 spem
974 372 1187 426 reliqua1n5
1231 372 1411 427 Pompeii
1446 372 1610 413 classem
1645 370 1826 414 timebat.

65 457 165 498 quae
197 442 231 484 si
263 448 382 494 esset,
417 458 458 484 se
491 443 541 484 de
575 443 712 485 Sicilia
746 443 965 485 abiturum.
1000 444 1111 496 Quid
1146 445 1228 495 isti,
1264 445 1444 499 inquam,
1479 460 1548 485 sex
1580 444 1643 485 tui
1676 444 1827 484 fasces?

65 517 98 558 si
131 514 181 556 ab
223 520 379 565 senatu,
413 530 484 558 cm·
527 516 722 558 laureati?
768 517 801 557 si
835 516 886 558 ab
918 517 1018 570 ipso,
1052 532 1124 559 cur
1157 519 1252 559 sex?
1293 517 1521 572 „Cupivi’',
1554 517 1702 571 inquit,
1745 544 1764 565 n
1781 531 1827 556 ex

65 593 226 631 senatus
268 589 452 630 consulto
502 596 707 645 surrept03
756 605 847 631 nam
892 590 1006 631 aliter
1051 605 1131 631 non
1178 591 1378 645 poterat.”
1429 593 1483 631 At
1526 590 1591 632 ille
1625 588 1829 645 impendio
1866 604 1880 627 5

66 654 172 704 nun'c
204 663 331 717 magis
365 662 453 704 odit
484 669 683 705 senatum.
720 663 803 718 [Ad
837 665 1039 719 senatum]
1082 679 1140 714 ,sa
1173 664 1282 715 me‚”
1306 665 1453 718 inquit,
1484 692 1504 714 's
1519 664 1653 704 omnia
1677 662 1829 717 profici-

64 735 270 778 scentur.”
304 735 386 777 Cur
419 741 554 777 autern
589 738 683 778 sex?
724 764 743 787 ,s
756 736 863 787 Quia
896 736 1109 778 duodecim
1143 737 1278 787 nolui3
1304 752 1395 778 nam
1420 736 1611 777 licebat.”
1641 738 1709 776 10.
1727 735 1827 775 'suin

65 822 152 863 ego,
195 808 327 860 Quam
371 809 526 860 vellem,
571 810 750 864 inquam,
786 810 930 864 petisse
965 809 1015 850 ab
1048 825 1108 860 eo,
1144 810 1250 865 quod
1284 809 1405 851 audio
1442 809 1672 864 Philippum
1707 809 1829 862 impe-

64 883 212 924 trasse!
263 882 332 924 sed
382 882 532 924 veritus
574 897 677 932 511111,
726 883 820 938 quia
864 881 940 924 ille
975 899 997 924 a
1032 898 1092 924 me
1128 883 1228 924 nihil
1261 882 1516 938 impetrabat.
1557 910 1576 933 n
1594 880 1830 931 Libente1·‚’'

65 955 212 1010 inquit,
252 954 362 1005 „tibi
396 956 672 997 concessisset.
728 956 874 996 Verum
909 962 1007 1010 puta
1040 961 1079 997 te
1114 956 1370 1010 impetrasse3
1405 971 1478 1010 ego
1512 955 1618 996 enim
1653 954 1703 996 ad
1737 969 1826 995 euin
1855 969 1888 995 ιο

65 1027 250 1078 scribam,
291 1033 338 1070 ut
381 1033 427 1070 tu
471 1030 556 1084 ipse
592 1029 712 1079 voles,
747 1029 796 1070 de
829 1044 874 1072 er.
909 1044 949 1069 re
982 1043 1055 1070 nos
1088 1029 1193 1070 inter
1226 1044 1298 1070 nos
1331 1030 1500 1070 locutos.
1553 1028 1663 1080 Quid
1696 1037 1828 1069 autem

63 1100 171 1143 illius
203 1101 385 1153 interest,
419 1103 610 1158 quoniam
643 1103 685 1144 in
719 1107 903 1144 senatum
937 1117 1017 1144 non
1052 1103 1178 1153 venis,
1213 1102 1283 1144 ubi
1311 1103 1394 1144 sis?
1428 1102 1539 1154 Quin
1563 1117 1670 1144 nunc
1700 1102 1828 1157 ipsum

62 1175 225 1217 minime
259 1174 492 1216 offendisses
522 1176 610 1216 eius
642 1190 818 1225 causam,
853 1175 886 1216 si
920 1176 962 1216 in
996 1175 1116 1216 Italia
1149 1190 1228 1216 non
1263 1175 1452 1216 fuisses.”
1503 1175 1568 1216 Ad
1602 1189 1703 1229 quae
1737 1189 1825 1228 ege,

0 1282 4 1289 .
63 1263 125 1289 me
172 1263 372 1290 recessum
421 1255 462 1290 et
512 1247 770 1289 solitudinem
821 1263 1022 1302 quaerere,
1069 1248 1240 1289 maxime
1285 1248 1392 1302 quod
1437 1248 1596 1290 lictores
1628 1247 1830 1289 haberem.

63 1320 263 1362 Laudavit
295 1321 522 1363 consilium.
573 1321 684 1373 Quid
728 1322 851 1376 ergo?
885 1322 1050 1376 inquam
1063 1340 1073 1372 ;
1109 1337 1205 1363 num
1239 1322 1339 1363 mihi
1373 1333 1532 1381 cursuq
1545 1323 1586 1363 in
1622 1322 1829 1363 Graeciam
1854 1335 1884 1359 15

63 1409 130 1450 per
162 1399 272 1436 tuam
307 1395 553 1451 provinciam
586 1400 661 1445 est,
696 1395 887 1449 quoniam
922 1394 972 1436 ad
1008 1409 1114 1435 mare
1151 1410 1340 1450 superum
1363 1396 1511 1437 milites
1536 1397 1658 1438 sunt?
1688 1424 1707 1447 u
1720 1395 1828 1447 Quid

63 1467 206 1518 milffl’,
238 1468 386 1523 inquit,
434 1469 700 1525 noptatius?”
748 1469 837 1510 Hoc
871 1468 960 1510 loco
996 1469 1122 1510 multa
1157 1468 1458 1524 perliberaliter.
1495 1470 1601 1525 Ergo
1635 1470 1708 1511 hoc
1743 1470 1828 1524 qui-

62 1541 151 1584 dem
198 1547 259 1584 est
292 1542 530 1597 profectum,
576 1547 623 1583 ut
653 1557 736 1583 non
770 1541 890 1583 modo
921 1547 1011 1583 tuto
1047 1557 1183 1583 verum
1217 1543 1338 1584 etiam
1371 1543 1503 1599 palam
1535 1544 1829 1599 navigaremus,

68 1616 138 1656 11.
173 1615 344 1669 Reliqua
375 1616 419 1657 in
452 1620 655 1671 posterum
689 1616 796 1659 diem
829 1615 1003 1666 distulit,
1038 1631 1085 1658 ex
1120 1616 1267 1671 quibus
1302 1616 1472 1659 scribam
1506 1617 1556 1658 ad
1590 1624 1643 1668 te,
1679 1619 1712 1658 si
1732 1617 1829 1672 quid

63 1688 139 1730 erit
182 1688 351 1743 epistola
401 1687 584 1744 dignum.
634 1690 739 1731 Sunt
784 1696 931 1735 autem,
977 1705 1077 1744 quae
1124 1691 1331 1745 praeterii:
1366 1692 1694 1746 interregnumne
1728 1697 1832 1732 esset
1852 1707 1888 1733 20

108 1856 123 1886 1
147 1853 230 1896 quod
250 1854 450 1894 exemplum?
472 1873 512 1877 —
535 1854 553 1885 6
578 1854 629 1885 Ad
650 1857 790 1885 senatum
814 1865 834 1885 a
858 1865 904 1886 me
929 1872 968 1878 --
994 1855 1029 1886 15
1054 1866 1124 1886 nam
1148 1857 1222 1886 mz‘ln'
1244 1875 1285 1879 -
1308 1857 1347 1887 16
1370 1856 1485 1887 milites
1509 1861 1595 1888 sunt.
1619 1874 1652 1879 —

63 2001 90 2032 1.
112 2001 141 2038 2,
165 2001 215 2032 15.
229 2000 370 2031 Locutio
386 2000 470 2032 redit
484 2001 580 2032 Verr.
597 2002 640 2032 V.
653 2002 704 2033 94.
721 2001 853 2047 Cluent.
872 2003 922 2034 59.
944 2008 947 2044 j
969 2004 1049 2036 Esse
1071 2004 1232 2036 sermonis
1254 2004 1425 2035 familiaris
1447 2004 1591 2035 ostendit
1624 2014 1700 2034 usus
1734 2003 1829 2034 Plau-

105 2056 124 2096 ς
146 2055 176 2086 9.
204 2053 297 2091 Quod
317 2054 519 2095 exemplum?
535 2056 615 2087 *Ned
637 2056 718 2097 quid
731 2055 846 2088 Cicero
861 2057 923 2088 hac
969 2058 1058 2089 tinus
1080 2063 1112 2089 et
1133 2057 1363 2093 Terentianus,
1398 2057 1431 2087 in
1458 2056 1537 2087 Aul.
1560 2056 1642 2096 prol.
1668 2056 1715 2093 18,
1743 2056 1826 2086 Eun.

14 2150 15 2155 1
62 2107 255 2149 quaestione
286 2107 438 2145 voluerit,
469 2117 530 2140 nec
560 2108 640 2149 quid
671 2119 690 2140 a
713 2108 860 2141 Curione
883 2111 925 2141 ad
945 2145 947 2150 A
968 2111 1035 2141 ΙΙΙ.
1060 2113 1090 2147 5,
1115 2111 1167 2142 39.

15 2182 19 2197 2
63 2170 136 2193 eam
156 2170 349 2203 responsum
366 2163 409 2194 sit
422 2162 588 2203 intelligo.
609 2163 718 2194 Aliud
731 2163 814 2195 olim
826 2164 924 2205 scrip·
1013 2164 1083 2206 [Ad
1104 2164 1264 2204 senatum]
1288 2175 1307 2194 a
1329 2173 1375 2194 me
1398 2182 1439 2187 —
1460 2163 1564 2194 omnia
1580 2163 1834 2203 preyiciscentzsr.

15 2207 18 2220 '
63 2220 135 2246 mm
154 2213 256 2246 fuisse
277 2215 386 2255 arguit
406 2215 514 2246 codex
548 2215 650 2253 Med„
673 2215 708 2246 in
730 2225 798 2257 quo
819 2216 925 2257 prima
946 2242 950 2258 ,
969 2219 1069 2250 Recte
1092 2219 1127 2249 in
1149 2218 1294 2250 editione
1316 2218 1518 2249 Iensoniana
1539 2217 1639 2249 verba
1670 2217 1715 2247 acl
1745 2227 1835 2248 sena-

0 2638 18 2678 'ss
63 2642 212 2675 Kochins
232 2649 320 2676 recte
342 2645 540 2676 observavit.
563 2643 734 2677 Correxit:
757 2645 873 2676 exisset
889 2654 922 2676 o:

15 2708 19 2727 L
62 2695 219 2737 navigare
241 2697 407 2738 coepisset,
433 2702 468 2728 ut
490 2697 613 2737 legitur
633 2698 669 2728 in
702 2707 752 2738 ep.
782 2697 810 2734 7,
841 2699 860 2728 3
891 2697 924 2728 in

6 2746 19 2778 ³.
59 2747 212 2787 ‚eiusdem
233 2750 282 2781 rei
303 2750 483 2781 mentione.

0 2263 13 2303 ”,
62 2278 181 2300 manus
201 2269 292 2300 dedit
311 2279 399 2310 quem
422 2269 606 2310 eat-emplum.
637 2270 830 2310 Requiritur
851 2270 925 2301 sub·
946 2260 950 2327 }
970 2275 1033 2304 tum
1057 2273 1178 2303 omissa
1200 2278 1285 2303 sunt.
1309 2272 1461 2303 Senatum
1484 2272 1534 2303 bis
1556 2279 1727 2303 exaratum
1751 2272 1836 2302 vide-

62 2323 243 2354 stantivum
287 2324 464 2355 masculini
510 2325 652 2364 generis.
701 2325 925 2366 Aptissimum
946 2335 950 2373 ἵ
971 2330 1040 2362 tui-3
1066 2325 1186 2356 deinde
1208 2324 1407 2366 praepositio
1431 2325 1517 2356 male
1540 2324 1649 2355 addita
1672 2331 1733 2355 est.

63 2382 158 2418 puto:
188 2387 275 2418 quem
318 2380 460 2409 eventum
497 2378 567 2410 vel:
602 2388 689 2420 quem
717 2378 845 2410 exitum.
885 2379 924 2409 cf.
947 2380 950 2413 1
1016 2377 1098 2419 Quia
1119 2377 1281 2408 duodecim
1310 2377 1398 2408 nolui
1432 2387 1465 2408 0:
1496 2378 1574 2418 quia
1602 2377 1833 2418 proconsulare

64 2441 114 2474 ep.
145 2433 175 2470 5,
206 2433 234 2469 2,
266 2433 324 2464 ubi
346 2433 434 2465 idern
457 2433 559 2464 Curio
581 2433 700 2464 dicitur
722 2434 925 2474 significasse
946 2430 950 2470 Ξ
975 2431 1151 2472 imperium
1174 2431 1333 2468 recusavi,
1356 2430 1518 2471 praetorio
1541 2435 1726 2462 contentus.

7 2478 21 2487 ⁸
63 2494 97 2517 se
117 2485 229 2516 harum
248 2495 349 2516 rerum
367 2485 482 2516 eximm
499 2496 560 2516 non
574 2485 692 2517 videre.
709 2487 800 2518 Male
818 2487 924 2517 Koch.
946 2499 949 2534 ι
1014 2486 1032 2524 ξ
1058 2484 1105 2514 10.
1128 2483 1193 2514 Nos
1215 2484 1301 2514 inter
1322 2493 1380 2515 nos
1409 2484 1539 2514 locutos.
1563 2482 1752 2514 Pronomeu
1777 2483 1837 2522 pri-

8 2544 14 2555 ’·
62 2539 192 2571 emend.
213 2549 244 2580 p.
269 2539 308 2570 15
332 2540 420 2571 coni.
443 2549 531 2580 quem
553 2539 736 2571 exercitum.
946 2538 949 2563 1
971 2537 1022 2568 ori
1052 2538 1125 2568 loco
1157 2537 1270 2568 abesse
1293 2542 1428 2578 poterat.
1452 2537 1598 2568 Additur
1620 2537 1773 2568 similiter
1796 2536 1836 2566 de

106 2590 195 2632 Quae
215 2591 244 2622 si
265 2594 348 2623 esset
370 2602 439 2624 non
461 2601 556 2633 posse
574 2592 641 2623 dici
662 2593 703 2623 de
732 2593 837 2624 classe
867 2592 927 2623 illa
946 2589 950 2621 l
971 2591 1013 2622 N.
1035 2591 1077 2622 D.
1110 2591 1138 2621 Ι.
1163 2591 1200 2623 71
1225 2596 1257 2622 et
1279 2590 1391 2622 Divin.
1419 2591 1447 2622 1.
1467 2591 1516 2628 58,
1539 2600 1622 2632 quos
1645 2591 1733 2621 locos
1756 2590 1837 2620 indi-

947 2625 951 2666 1
970 2644 1058 2676 cavit
1079 2644 1234 2676 Handius
1257 2645 1294 2675 in
1317 2644 1416 2675 Ture.
1438 2644 1504 2675 111.
1529 2654 1559 2684 p.
1582 2643 1654 2674 398.

1016 2698 1103 2735 Quid
1140 2697 1242 2738 erqo?
1271 2697 1413 2738 inquam;
1449 2707 1521 2727 num
1553 2696 1628 2727 milei
1663 2715 1703 2719 -
1734 2696 1836 2726 suut?

970 2750 1072 2782 Recte
1100 2749 1276 2782 Schutzius
1306 2760 1378 2781 nam
1412 2750 1447 2781 in
1470 2760 1541 2780 num
1564 2749 1718 2780 mutavit
1749 2748 1832 2778 Nam

10 2833 14 2839 ,
107 2801 217 2844 &pirri
238 2813 278 2834 ex
299 2802 378 2834 8020
397 2806 545 2844 surrepto
567 2814 598 2834 0.·
627 2804 729 2835 Volui
751 2809 783 2835 et
805 2803 840 2835 id
861 2804 925 2844 egi,
948 2810 1044 2863 post
1076 2804 1154 2846 quid
1185 2804 1285 2845 erqo?
1324 2804 1475 2845 quaestio
1503 2804 1596 2844 sequi
1626 2803 1733 2835 debet
1769 2812 1832 2832 nn·

6 2862 19 2866 ··
54 2858 100 2892 ,ιιι
118 2858 250 2887 senatus
272 2856 356 2887 mihi
377 2856 584 2897 provinciam
613 2857 706 2888 daret
727 2866 804 2887 cum
826 2856 926 2897 impe-
947 2865 951 2902 1
971 2859 1136 2891 sententia
1157 2859 1311 2890 causalis.

63 2905 122 2944 rio,
144 2912 177 2939 et
196 2908 356 2949 quoniam
377 2907 504 2940 SCtum
527 2909 716 2950 legitimum
738 2918 795 2950 per
809 2908 928 2940 Metel·
1014 2913 1032 2952 ξ
1062 2913 1114 2943 11.
1143 2912 1286 2952 Reliqua
1310 2921 1385 2952 pars
1407 2911 1564 2952 epistolae
1587 2910 1688 2942 tantis
1712 2910 1835 2940 laborat

63 2957 134 2990 lum
153 2959 226 2990 fieri
247 2970 314 2991 non
337 2965 473 3001 poterat,
496 2961 630 2993 occulto
645 2966 677 2993 et
692 2965 841 3002 surrepto
852 2970 926 2992 con·
970 2964 1232 3002 difficultatibus,
1254 2971 1300 3002 ut,
1325 2965 1350 2995 si
1374 2965 1496 3001 liceret,
1511 2973 1584 2995 eam
1601 2963 1734 2994 silentio
1749 2971 1836 3002 prae-

65 3016 174 3044 tentus
187 3013 332 3046 fuissem.
356 3013 424 3046 Sed
436 3013 558 3046 Caesar
578 3020 710 3047 senatus
721 3015 798 3047 odio
809 3015 927 3046 ductus
948 3019 950 3063 p
971 3018 1122 3055 terirem;
1159 3028 1262 3059 quum
1292 3027 1360 3048 non
1390 3018 1497 3054 liceat,
1530 3017 1645 3048 timide
1675 3015 1837 3046 indicabo.

65 3065 181 3105 noluit,
202 3071 235 3098 et
255 3067 337 3099 mihi
360 3068 462 3100 dixit:
489 3083 502 3094 υ
516 3067 639 3101 Omnia
658 3078 742 3111 quae
766 3069 814 3100 vis
837 3079 855 3099 a
873 3077 927 3100 me
971 3073 1137 3114 quomodo
1160 3072 1343 3104 nonnullae
1367 3071 1515 3113 expediri
1538 3080 1631 3112 posse
1654 3070 1834 3102 videantur.

68 3119 238 3154 habebis.”
1019 3124 1111 3162 Quae
1125 3124 1288 3166 praeterii
1308 3134 1342 3155 o:
1367 3134 1452 3165 quae
1471 3133 1514 3155 ex
1532 3122 1675 3155 Curione
1691 3122 1835 3154 nonduin

109 3172 270 3214 Impendio
296 3193 334 3198 -
357 3175 465 3217 maqis,
480 3176 588 3208 multo
604 3177 720 3218 magis,
738 3177 928 3217 impensius.
972 3179 1118 3219 quaesivi
1143 3178 1176 3209 in
1201 3178 1356 3208 hesterno
1383 3185 1543 3208 sermone.
