2062 3565
674 171 778 212 LIB.
815 171 890 213 IX.
926 171 1009 213 ΕΡ.
1050 173 1117 212 12.
1158 174 1225 212 13.
1773 175 1824 214 725

657 371 784 414 XIII.
850 372 916 424 (A.
957 370 1002 412 U.
1040 372 1083 412 C.
1120 372 1238 426 705.)

131 501 171 542 l.
206 493 312 543 Οὐκ
345 492 446 542 ἔστ’
481 493 664 555 ἔτυμος
697 495 863 557 λόγος,
910 503 955 539 ut
987 499 1142 554 opinor,
1176 499 1243 540 ille
1277 499 1325 540 de
1359 498 1528 541 ratibus.
1579 500 1689 546 Quid
1725 501 1830 542 enim

4 595 10 610 ,»
65 578 140 625 est,
187 570 296 628 quod
338 571 550 613 Dolabella
597 572 648 613 iis
698 571 839 622 literis,
873 586 972 626 quas
1006 584 1076 613 111.
1110 571 1209 613 Idus
1244 572 1365 614 Mart.
1399 588 1421 614 a
1455 573 1672 615 Brundisio
1706 574 1832 625 dedit,

15 655 26 661 ·’
69 646 171 690 ham
209 641 474 704 εύημεριὰν
516 645 631 700 quasi
665 644 844 686 Caesaris
878 643 1069 686 scriberet
1119 646 1353 702 Pompeium
1388 647 1428 688 in
1465 646 1559 702 fuga
1592 663 1690 698 esse,
1725 663 1834 689 eum·

66 733 144 776 que
192 717 321 774 primo
367 722 488 759 vento
532 717 842 773 navigaturum?>
890 717 1010 770 Quod
1051 718 1164 760 valde
1212 718 1411 774 discrepat
1454 719 1504 761 ab
1545 720 1594 762 iis
1640 721 1834 776 epistoliS,
1875 727 1889 751 ⁵

0 783 25 825 ss
67 806 235 849 quarum
285 791 467 847 exempla
509 795 628 833 antea
661 790 710 833 ad
745 796 784 832 te
818 791 923 832 misi.
974 791 1055 833 Hic
1088 791 1249 847 quidem
1282 807 1391 834 mera
1423 793 1570 835 scelera
1602 793 1836 848 loquuntur.

67 863 145 908 Sed
177 879 260 906 non
292 869 376 906 erat
409 879 481 906 nec
514 865 711 906 recentior
744 870 883 906 auctor
916 879 989 906 nec
1022 865 1144 907 huius
1177 866 1234 908 rei
1267 866 1426 920 quidem
1453 867 1591 908 melior
1613 867 1836 909 Dolabella.

23 979 25 982 ⁴
70 939 112 980 2.
153 937 260 980 'ruas
303 951 367 979 XI.
412 937 587 979 Kalend.
631 937 767 992 accepi
811 937 959 987 literas,
1005 937 1152 992 quibus
1185 939 1319 980 omnia
1352 940 1519 981 consilia
1552 940 1686 981 differs
1719 941 1761 981 in
1795 940 1836 982 id

24 1035 26 1041 ·
70 1016 243 1067 tempus,
284 1025 410 1066 quum
453 1010 676 1062 scierimus,
721 1010 819 1066 quid
864 1015 997 1052 actum
1032 1012 1098 1052 sit.
1148 1011 1202 1053 Et
1235 1018 1339 1054 certe
1372 1014 1430 1055 ita
1462 1019 1536 1064 est,
1570 1029 1643 1055 nec
1676 1014 1836 1055 interim

0 1093 21 1138 ῥ’
66 1087 198 1142 potest
244 1083 467 1140 quidquam
512 1098 595 1125 non
643 1082 761 1125 modo
794 1084 933 1134 statui,
968 1083 1037 1125 sed
1070 1099 1121 1125 ne
1151 1084 1319 1140 cogitari
1352 1086 1530 1141 quidem.
1582 1086 1837 1141 Quamquam
1861 1097 1894 1122 10

0 1140 29 1229 Ξ
67 1157 142 1201 hae
184 1173 248 1200 me
291 1157 433 1199 literae
479 1156 710 1199 Dolabellae
751 1156 894 1199 iubent
926 1156 976 1199 ad
1011 1158 1201 1213 pristinas
1234 1159 1498 1214 cogitationes
1533 1160 1691 1202 reverti.
1744 1160 1839 1202 Fuit

0 1227 27 1255 ᾖ
68 1231 175 1274 enim
222 1230 351 1287 pridie
395 1229 674 1285 Quinquatrus
724 1229 883 1285 egregia
926 1235 1156 1286 tempestaS,
1208 1246 1285 1286 qua
1318 1246 1392 1287 ego
1424 1233 1541 1274 illum
1573 1248 1691 1274 usum
1726 1238 1838 1289 puto.

0 1258 29 1386 ἓ
59 1293 111 1346 ’3.
151 1301 439 1363 Συναγωγή
488 1302 750 1344 consiliorum
780 1305 943 1344 tuorum
975 1317 1058 1344 non
1091 1308 1153 1344 est
1184 1319 1207 1345 a
1240 1319 1302 1346 me
1338 1304 1504 1346 collecta
1538 1305 1588 1346 ad
1622 1306 1838 1361 querelam,

68 1377 139 1420 sed
183 1377 311 1433 magis
355 1376 405 1418 ad
457 1369 773 1418 consolationem
806 1390 949 1417 meam.
982 1376 1071 1417 Nec
1104 1376 1210 1417 enim
1246 1392 1306 1418 me
1340 1371 1552 1435 tamskfflaec
1585 1378 1689 1419 mala
1721 1393 1839 1433 ange-

70 1449 184 1502 bant,
217 1465 339 1506 quam
381 1450 558 1506 suspicio
593 1449 736 1505 culpae
770 1464 816 1490 ac
848 1449 1088 1491 temeritatis
1120 1465 1230 1492 meae
1245 1469 1256 1502 ς
1302 1466 1388 1492 eam
1422 1451 1574 1493 nullam
1610 1458 1706 1508 puto
1740 1467 1840 1502 esse,
1862 1466 1897 1492 15

24 1509 31 1518 Δ
73 1525 262 1580 quoniam
294 1539 387 1566 cum
420 1523 599 1566 consiliis
632 1523 714 1565 tuis
748 1539 836 1565 mea
869 1523 975 1565 facta
1007 1528 1048 1565 et
1080 1524 1247 1565 consilia
1280 1525 1554 1566 consentiunt.
1601 1525 1721 1577 Quod
1755 1540 1841 1567 mea

35 1590 47 1595 ⁶
73 1597 368 1655 praedicatione
414 1596 567 1638 factum
615 1612 700 1638 esse
750 1595 892 1638 scribis
937 1597 1063 1652 magis
1108 1612 1229 1652 quam
1269 1597 1380 1639 illius
1412 1599 1568 1648 merito,
1602 1603 1650 1640 ut
1682 1603 1841 1640 tantum

72 1671 112 1714 ei
152 1670 297 1713 debere
337 1671 506 1722 viderer,
548 1675 609 1712 est
640 1671 711 1712 ita.
781 1671 869 1725 Ego
902 1669 971 1712 illa
1002 1670 1130 1712 extuli
1163 1685 1318 1726 semper
1350 1676 1390 1712 et
1423 1686 1470 1712 eo
1503 1670 1664 1726 quidem
1699 1672 1839 1727 magis,

28 1767 29 1770 ¹
74 1760 125 1788 ne
157 1745 255 1801 quid
287 1745 355 1788 ille
388 1746 638 1802 superiorum
672 1744 900 1786 meminisse
933 1759 995 1786 me
1030 1749 1202 1800 putaret,
1236 1759 1337 1799 quae
1371 1745 1404 1786 si
1438 1745 1609 1786 maxime
1640 1745 1841 1786 meminis-

27 1830 33 1834 ·
74 1833 172 1869 sem,
220 1823 359 1860 tamen
404 1818 514 1860 illius
547 1818 739 1874 temporis
771 1817 1076 1860 similitudinem
1110 1818 1190 1860 iam
1224 1819 1337 1874 sequi
1371 1818 1570 1861 deberem.
1629 1818 1745 1859 Nihil
1778 1833 1840 1859 me
1861 1828 1896 1853 20

75 1890 245 1943 adiuvit,
290 1906 415 1947 quum
461 1896 618 1948 posset;
673 1892 748 1946 [et]
784 1897 921 1947 postea
954 1890 1032 1932 fuit
1065 1891 1230 1942 amicus,
1265 1893 1385 1934 etiam
1420 1891 1556 1935 valde:
1593 1907 1754 1947 ecquam
1790 1890 1841 1932 ob

118 2079 156 2111 11
181 2079 242 2111 leae
264 2078 341 2110 mihi
363 2079 494 2111 litterae
516 2097 557 2103 —
578 2080 617 2112 21
641 2081 671 2111 et
687 2080 802 2119 postea
824 2096 855 2101 —

119 2262 139 2302 ξ
162 2262 191 2293 1.
213 2259 286 2295 Οὐκ
325 2254 396 2295 ἔστ’
436 2256 557 2308 ἔτυμος
600 2259 715 2307 λόγος.
753 2263 936 2295 Exordium
989 2267 1044 2298 ubi
1066 2276 1169 2307 quum
1189 2265 1316 2303 blanda,
1328 2265 1417 2306 quod
1430 2265 1464 2296 in
1475 2264 1547 2296 eod.
1565 2263 1730 2295 Fam-iano
1746 2262 1844 2302 scrip-

35 2347 39 2351 .
78 2321 269 2354 notissimae
291 2322 478 2363 palinodiae
494 2321 683 2360 Stesichori,
706 2323 747 2354 de
760 2333 826 2364 quo
844 2324 938 2356 docte
962 2319 964 2334 ¹
988 2325 1058 2352 tum
1097 2325 1155 2357 est,
1196 2320 1305 2350 locum
1340 2318 1489 2350 cessisset
1522 2316 1615 2354 nohis,
1646 2316 1844 2356 scripserunt

78 2373 258 2416 disputavit
279 2374 448 2406 Fritzsche
470 2375 512 2406 ad
534 2375 637 2406 Arist.
661 2375 796 2407 Thesm.
823 2386 853 2417 p.
868 2375 940 2408 372.
962 2375 965 2384 '
988 2373 1064 2404 milei
1085 2384 1145 2405 nou
1170 2374 1227 2404 hoc
1249 2372 1383 2404 miserae
1403 2382 1449 2412 sp·
1471 2371 1606 2402 iubebas.

121 2424 314 2472 Εὐημερίαν
343 2427 435 2469 quasi
469 2426 624 2459 Caesaris.
656 2427 739 2461 Voc.
766 2429 857 2471 quasi
886 2431 938 2462 vel
963 2420 965 2433 ¹
1031 2428 1050 2468 ξ
1072 2429 1102 2459 3.
1127 2424 1312 2472 Συναγωγὴ
1336 2426 1534 2459 consiliorum
1551 2427 1673 2456 tuorum
1688 2432 1783 2464 supra
1799 2422 1846 2460 lo,

79 2493 154 2515 cum
181 2483 350 2534 Lanrbino
385 2489 463 2515 autc
493 2481 675 2529 εὐημερίαν
705 2484 938 2516 collocandum
962 2467 966 2508 i
988 2485 1010 2516 4
1030 2494 1119 2526 seqq.

80 2545 139 2578 est,
161 2539 215 2572 vel
237 2539 427 2572 delendum.
1030 2537 1098 2568 Illa
1120 2536 1220 2568 extuli
1243 2545 1276 2567 o:
1300 2535 1390 2567 illius
1413 2535 1446 2566 in
1470 2543 1524 2566 me
1550 2532 1676 2567 merita,
1702 2530 1846 2562 studium

122 2593 142 2634 ξ
169 2593 200 2625 2.
226 2592 302 2624 Hae
328 2603 374 2624 me
401 2592 518 2624 literae
544 2592 584 2624 D.
615 2593 719 2624 iubent
755 2611 793 2616 —
816 2592 940 2624 reverti.
988 2596 1021 2623 et
1041 2600 1175 2632 operam
1197 2590 1232 2621 in
1247 2597 1300 2621 me
1313 2588 1525 2620 restituendo.
1541 2584 1718 2625 Pompeius
1736 2590 1843 2615 tamen

45 2668 49 2669 γ
81 2647 135 2679 Me
155 2647 271 2689 scripsi
290 2658 350 2689 pro
371 2647 458 2685 mihi,
481 2657 582 2689 quum
601 2648 672 2689 ipsa
682 2649 775 2680 sedes
787 2647 941 2679 vocabuli
989 2644 1079 2685 prius
1100 2642 1253 2674 Tullium
1277 2641 1478 2683 praesidium
1500 2648 1596 2671 suum
1615 2637 1845 2679 implorantem

81 2710 150 2733 nou
178 2701 266 2733 sinat
292 2702 334 2733 de
362 2711 400 2733 eo
428 2702 533 2733 dativi
570 2711 691 2742 genere
720 2702 876 2742 cogitare,
900 2701 942 2733 de
964 2668 968 2720 i
989 2700 1144 2730 adversus
1167 2697 1276 2730 Clodii
1291 2698 1398 2730 minas
1420 2701 1453 2727 et
1469 2695 1538 2726 vim
1552 2694 1746 2728 deseruerat,
1759 2691 1846 2731 quod

55 2754 58 2756 ’
82 2762 148 2794 quo
168 2753 242 2785 dixi
263 2754 305 2785 ad
326 2754 354 2786 I.
378 2754 427 2791 14,
451 2755 481 2784 5.
503 2754 574 2785 Nec
596 2763 670 2785 raro
693 2753 815 2785 erravit
827 2753 862 2785 in
877 2753 942 2784 hoc
988 2752 1022 2783 h.
1053 2752 1076 2783 1.
1107 2750 1269 2782 vocabulo
1302 2748 1496 2790 superiorum
1532 2746 1650 2778 leniter
1672 2744 1844 2776 indicatur.

80 2814 204 2846 genere
239 2806 379 2847 scriptor
414 2806 491 2837 libri
527 2805 678 2844 Mefficei,
716 2811 751 2837 ut
778 2805 941 2847 exemplis
992 2805 1090 2844 Quod
1111 2809 1221 2836 autem
1243 2803 1335 2835 addit
1356 2811 1390 2834 se
1418 2801 1508 2832 illius
1530 2799 1674 2840 temporis
1697 2796 1847 2828 similitu-

79 2857 233 2898 probnvit
252 2857 512 2899 Wesenbergius
534 2859 674 2890 Emend.
688 2868 720 2900 p.
735 2859 805 2890 130.
829 2857 941 2889 Iubere
989 2859 1092 2890 dinem
1113 2859 1177 2890 iam
1198 2857 1287 2899 sequi
1319 2856 1437 2893 debere,
1461 2856 1494 2887 id
1517 2855 1600 2886 bene
1622 2853 1806 2894 explicetur
1826 2860 1843 2881 a

83 2921 144 2944 nec
171 2913 260 2954 apud
288 2912 492 2950 Ciceronem,
522 2922 583 2944 nec
613 2913 655 2943 ab
675 2912 744 2944 ullo
765 2917 861 2954 poeta
885 2917 941 2944 aut
990 2912 1160 2945 Manutio:
1193 2911 1332 2943 nPrimo
1361 2920 1413 2942 me
1435 2909 1588 2945 deseruit,
1617 2907 1736 2938 deinde
1758 2905 1845 2935 adiu—

82 2966 239 3007 scriptore
260 2971 336 2999 ante
357 2967 551 3007 Augustum
572 2976 650 2998 cum
665 2966 778 2998 dativo
792 2967 941 2998 iunctum
991 2967 1054 3004 vit;
1078 2967 1159 2999 item
1186 2976 1258 3007 ego,
1281 2965 1370 3006 quod
1398 2969 1473 2995 ante
1503 2962 1608 2998 omisi,
1631 2970 1717 2992 nun(-
1742 2959 1845 2990 sunere

82 3025 143 3051 est.
174 3019 216 3051 In
248 3019 372 3052 Catulli
399 3024 498 3051 carin.
530 3019 580 3055 64,
618 3019 678 3050 139
710 3029 758 3060 sq.
791 3019 942 3060 Silligius
990 3021 1104 3058 debeo,
1125 3026 1162 3052 ut
1183 3029 1259 3052 eum
1280 3018 1466 3050 adiuvem.''

84 3079 171 3106 recte
192 3074 396 3106 emendavit:
1035 3072 1111 3114 [Et]
1128 3077 1241 3113 postea
1253 3070 1327 3112 fuit
1353 3070 1481 3102 amicus.
1525 3067 1685 3109 copulam
1716 3075 1732 3096 e
1762 3064 1846 3095 male

84 3127 127 3158 At
148 3137 210 3159 non
231 3128 310 3159 haec
334 3126 487 3169 quondam
511 3126 627 3157 blanda
645 3126 802 3168 promissa
824 3125 941 3157 dedisti
993 3126 1131 3166 repetita
1152 3124 1384 3156 terminatione
1406 3120 1628 3163 praecedentis
1652 3128 1720 3149 voc.
1740 3119 1846 3158 posset

93 3179 168 3212 Vone
195 3182 279 3219 mihi,
308 3192 368 3212 mm
400 3182 457 3212 hor
486 3181 627 3212 miserant
660 3190 786 3220 sperare
809 3179 942 3211 iubebas.
967 3203 972 3207 .
993 3185 1099 3210 ortam
1121 3179 1239 3209 iudica
1268 3177 1391 3208 Melius
1414 3176 1514 3206 abest.

12 3247 41 3283 't‘

0 3277 50 3530 {

16 3529 50 3565 ᾗ.
