2062 3565
675 167 782 210 LIB.
817 168 933 211 XVI.
969 169 1053 212 ΕΡ.
1093 172 1162 213 13.
1203 171 1271 213 14.
1770 175 1857 214 :369

79 304 228 349 tamen,
277 300 311 340 si
356 315 470 355 pares
515 317 640 357 acque
689 304 795 345 iuter
840 320 894 354 se,
945 305 1255 359 quiescendum:
1305 306 1382 356 sin,
1431 306 1551 348 latius
1587 306 1766 349 manabit
1819 314 1858 348 vt

81 372 242 427 quidem
278 373 326 414 ad
364 389 449 425 nos,
484 375 630 417 deiude
665 378 949 419 communiter.

81 546 162 578 hacc
184 547 372 588 explicavit.
395 550 548 582 Mosei-us
581 551 696 592 Symb.
732 553 813 585 Crit.
846 554 944 585 VIII.
966 541 970 588 l
992 556 1194 596 comparavit
1225 566 1241 587 c
1278 556 1385 588 Plauti
1422 557 1513 588 Men.
1548 556 1588 588 V.
1621 557 1649 592 ss,
1685 558 1725 585 (50
1756 566 1855 597 unqu&

82 612 113 643 p.
135 603 175 634 22
190 613 290 644 pares
310 615 409 646 aeque
431 606 515 636 inter
537 617 570 638 se
593 608 828 649 explicandum
853 616 945 650 putat
966 593 969 636 l
992 608 1080 639 ambo
1099 619 1206 648 pares·

83 665 100 687 e
120 656 283 688 sermonis
305 657 478 690 familiaris
501 661 645 700 quadam
665 663 895 701 redundantia,
912 670 945 694 et

641 791 769 833 XJJJ.
805 806 840 832 ο.
907 793 973 846 (A.
1015 793 1060 834 U.
1099 794 1140 833 C.
1180 793 1298 847 710.)

152 914 190 954 1.
236 914 365 955 Avide
408 921 523 957 tuum
569 918 781 959 consilium
827 923 1028 973 exspecto.
1078 919 1230 969 Timeo,
1279 935 1326 960 ne
1372 918 1514 969 absim,
1561 934 1685 974 quum
1720 919 1857 960 adesse

86 1001 147 1028 me
196 987 249 1029 sit
291 987 522 1032 honestius:
567 997 719 1033 temere
766 993 900 1034 venire
934 1007 1016 1033 non
1050 992 1193 1034 audeo.
1246 992 1306 1033 De
1341 993 1512 1033 Antonii
1544 991 1758 1034 itineribus
1793 1008 1859 1033 ne-

86 1060 169 1102 scio
217 1061 315 1116 quid
359 1063 474 1105 aliter
518 1064 653 1115 audio,
699 1070 819 1121 atque
860 1070 908 1106 ut
953 1064 1004 1105 ad
1038 1069 1077 1106 te
1112 1064 1352 1106 scribebam.
1403 1065 1551 1106 Omnia
1582 1065 1708 1119 igitur
1741 1065 1858 1106 velim

91 1133 265 1190 explices
298 1140 339 1177 et
371 1136 421 1178 ad
455 1153 518 1179 me
552 1143 660 1180 certa
704 1138 856 1180 mittas.
893 1141 933 1179 2.
968 1139 1029 1180 De
1062 1138 1216 1194 reliquo
1251 1138 1348 1194 quid
1381 1137 1458 1179 tibi
1492 1153 1565 1193 ego
1597 1138 1754 1179 dicam?
1788 1139 1861 1178 Ar-
1902 1152 1916 1175 ε»

92 1207 166 1249 deo
211 1207 347 1251 studio
391 1209 581 1252 historiae
628 1236 684 1240 —
719 1210 1012 1252 incredibiliter
1045 1211 1152 1252 enim
1185 1226 1248 1252 me
1282 1216 1506 1252 commovet
1536 1215 1608 1251 tua
1640 1209 1862 1251 cohortatio

93 1305 165 1333 —,
200 1297 301 1337 quae
337 1283 498 1339 quidem
535 1300 608 1326 nec
642 1285 804 1326 institui
836 1300 911 1326 nec
945 1285 1048 1326 effici
1081 1290 1213 1340 potest
1247 1285 1332 1326 sine
1364 1290 1436 1326 tua
1470 1300 1558 1340 ope.
1613 1283 1756 1325 Coram
1788 1283 1865 1337 igi-

90 1359 158 1396 tur
198 1355 274 1397 hoc
321 1356 486 1412 quidem
535 1357 801 1399 conferemus.
859 1358 909 1399 In
954 1358 1181 1413 praesentia
1227 1357 1328 1398 mihi
1362 1357 1480 1398 velim
1514 1355 1678 1406 scribas,
1713 1354 1862 1411 quibus

91 1429 325 1471 consulibus
360 1430 406 1472 C.
441 1431 622 1473 Fannius
657 1431 717 1473 M.
753 1432 799 1473 F.
833 1431 1024 1473 tribunus
1060 1431 1115 1486 pl.
1152 1431 1287 1472 fuerit.
1323 1430 1474 1472 Videor
1508 1429 1608 1471 mihi
1632 1429 1790 1470 audisse
1814 1429 1861 1470 P.

93 1503 298 1556 Africano,
345 1505 393 1546 L.
443 1505 642 1547 Mummio
685 1505 964 1560 (censoribus).
1014 1505 1062 1546 Id
1103 1505 1228 1560 igitur
1273 1519 1435 1560 quaero.
1479 1505 1541 1545 Tu
1586 1503 1686 1544 mibi
1731 1503 1779 1543 de
1813 1503 1863 1543 iis
1890 1519 1918 1544 ιο

93 1575 228 1628 rebus,
264 1592 365 1634 quae
399 1584 614 1630 novantur,
649 1579 784 1621 omnia
817 1584 939 1630 certa,
975 1578 1094 1620 clara.
1131 1592 1198 1620 111.
1233 1578 1297 1620 Id.
1333 1593 1380 1619 ex
1415 1578 1619 1633 Arpinati.

136 1753 174 1784 10
199 1752 349 1787 Mummio
371 1756 552 1788 censoribus
579 1775 620 1781 —-

133 1917 153 1957 ς
176 1917 205 1948 l.
232 1915 357 1947 Temere
380 1915 486 1947 venire
504 1926 565 1947 non
577 1915 690 1946 audeo.
715 1915 869 1946 Primum
882 1925 956 1946 voc.
983 1938 986 1954 ,
1006 1923 1082 1944 cum
1103 1914 1143 1945 L.
1167 1913 1334 1944 Mummio
1355 1913 1526 1944 consulem
1549 1912 1658 1949 fuisse,
1692 1912 1749 1943 sed
1779 1921 1807 1942 a.
1835 1922 1867 1942 u.

93 1980 113 2001 a
135 1969 236 2001 Bosio
258 1975 416 2011 tanquam
441 1979 458 2000 e
475 1969 547 2000 cod.
565 1969 742 2010 prolatum,
757 1969 813 2010 qui
830 1978 847 2000 e
860 1969 958 1999 Lam-
983 1955 1068 2025 :512
1091 1976 1147 1998 eos
1169 1966 1315 2006 collegas
1339 1964 1439 1996 fuisse
1461 1965 1494 1995 iu
1511 1974 1659 1996 censura.
1683 1963 1707 1995 C
1713 1964 1799 1994 icero
1811 1973 1868 2004 pu-

97 2026 166 2056 bini
195 2035 359 2057 consensu
393 2025 641 2056 Tornaesianus
672 2024 775 2055 fuisse
805 2025 955 2062 videtur,
984 2020 1098 2051 :tabat
1129 2029 1163 2051 se
1199 2019 1376 2059 aliquando
1411 2018 1530 2058 legisse
1560 2016 1596 2048 C.
1620 2016 1798 2053 Fannium,
1829 2018 1867 2047 (ζ

95 2079 162 2111 non
187 2079 411 2110 abiiciendum
434 2084 483 2110 est
504 2084 677 2120 propterea
698 2079 786 2120 quod
809 2078 843 2109 in
867 2078 957 2110 Med,
1005 2072 1114 2103 Laelii
1137 2081 1306 2113 generum,
1330 2071 1389 2101 illo
1413 2076 1559 2110 tempore
1578 2070 1679 2100 fuisse
1695 2070 1867 2100 tribunum

94 2133 165 2165 eius
187 2133 260 2165 loco
283 2133 442 2174 scriptum
466 2137 515 2164 est
537 2132 657 2170 timere,
682 2132 783 2173 idque
799 2132 888 2164 linea
900 2143 956 2164 no·
982 2131 985 2174 ᾗ
1004 2128 1121 2168 plebis,
1145 2128 1202 2159 sed
1225 2126 1352 2168 quaerit
1375 2136 1464 2156 nunc
1487 2134 1530 2156 ex
1551 2125 1676 2162 Attico,
1711 2124 1744 2154 in
1768 2133 1866 2164 quem

93 2192 208 2219 tatum.
232 2187 365 2225 Moneo,
390 2195 432 2218 ne
447 2186 521 2227 quis
537 2186 671 2218 Moser-0
683 2185 745 2217 hae
761 2186 795 2217 in
809 2196 844 2217 re
856 2185 956 2217 fidem
981 2200 984 2236 ἐ
1006 2191 1131 2212 annum
1155 2180 1238 2211 illud
1261 2180 1394 2210 ineidat.
1417 2177 1510 2210 Scire
1533 2178 1675 2216 volebat,
1688 2178 1764 2218 quia
1778 2177 1867 2208 Fan-

94 2241 224 2279 habeat‚
248 2241 335 2272 illud
357 2239 483 2272 delenti
505 2239 620 2280 Symb.
645 2238 725 2271 Crit.
752 2239 834 2270 VII.
858 2250 887 2280 p.
906 2239 956 2270 18.
981 2237 984 2296 ι
1006 2235 1055 2266 nii
1076 2244 1217 2276 persona
1238 2234 1394 2265 utebatur
1417 2233 1450 2264 in
1474 2233 1608 2272 dialogo
1639 2233 1679 2263 de
1710 2231 1866 2268 amicitia,

134 2292 319 2325 Scribebam.
341 2293 406 2334 Ep.
428 2293 478 2330 10,
502 2292 530 2323 1.
981 2308 984 2321 ·
1005 2300 1105 2332 quem
1135 2296 1206 2322 tum
1238 2290 1346 2331 ipsum
1380 2289 1554 2320 scribebat.
1587 2287 1865 2328 lVesenbei-gium

136 2348 154 2386 ᾗ
179 2347 208 2378 2.
233 2346 272 2378 In
289 2347 488 2388 praesentia.
512 2345 562 2378 Cf.
586 2346 628 2377 ad
652 2345 734 2377 VII.
758 2346 808 2383 14,
833 2345 861 2376 1.
982 2325 984 2351 l
1005 2344 1146 2375 Emend.
1170 2354 1200 2384 p.
1226 2343 1286 2374 119
1309 2352 1375 2383 seq.
1400 2342 1433 2372 ἰιι
1456 2341 1507 2372 his
1530 2341 1639 2372 verbis
1661 2341 1863 2372 constituen-

143 2398 257 2431 Videor
279 2399 355 2430 mihi
377 2398 505 2430 audisse
537 2398 575 2429 P.
597 2398 766 2438 Africano,
796 2397 831 2428 L.
855 2397 954 2428 Mum·
982 2412 983 2428 l
1004 2398 1054 2429 dis
1078 2407 1203 2429 errasse
1226 2406 1356 2428 censeo.

94 2454 154 2484 mio
177 2452 397 2494 (censoribus).
421 2452 588 2483 Ultimum
611 2451 810 2482 vocabulum
833 2451 956 2482 abesta
981 2458 983 2503 1
1049 2449 1137 2491 Quae
1160 2452 1326 2481 novantur.
1351 2449 1415 2481 Res
1440 2448 1554 2479 novari
1581 2448 1746 2485 dicuntur,
1763 2457 1862 2487 quum

95 2508 195 2545 Med„
218 2507 276 2539 sed
298 2506 522 2538 necessarium
545 2511 603 2543 est,
627 2506 717 2546 quod
736 2505 851 2537 Cicero
867 2510 955 2536 certe
981 2512 983 2543 ;
1004 2504 1052 2536 rei
1074 2504 1226 2546 publicae
1249 2508 1351 2534 status
1375 2508 1533 2533 mutatur.
1570 2501 1618 2531 (Ὺ.
1652 2501 1800 2531 Kritzins
1824 2501 1863 2530 ιιιΙ

94 2560 216 2592 sciebat
250 2559 290 2590 P.
323 2559 514 2600 Scipionem
548 2558 746 2589 Africanum
783 2567 953 2598 nunquam
981 2553 1074 2590 JSal.
1097 2558 1170 2590 Cat.
1193 2558 1242 2595 39,
1267 2558 1294 2587 3.

692 2676 813 2717 XIV.
879 2676 946 2728 (A.
987 2676 1033 2716 U.
1071 2677 1114 2716 C.
1152 2676 1269 2728 710.)

163 2809 202 2849 1.
237 2805 354 2848 Nihil
387 2809 472 2846 erat
504 2804 622 2860 plane
656 2803 763 2858 quod
798 2801 1027 2843 scriberem.
1080 2803 1186 2844 Nam
1221 2816 1344 2857 quum
1380 2799 1560 2841 Puteolis
1593 2812 1732 2846 essem,
1769 2811 1864 2850 quo-

97 2881 196 2922 tidie
241 2878 394 2935 a-liquid
440 2878 534 2919 novi
579 2877 628 2918 de
673 2876 910 2926 Octaviano,
945 2875 1073 2917 multa
1106 2876 1227 2917 etiam
1262 2874 1360 2915 falsa
1394 2873 1442 2913 dc
1478 2870 1670 2912 Antonio.
1721 2868 1784 2910 Ad
1819 2885 1863 2908 011

98 2958 246 3004 autem,
292 2968 392 3007 quae
439 2950 635 3006 scripsisti
678 2975 735 2979 —
781 2955 862 2990 tres
906 2949 1012 2990 enim
1060 2963 1289 3004 acceperam
1336 2960 1406 2988 111.
1454 2944 1551 2985 Idus
1595 2959 1615 2984 a
1648 2952 1686 2984 tc
1720 2943 1865 2997 episto-

140 3142 158 3182 ξ
183 3141 211 3172 1.
236 3139 340 3170 JIulla
363 3140 456 3170 eliam
470 3138 564 3179 fill-51⁴
587 3137 627 3168 de
651 3135 789 3167 Antonio
811 3146 844 3166 sc
884 3134 958 3165 affe·
1005 3132 1093 3163 eidat
1116 3133 1148 3163 in
1174 3132 1294 3163 lim-hii
1318 3140 1470 3166 errorem,
1495 3129 1551 3168 qni
1573 3136 1675 3168 quum
1702 3124 1865 3165 suppleret

100 3195 255 3226 rebantur
277 3194 330 3225 vel
354 3193 540 3224 muliebam.
575 3191 708 3226 Moneo,
733 3199 775 3220 ne
804 3190 878 3230 quis
913 3189 958 3218 in·
1005 3186 1128 3225 ser-ipsi,
1165 3197 1230 3216 uon
1265 3185 1338 3214 tulit
1377 3184 1470 3219 falsa.
1505 3183 1606 3221 iisque
1637 3180 1721 3210 male
1754 3189 1866 3218 suppo-

162 3250 220 3291 Il.
1627 3239 1645 3274 :3
1666 3244 1681 3274 i-
