<?xml version="1.0" encoding="UTF-8"?>
<!DOCTYPE html PUBLIC "-//W3C//DTD XHTML 1.0 Transitional//EN"
    "http://www.w3.org/TR/xhtml1/DTD/xhtml1-transitional.dtd">
<html xmlns="http://www.w3.org/1999/xhtml" xml:lang="en" lang="en">
 <head>
  <title>
</title>
<meta http-equiv="Content-Type" content="text/html;charset=utf-8" />
  <meta name='ocr-system' content='tesseract 3.04.00' />
  <meta name='ocr-capabilities' content='ocr_page ocr_carea ocr_par ocr_line ocrx_word'/>
</head>
<body>
  <div class='ocr_page' id='page_1' title='image "./epistolarumadtpo02ciceuoft_0039.png"; bbox 0 0 2062 3565; ppageno 0'>
   <div class='ocr_carea' id='block_1_1' title="bbox 654 158 1039 202">
    <p class='ocr_par' dir='ltr' id='par_1_1' title="bbox 654 158 1039 202">
     <span class='ocr_line' id='line_1_1' title="bbox 654 158 1039 202; baseline -0.003 -1"><span class='ocrx_word' id='word_1_1' title='bbox 654 159 759 202; x_wconf 88' lang='lat' dir='ltr'>LIB.</span> <span class='ocrx_word' id='word_1_2' title='bbox 798 158 917 202; x_wconf 80' lang='lat' dir='ltr'>vm.</span> <span class='ocrx_word' id='word_1_3' title='bbox 955 158 1039 201; x_wconf 84' lang='grc' dir='ltr'><strong>ΕΡ.</strong></span> 
     </span>
    </p>
   </div>
   <div class='ocr_carea' id='block_1_2' title="bbox 1792 155 1846 193">
    <p class='ocr_par' dir='ltr' id='par_1_2' title="bbox 1792 155 1846 193">
     <span class='ocr_line' id='line_1_2' title="bbox 1792 155 1846 193; baseline -0.056 0"><span class='ocrx_word' id='word_1_4' title='bbox 1792 155 1811 193; x_wconf 70' lang='lat'>:2</span> <span class='ocrx_word' id='word_1_5' title='bbox 1823 158 1846 190; x_wconf 60' lang='lat' dir='ltr'>a</span> 
     </span>
    </p>
   </div>
   <div class='ocr_carea' id='block_1_3' title="bbox 64 159 1904 717">
    <p class='ocr_par' dir='ltr' id='par_1_3' title="bbox 64 159 1904 717">
     <span class='ocr_line' id='line_1_3' title="bbox 1082 159 1258 199; baseline -0.011 0"><span class='ocrx_word' id='word_1_6' title='bbox 1082 161 1097 199; x_wconf 86' lang='grc'>,1</span> <span class='ocrx_word' id='word_1_7' title='bbox 1114 160 1148 199; x_wconf 91' lang='lat'>1.</span> <span class='ocrx_word' id='word_1_8' title='bbox 1190 159 1258 198; x_wconf 70' lang='lat'>152.</span> 
     </span>
     <span class='ocr_line' id='line_1_4' title="bbox 64 287 1847 350; baseline -0.003 -16"><span class='ocrx_word' id='word_1_9' title='bbox 64 308 192 348; x_wconf 84' lang='lat' dir='ltr'>neque</span> <span class='ocrx_word' id='word_1_10' title='bbox 240 293 347 334; x_wconf 89' lang='grc'><strong>0111111</strong></span> <span class='ocrx_word' id='word_1_11' title='bbox 397 310 470 350; x_wconf 80' lang='lat' dir='ltr'>ego</span> <span class='ocrx_word' id='word_1_12' title='bbox 515 295 679 337; x_wconf 82' lang='lat' dir='ltr'>amicior</span> <span class='ocrx_word' id='word_1_13' title='bbox 730 296 777 337; x_wconf 88' lang='lat' dir='ltr'>C.</span> <span class='ocrx_word' id='word_1_14' title='bbox 822 294 982 337; x_wconf 79' lang='lat' dir='ltr'>Caesari</span> <span class='ocrx_word' id='word_1_15' title='bbox 1035 308 1211 349; x_wconf 87' lang='lat' dir='ltr'>unquam</span> <span class='ocrx_word' id='word_1_16' title='bbox 1256 292 1314 334; x_wconf 86' lang='lat' dir='ltr'>fui</span> <span class='ocrx_word' id='word_1_17' title='bbox 1359 306 1480 348; x_wconf 88' lang='lat' dir='ltr'>quam</span> <span class='ocrx_word' id='word_1_18' title='bbox 1517 290 1591 342; x_wconf 91' lang='lat' dir='ltr'>illi,</span> <span class='ocrx_word' id='word_1_19' title='bbox 1627 303 1756 344; x_wconf 86' lang='lat' dir='ltr'>neque</span> <span class='ocrx_word' id='word_1_20' title='bbox 1789 287 1847 329; x_wconf 90' lang='lat' dir='ltr'>illi</span> 
     </span>
     <span class='ocr_line' id='line_1_5' title="bbox 64 360 1846 424; baseline -0.004 -16"><span class='ocrx_word' id='word_1_21' title='bbox 64 366 272 409; x_wconf 81' lang='lat' dir='ltr'>amiciores</span> <span class='ocrx_word' id='word_1_22' title='bbox 319 367 375 408; x_wconf 88' lang='lat' dir='ltr'>rei</span> <span class='ocrx_word' id='word_1_23' title='bbox 420 367 605 423; x_wconf 87' lang='lat' dir='ltr'>publicae</span> <span class='ocrx_word' id='word_1_24' title='bbox 652 384 772 424; x_wconf 85' lang='lat' dir='ltr'>quam</span> <span class='ocrx_word' id='word_1_25' title='bbox 819 382 907 423; x_wconf 87' lang='lat' dir='ltr'>ego.</span> <span class='ocrx_word' id='word_1_26' title='bbox 958 367 1048 409; x_wconf 79' lang='lat' dir='ltr'>Hoc</span> <span class='ocrx_word' id='word_1_27' title='bbox 1091 367 1196 408; x_wconf 88' lang='lat' dir='ltr'>inter</span> <span class='ocrx_word' id='word_1_28' title='bbox 1229 381 1290 407; x_wconf 92' lang='lat' dir='ltr'>me</span> <span class='ocrx_word' id='word_1_29' title='bbox 1324 370 1365 407; x_wconf 88' lang='lat' dir='ltr'>et</span> <span class='ocrx_word' id='word_1_30' title='bbox 1397 364 1488 406; x_wconf 89' lang='lat' dir='ltr'>illos</span> <span class='ocrx_word' id='word_1_31' title='bbox 1522 364 1705 412; x_wconf 87' lang='lat' dir='ltr'>interest,</span> <span class='ocrx_word' id='word_1_32' title='bbox 1740 360 1846 416; x_wconf 85' lang='lat' dir='ltr'>quod</span> 
     </span>
     <span class='ocr_line' id='line_1_6' title="bbox 64 437 1849 498; baseline -0.003 -17"><span class='ocrx_word' id='word_1_33' title='bbox 64 454 190 495; x_wconf 89' lang='lat' dir='ltr'>quum</span> <span class='ocrx_word' id='word_1_34' title='bbox 223 446 264 482; x_wconf 89' lang='lat' dir='ltr'>et</span> <span class='ocrx_word' id='word_1_35' title='bbox 295 440 356 482; x_wconf 90' lang='lat' dir='ltr'>illi</span> <span class='ocrx_word' id='word_1_36' title='bbox 389 441 496 483; x_wconf 88' lang='lat' dir='ltr'>cives</span> <span class='ocrx_word' id='word_1_37' title='bbox 530 442 672 498; x_wconf 87' lang='lat' dir='ltr'>optimi</span> <span class='ocrx_word' id='word_1_38' title='bbox 707 442 789 483; x_wconf 88' lang='lat' dir='ltr'>sint</span> <span class='ocrx_word' id='word_1_39' title='bbox 821 447 861 483; x_wconf 88' lang='lat' dir='ltr'>et</span> <span class='ocrx_word' id='word_1_40' title='bbox 893 455 967 496; x_wconf 87' lang='lat' dir='ltr'>ego</span> <span class='ocrx_word' id='word_1_41' title='bbox 1000 440 1050 482; x_wconf 86' lang='lat' dir='ltr'>ab</span> <span class='ocrx_word' id='word_1_42' title='bbox 1084 441 1162 482; x_wconf 87' lang='lat' dir='ltr'>ista</span> <span class='ocrx_word' id='word_1_43' title='bbox 1194 439 1313 481; x_wconf 89' lang='lat' dir='ltr'>laude</span> <span class='ocrx_word' id='word_1_44' title='bbox 1347 454 1428 480; x_wconf 90' lang='grc'><strong>11011</strong></span> <span class='ocrx_word' id='word_1_45' title='bbox 1470 437 1614 486; x_wconf 88' lang='lat' dir='ltr'>absim,</span> <span class='ocrx_word' id='word_1_46' title='bbox 1649 451 1723 491; x_wconf 86' lang='lat' dir='ltr'>ego</span> <span class='ocrx_word' id='word_1_47' title='bbox 1756 450 1849 476; x_wconf 84' lang='lat' dir='ltr'>con-</span> 
     </span>
     <span class='ocr_line' id='line_1_7' title="bbox 64 509 1852 569; baseline -0.002 -16"><span class='ocrx_word' id='word_1_48' title='bbox 64 511 302 566; x_wconf 89' lang='lat' dir='ltr'>ditionibus,</span> <span class='ocrx_word' id='word_1_49' title='bbox 353 514 459 569; x_wconf 89' lang='lat' dir='ltr'>quod</span> <span class='ocrx_word' id='word_1_50' title='bbox 509 514 617 555; x_wconf 87' lang='lat' dir='ltr'>idem</span> <span class='ocrx_word' id='word_1_51' title='bbox 662 519 700 555; x_wconf 89' lang='lat' dir='ltr'>te</span> <span class='ocrx_word' id='word_1_52' title='bbox 736 514 1010 556; x_wconf 74' lang='lat' dir='ltr'>intellexeram</span> <span class='ocrx_word' id='word_1_53' title='bbox 1055 513 1170 565; x_wconf 84' lang='lat' dir='ltr'>velle,</span> <span class='ocrx_word' id='word_1_54' title='bbox 1205 513 1263 554; x_wconf 85' lang='lat' dir='ltr'>illi</span> <span class='ocrx_word' id='word_1_55' title='bbox 1298 512 1418 554; x_wconf 82' lang='lat' dir='ltr'>armis</span> <span class='ocrx_word' id='word_1_56' title='bbox 1452 510 1668 566; x_wconf 78' lang='lat' dir='ltr'>disceptari</span> <span class='ocrx_word' id='word_1_57' title='bbox 1704 509 1852 550; x_wconf 89' lang='lat' dir='ltr'>malue-</span> 
     </span>
     <span class='ocr_line' id='line_1_8' title="bbox 65 582 1904 643; baseline -0.004 -15"><span class='ocrx_word' id='word_1_58' title='bbox 65 592 174 628; x_wconf 89' lang='lat' dir='ltr'>runt.</span> <span class='ocrx_word' id='word_1_59' title='bbox 229 587 344 639; x_wconf 78' lang='lat' dir='ltr'>Quae</span> <span class='ocrx_word' id='word_1_60' title='bbox 378 589 568 643; x_wconf 85' lang='lat' dir='ltr'>quoniam</span> <span class='ocrx_word' id='word_1_61' title='bbox 603 588 705 630; x_wconf 86' lang='lat' dir='ltr'>ratio</span> <span class='ocrx_word' id='word_1_62' title='bbox 741 588 850 639; x_wconf 87' lang='lat' dir='ltr'>vicit,</span> <span class='ocrx_word' id='word_1_63' title='bbox 885 587 1086 643; x_wconf 85' lang='lat' dir='ltr'>perficiam</span> <span class='ocrx_word' id='word_1_64' title='bbox 1122 586 1313 642; x_wconf 84' lang='lat' dir='ltr'>profecto,</span> <span class='ocrx_word' id='word_1_65' title='bbox 1349 590 1394 627; x_wconf 89' lang='lat' dir='ltr'>ut</span> <span class='ocrx_word' id='word_1_66' title='bbox 1428 599 1557 639; x_wconf 89' lang='lat' dir='ltr'>neque</span> <span class='ocrx_word' id='word_1_67' title='bbox 1593 599 1656 625; x_wconf 86' lang='lat' dir='ltr'>res</span> <span class='ocrx_word' id='word_1_68' title='bbox 1688 582 1849 639; x_wconf 77' lang='lat' dir='ltr'>publica</span> <span class='ocrx_word' id='word_1_69' title='bbox 1891 595 1904 620; x_wconf 85' lang='lat'><strong>5</strong></span> 
     </span>
     <span class='ocr_line' id='line_1_9' title="bbox 66 655 1181 717; baseline 0 -16"><span class='ocrx_word' id='word_1_70' title='bbox 66 655 164 701; x_wconf 78' lang='lat' dir='ltr'>civis</span> <span class='ocrx_word' id='word_1_71' title='bbox 199 675 220 702; x_wconf 85' lang='lat' dir='ltr'>a</span> <span class='ocrx_word' id='word_1_72' title='bbox 254 676 317 703; x_wconf 80' lang='lat' dir='ltr'>ine</span> <span class='ocrx_word' id='word_1_73' title='bbox 351 663 530 704; x_wconf 87' lang='lat' dir='ltr'>animum</span> <span class='ocrx_word' id='word_1_74' title='bbox 564 677 695 717; x_wconf 90' lang='lat' dir='ltr'>neque</span> <span class='ocrx_word' id='word_1_75' title='bbox 730 667 774 704; x_wconf 91' lang='lat' dir='ltr'>tu</span> <span class='ocrx_word' id='word_1_76' title='bbox 809 662 927 703; x_wconf 80' lang='lat' dir='ltr'>amici</span> <span class='ocrx_word' id='word_1_77' title='bbox 962 660 1181 702; x_wconf 76' lang='lat' dir='ltr'>desideres.</span> 
     </span>
    </p>
   </div>
   <div class='ocr_carea' id='block_1_4' title="bbox 670 798 1237 852">
    <p class='ocr_par' dir='ltr' id='par_1_4' title="bbox 670 798 1237 852">
     <span class='ocr_line' id='line_1_10' title="bbox 670 798 1237 852; baseline -0.009 -10"><span class='ocrx_word' id='word_1_78' title='bbox 670 799 773 842; x_wconf 83' lang='lat' dir='ltr'>XII.</span> <span class='ocrx_word' id='word_1_79' title='bbox 843 800 907 852; x_wconf 73' lang='lat' dir='ltr'>(A.</span> <span class='ocrx_word' id='word_1_80' title='bbox 952 798 997 839; x_wconf 82' lang='lat' dir='ltr'>U.</span> <span class='ocrx_word' id='word_1_81' title='bbox 1036 799 1077 839; x_wconf 86' lang='lat' dir='ltr'>C.</span> <span class='ocrx_word' id='word_1_82' title='bbox 1119 798 1237 851; x_wconf 83' lang='lat'>705.)</span> 
     </span>
    </p>
   </div>
   <div class='ocr_carea' id='block_1_5' title="bbox 72 924 1909 1717">
    <p class='ocr_par' dir='ltr' id='par_1_5' title="bbox 72 924 1909 1717">
     <span class='ocr_line' id='line_1_11' title="bbox 134 924 1852 982; baseline -0.002 -16"><span class='ocrx_word' id='word_1_83' title='bbox 134 927 173 967; x_wconf 85' lang='lat'>1.</span> <span class='ocrx_word' id='word_1_84' title='bbox 207 925 312 967; x_wconf 87' lang='lat' dir='ltr'>Mihi</span> <span class='ocrx_word' id='word_1_85' title='bbox 345 926 552 968; x_wconf 83' lang='lat' dir='ltr'>molestior</span> <span class='ocrx_word' id='word_1_86' title='bbox 586 926 789 982; x_wconf 73' lang='lat' dir='ltr'>lippitudo</span> <span class='ocrx_word' id='word_1_87' title='bbox 823 930 910 967; x_wconf 82' lang='lat' dir='ltr'>erat</span> <span class='ocrx_word' id='word_1_88' title='bbox 927 924 1062 977; x_wconf 85' lang='lat' dir='ltr'>etiam,</span> <span class='ocrx_word' id='word_1_89' title='bbox 1093 939 1213 980; x_wconf 85' lang='lat' dir='ltr'>quam</span> <span class='ocrx_word' id='word_1_90' title='bbox 1240 931 1332 966; x_wconf 86' lang='lat' dir='ltr'>ante</span> <span class='ocrx_word' id='word_1_91' title='bbox 1350 924 1496 966; x_wconf 85' lang='lat' dir='ltr'>fuerat.</span> <span class='ocrx_word' id='word_1_92' title='bbox 1532 925 1694 967; x_wconf 84' lang='lat' dir='ltr'>Dictare</span> <span class='ocrx_word' id='word_1_93' title='bbox 1718 934 1852 965; x_wconf 86' lang='lat' dir='ltr'>tamen</span> 
     </span>
     <span class='ocr_line' id='line_1_12' title="bbox 72 997 1851 1054; baseline -0.002 -14"><span class='ocrx_word' id='word_1_94' title='bbox 72 998 175 1041; x_wconf 84' lang='lat' dir='ltr'>hane</span> <span class='ocrx_word' id='word_1_95' title='bbox 209 1000 419 1054; x_wconf 85' lang='lat' dir='ltr'>epistolam</span> <span class='ocrx_word' id='word_1_96' title='bbox 455 1000 579 1042; x_wconf 84' lang='lat' dir='ltr'>malui</span> <span class='ocrx_word' id='word_1_97' title='bbox 613 1015 734 1054; x_wconf 86' lang='lat' dir='ltr'>quam</span> <span class='ocrx_word' id='word_1_98' title='bbox 768 999 889 1041; x_wconf 87' lang='lat' dir='ltr'>Gallo</span> <span class='ocrx_word' id='word_1_99' title='bbox 922 997 1062 1049; x_wconf 79' lang='lat' dir='ltr'>Fabio,</span> <span class='ocrx_word' id='word_1_100' title='bbox 1098 998 1375 1040; x_wconf 87' lang='lat' dir='ltr'>amantissimo</span> <span class='ocrx_word' id='word_1_101' title='bbox 1409 998 1620 1053; x_wconf 85' lang='lat' dir='ltr'>utriusque</span> <span class='ocrx_word' id='word_1_102' title='bbox 1653 1004 1851 1048; x_wconf 87' lang='lat' dir='ltr'>nostrum,</span> 
     </span>
     <span class='ocr_line' id='line_1_13' title="bbox 74 1070 1852 1145; baseline -0.001 -31"><span class='ocrx_word' id='word_1_103' title='bbox 74 1071 176 1114; x_wconf 88' lang='lat' dir='ltr'>nihil</span> <span class='ocrx_word' id='word_1_104' title='bbox 211 1072 260 1114; x_wconf 90' lang='lat' dir='ltr'>ad</span> <span class='ocrx_word' id='word_1_105' title='bbox 293 1078 333 1114; x_wconf 87' lang='lat' dir='ltr'>te</span> <span class='ocrx_word' id='word_1_106' title='bbox 366 1073 574 1115; x_wconf 86' lang='lat' dir='ltr'>literarum</span> <span class='ocrx_word' id='word_1_107' title='bbox 616 1073 724 1114; x_wconf 82' lang='lat' dir='ltr'>dare.</span> <span class='ocrx_word' id='word_1_108' title='bbox 770 1073 878 1114; x_wconf 86' lang='lat' dir='ltr'>Nam</span> <span class='ocrx_word' id='word_1_109' title='bbox 912 1070 1043 1145; x_wconf 53' lang='lat' dir='ltr'>pridie</span> <span class='ocrx_word' id='word_1_110' title='bbox 1075 1071 1242 1126; x_wconf 88' lang='lat' dir='ltr'>quidem</span> <span class='ocrx_word' id='word_1_111' title='bbox 1276 1085 1439 1126; x_wconf 91' lang='lat' dir='ltr'>quoquo</span> <span class='ocrx_word' id='word_1_112' title='bbox 1473 1071 1595 1113; x_wconf 89' lang='lat' dir='ltr'>modo</span> <span class='ocrx_word' id='word_1_113' title='bbox 1628 1077 1852 1128; x_wconf 84' lang='lat' dir='ltr'>potueram,</span> 
     </span>
     <span class='ocr_line' id='line_1_14' title="bbox 75 1144 1909 1203; baseline -0.002 -15"><span class='ocrx_word' id='word_1_114' title='bbox 75 1147 309 1203; x_wconf 81' lang='lat' dir='ltr'>scripseram</span> <span class='ocrx_word' id='word_1_115' title='bbox 355 1147 440 1202; x_wconf 90' lang='lat' dir='ltr'>ipse</span> <span class='ocrx_word' id='word_1_116' title='bbox 490 1162 556 1188; x_wconf 88' lang='lat' dir='ltr'>eas</span> <span class='ocrx_word' id='word_1_117' title='bbox 600 1147 752 1197; x_wconf 83' lang='lat' dir='ltr'>literas,</span> <span class='ocrx_word' id='word_1_118' title='bbox 797 1161 967 1201; x_wconf 87' lang='lat' dir='ltr'>quarum</span> <span class='ocrx_word' id='word_1_119' title='bbox 1014 1145 1344 1187; x_wconf 84' lang='lat' dir='ltr'>vaticinationem</span> <span class='ocrx_word' id='word_1_120' title='bbox 1392 1144 1534 1187; x_wconf 85' lang='lat' dir='ltr'>falsam</span> <span class='ocrx_word' id='word_1_121' title='bbox 1585 1161 1669 1187; x_wconf 87' lang='lat' dir='ltr'>esse</span> <span class='ocrx_word' id='word_1_122' title='bbox 1719 1145 1853 1201; x_wconf 84' lang='lat' dir='ltr'>cupio.</span> <span class='ocrx_word' id='word_1_123' title='bbox 1896 1160 1909 1184; x_wconf 74' lang='grc' dir='ltr'>ε.</span> 
     </span>
     <span class='ocr_line' id='line_1_15' title="bbox 77 1219 1856 1275; baseline -0.002 -13"><span class='ocrx_word' id='word_1_124' title='bbox 77 1220 213 1262; x_wconf 89' lang='lat' dir='ltr'>Huius</span> <span class='ocrx_word' id='word_1_125' title='bbox 256 1226 392 1262; x_wconf 88' lang='lat' dir='ltr'>autem</span> <span class='ocrx_word' id='word_1_126' title='bbox 436 1220 629 1275; x_wconf 87' lang='lat' dir='ltr'>epistolae</span> <span class='ocrx_word' id='word_1_127' title='bbox 666 1234 747 1261; x_wconf 89' lang='lat' dir='ltr'>non</span> <span class='ocrx_word' id='word_1_128' title='bbox 794 1219 924 1261; x_wconf 90' lang='lat' dir='ltr'>solum</span> <span class='ocrx_word' id='word_1_129' title='bbox 965 1234 1011 1260; x_wconf 86' lang='lat' dir='ltr'>ea</span> <span class='ocrx_word' id='word_1_130' title='bbox 1052 1233 1173 1260; x_wconf 86' lang='lat' dir='ltr'>causa</span> <span class='ocrx_word' id='word_1_131' title='bbox 1213 1224 1287 1268; x_wconf 88' lang='lat' dir='ltr'>est,</span> <span class='ocrx_word' id='word_1_132' title='bbox 1330 1224 1377 1259; x_wconf 89' lang='lat' dir='ltr'>ut</span> <span class='ocrx_word' id='word_1_133' title='bbox 1410 1234 1460 1260; x_wconf 89' lang='lat' dir='ltr'>ne</span> <span class='ocrx_word' id='word_1_134' title='bbox 1494 1219 1584 1274; x_wconf 89' lang='lat' dir='ltr'>quis</span> <span class='ocrx_word' id='word_1_135' title='bbox 1618 1234 1641 1260; x_wconf 87' lang='lat' dir='ltr'>a</span> <span class='ocrx_word' id='word_1_136' title='bbox 1674 1234 1736 1259; x_wconf 88' lang='lat' dir='ltr'>me</span> <span class='ocrx_word' id='word_1_137' title='bbox 1771 1219 1856 1259; x_wconf 86' lang='lat' dir='ltr'>dies</span> 
     </span>
     <span class='ocr_line' id='line_1_16' title="bbox 76 1291 1856 1350; baseline -0.001 -16"><span class='ocrx_word' id='word_1_138' title='bbox 76 1293 366 1336; x_wconf 81' lang='lat' dir='ltr'>intermittatur</span> <span class='ocrx_word' id='word_1_139' title='bbox 406 1295 505 1350; x_wconf 90' lang='lat' dir='ltr'>quin</span> <span class='ocrx_word' id='word_1_140' title='bbox 546 1293 637 1335; x_wconf 89' lang='lat' dir='ltr'>dem</span> <span class='ocrx_word' id='word_1_141' title='bbox 678 1293 728 1335; x_wconf 87' lang='lat' dir='ltr'>ad</span> <span class='ocrx_word' id='word_1_142' title='bbox 778 1299 817 1334; x_wconf 88' lang='lat' dir='ltr'>te</span> <span class='ocrx_word' id='word_1_143' title='bbox 867 1293 1017 1343; x_wconf 85' lang='lat' dir='ltr'>literas,</span> <span class='ocrx_word' id='word_1_144' title='bbox 1061 1291 1129 1333; x_wconf 84' lang='lat' dir='ltr'>sed</span> <span class='ocrx_word' id='word_1_145' title='bbox 1188 1293 1309 1333; x_wconf 84' lang='lat' dir='ltr'>etiam</span> <span class='ocrx_word' id='word_1_146' title='bbox 1352 1291 1449 1332; x_wconf 83' lang='lat' dir='ltr'>haee</span> <span class='ocrx_word' id='word_1_147' title='bbox 1490 1292 1647 1343; x_wconf 87' lang='lat' dir='ltr'>iustior,</span> <span class='ocrx_word' id='word_1_148' title='bbox 1682 1298 1729 1333; x_wconf 89' lang='lat' dir='ltr'>ut</span> <span class='ocrx_word' id='word_1_149' title='bbox 1762 1306 1784 1332; x_wconf 83' lang='lat' dir='ltr'>a</span> <span class='ocrx_word' id='word_1_150' title='bbox 1816 1297 1856 1332; x_wconf 88' lang='lat' dir='ltr'>te</span> 
     </span>
     <span class='ocr_line' id='line_1_17' title="bbox 77 1365 1856 1423; baseline -0.002 -15"><span class='ocrx_word' id='word_1_151' title='bbox 77 1367 330 1423; x_wconf 83' lang='lat' dir='ltr'>impetrarem</span> <span class='ocrx_word' id='word_1_152' title='bbox 374 1374 421 1410; x_wconf 84' lang='lat' dir='ltr'>ut</span> <span class='ocrx_word' id='word_1_153' title='bbox 465 1383 639 1410; x_wconf 84' lang='lat' dir='ltr'>sumeres</span> <span class='ocrx_word' id='word_1_154' title='bbox 680 1367 833 1422; x_wconf 82' lang='lat' dir='ltr'>aliquid</span> <span class='ocrx_word' id='word_1_155' title='bbox 881 1367 1087 1422; x_wconf 85' lang='lat' dir='ltr'>temporis,</span> <span class='ocrx_word' id='word_1_156' title='bbox 1134 1381 1214 1422; x_wconf 90' lang='lat' dir='ltr'>quo</span> <span class='ocrx_word' id='word_1_157' title='bbox 1267 1366 1363 1421; x_wconf 88' lang='lat' dir='ltr'>quia</span> <span class='ocrx_word' id='word_1_158' title='bbox 1395 1365 1472 1407; x_wconf 85' lang='lat' dir='ltr'>tibi</span> <span class='ocrx_word' id='word_1_159' title='bbox 1506 1365 1722 1422; x_wconf 81' lang='lat' dir='ltr'>perexiguo</span> <span class='ocrx_word' id='word_1_160' title='bbox 1757 1380 1856 1420; x_wconf 90' lang='lat' dir='ltr'>opus</span> 
     </span>
     <span class='ocr_line' id='line_1_18' title="bbox 78 1438 1855 1497; baseline -0.001 -17"><span class='ocrx_word' id='word_1_161' title='bbox 78 1446 153 1492; x_wconf 87' lang='lat' dir='ltr'>est,</span> <span class='ocrx_word' id='word_1_162' title='bbox 187 1441 379 1497; x_wconf 82' lang='lat' dir='ltr'>explicari</span> <span class='ocrx_word' id='word_1_163' title='bbox 422 1441 522 1483; x_wconf 88' lang='lat' dir='ltr'>mihi</span> <span class='ocrx_word' id='word_1_164' title='bbox 555 1446 669 1482; x_wconf 87' lang='lat' dir='ltr'>tuum</span> <span class='ocrx_word' id='word_1_165' title='bbox 718 1440 932 1482; x_wconf 88' lang='lat' dir='ltr'>eonsilium</span> <span class='ocrx_word' id='word_1_166' title='bbox 966 1440 1084 1495; x_wconf 86' lang='lat' dir='ltr'>plane</span> <span class='ocrx_word' id='word_1_167' title='bbox 1121 1439 1225 1490; x_wconf 90' lang='lat' dir='ltr'>volo,</span> <span class='ocrx_word' id='word_1_168' title='bbox 1260 1445 1307 1480; x_wconf 91' lang='lat' dir='ltr'>ut</span> <span class='ocrx_word' id='word_1_169' title='bbox 1341 1439 1503 1495; x_wconf 85' lang='lat' dir='ltr'>penitus</span> <span class='ocrx_word' id='word_1_170' title='bbox 1536 1438 1778 1493; x_wconf 84' lang='lat' dir='ltr'>intelligam.</span> <span class='ocrx_word' id='word_1_171' title='bbox 1815 1441 1855 1478; x_wconf 68' lang='lat'>12.</span> 
     </span>
     <span class='ocr_line' id='line_1_19' title="bbox 81 1510 1907 1570; baseline 0 -16"><span class='ocrx_word' id='word_1_172' title='bbox 81 1513 228 1556; x_wconf 81' lang='lat' dir='ltr'>Omnia</span> <span class='ocrx_word' id='word_1_173' title='bbox 275 1520 370 1557; x_wconf 90' lang='lat' dir='ltr'>sunt</span> <span class='ocrx_word' id='word_1_174' title='bbox 412 1516 569 1570; x_wconf 85' lang='lat' dir='ltr'>integra</span> <span class='ocrx_word' id='word_1_175' title='bbox 608 1514 739 1556; x_wconf 87' lang='lat' dir='ltr'>nobis.</span> <span class='ocrx_word' id='word_1_176' title='bbox 791 1514 908 1556; x_wconf 89' lang='lat' dir='ltr'>Nihil</span> <span class='ocrx_word' id='word_1_177' title='bbox 956 1514 1282 1569; x_wconf 86' lang='lat' dir='ltr'>praetermissum</span> <span class='ocrx_word' id='word_1_178' title='bbox 1324 1519 1398 1564; x_wconf 86' lang='lat' dir='ltr'>est,</span> <span class='ocrx_word' id='word_1_179' title='bbox 1442 1513 1549 1569; x_wconf 87' lang='lat' dir='ltr'>quod</span> <span class='ocrx_word' id='word_1_180' title='bbox 1595 1527 1676 1554; x_wconf 89' lang='lat' dir='ltr'>non</span> <span class='ocrx_word' id='word_1_181' title='bbox 1709 1510 1857 1553; x_wconf 88' lang='lat' dir='ltr'>habeat</span> <span class='ocrx_word' id='word_1_182' title='bbox 1876 1527 1907 1554; x_wconf 88' lang='lat'>10</span> 
     </span>
     <span class='ocr_line' id='line_1_20' title="bbox 82 1587 1856 1644; baseline 0 -18"><span class='ocrx_word' id='word_1_183' title='bbox 82 1587 302 1642; x_wconf 84' lang='lat' dir='ltr'>sapientem</span> <span class='ocrx_word' id='word_1_184' title='bbox 344 1589 659 1640; x_wconf 84' lang='lat' dir='ltr'>excusationem,</span> <span class='ocrx_word' id='word_1_185' title='bbox 702 1604 783 1630; x_wconf 88' lang='grc'><strong>11011</strong></span> <span class='ocrx_word' id='word_1_186' title='bbox 827 1588 944 1630; x_wconf 85' lang='grc' dir='ltr'><strong>1110ᾶο</strong></span> <span class='ocrx_word' id='word_1_187' title='bbox 987 1587 1251 1644; x_wconf 84' lang='lat' dir='ltr'>probabilem.</span> <span class='ocrx_word' id='word_1_188' title='bbox 1303 1588 1409 1629; x_wconf 89' lang='lat' dir='ltr'>Nam</span> <span class='ocrx_word' id='word_1_189' title='bbox 1455 1592 1560 1628; x_wconf 85' lang='lat' dir='ltr'>certe</span> <span class='ocrx_word' id='word_1_190' title='bbox 1607 1601 1736 1641; x_wconf 87' lang='lat' dir='ltr'>neque</span> <span class='ocrx_word' id='word_1_191' title='bbox 1769 1591 1856 1626; x_wconf 88' lang='lat' dir='ltr'>tum</span> 
     </span>
     <span class='ocr_line' id='line_1_21' title="bbox 82 1659 1855 1717; baseline -0.001 -17"><span class='ocrx_word' id='word_1_192' title='bbox 82 1674 218 1714; x_wconf 66' lang='lat' dir='ltr'>peccax</span> <span class='ocrx_word' id='word_1_193' title='bbox 231 1661 256 1711; x_wconf 87' lang='lat' dir='ltr'>i,</span> <span class='ocrx_word' id='word_1_194' title='bbox 305 1675 430 1716; x_wconf 86' lang='lat' dir='ltr'>quum</span> <span class='ocrx_word' id='word_1_195' title='bbox 474 1661 710 1717; x_wconf 84' lang='lat' dir='ltr'>imparatam</span> <span class='ocrx_word' id='word_1_196' title='bbox 755 1661 950 1716; x_wconf 85' lang='lat' dir='ltr'>Capuam,</span> <span class='ocrx_word' id='word_1_197' title='bbox 998 1676 1077 1702; x_wconf 88' lang='grc'><strong>11011</strong></span> <span class='ocrx_word' id='word_1_198' title='bbox 1130 1661 1259 1702; x_wconf 80' lang='lat' dir='ltr'>solnm</span> <span class='ocrx_word' id='word_1_199' title='bbox 1304 1661 1488 1716; x_wconf 80' lang='lat' dir='ltr'>ignaviae</span> <span class='ocrx_word' id='word_1_200' title='bbox 1534 1659 1741 1708; x_wconf 83' lang='lat' dir='ltr'>delictum,</span> <span class='ocrx_word' id='word_1_201' title='bbox 1789 1659 1855 1699; x_wconf 75' lang='lat' dir='ltr'>sed</span> 
     </span>
    </p>
   </div>
   <div class='ocr_carea' id='block_1_6' title="bbox 209 1785 355 1788">
    <p class='ocr_par' dir='ltr' id='par_1_6' title="bbox 209 1785 355 1788">
     <span class='ocr_line' id='line_1_22' title="bbox 209 1785 355 1788; baseline 0 0"><span class='ocrx_word' id='word_1_202' title='bbox 209 1785 355 1788; x_wconf 95' lang='lat' dir='ltr'> </span> 
     </span>
    </p>
   </div>
   <div class='ocr_carea' id='block_1_7' title="bbox 357 1785 530 1790">
    <p class='ocr_par' dir='ltr' id='par_1_7' title="bbox 357 1785 530 1790">
     <span class='ocr_line' id='line_1_23' title="bbox 357 1785 530 1790; baseline 0 0"><span class='ocrx_word' id='word_1_203' title='bbox 357 1785 530 1790; x_wconf 95' lang='lat' dir='ltr'> </span> 
     </span>
    </p>
   </div>
   <div class='ocr_carea' id='block_1_8' title="bbox 124 1835 786 1880">
    <p class='ocr_par' dir='ltr' id='par_1_8' title="bbox 124 1835 786 1880">
     <span class='ocr_line' id='line_1_24' title="bbox 124 1835 786 1880; baseline 0.006 -14"><span class='ocrx_word' id='word_1_204' title='bbox 124 1836 142 1866; x_wconf 92' lang='grc'>3</span> <span class='ocrx_word' id='word_1_205' title='bbox 165 1835 267 1867; x_wconf 76' lang='lat' dir='ltr'>Fadio</span> <span class='ocrx_word' id='word_1_206' title='bbox 289 1855 330 1860; x_wconf 91' lang='lat'>—</span> <span class='ocrx_word' id='word_1_207' title='bbox 353 1837 392 1868; x_wconf 82' lang='lat'>12</span> <span class='ocrx_word' id='word_1_208' title='bbox 416 1837 566 1880; x_wconf 73' lang='lat' dir='ltr'>iynuviae</span> <span class='ocrx_word' id='word_1_209' title='bbox 589 1837 724 1870; x_wconf 68' lang='lat' dir='ltr'>dedecus</span> <span class='ocrx_word' id='word_1_210' title='bbox 746 1856 786 1860; x_wconf 94' lang='lat'><em>—</em></span> 
     </span>
    </p>
   </div>
   <div class='ocr_carea' id='block_1_9' title="bbox 123 1997 1854 2051">
    <p class='ocr_par' dir='ltr' id='par_1_9' title="bbox 123 1997 1854 2051">
     <span class='ocr_line' id='line_1_25' title="bbox 123 1997 1854 2051; baseline 0 -23"><span class='ocrx_word' id='word_1_211' title='bbox 123 1997 141 2036; x_wconf 83' lang='lat'><strong>§</strong></span> <span class='ocrx_word' id='word_1_212' title='bbox 166 1997 193 2028; x_wconf 92' lang='lat'>1.</span> <span class='ocrx_word' id='word_1_213' title='bbox 218 1997 312 2028; x_wconf 77' lang='lat' dir='ltr'>Gallo</span> <span class='ocrx_word' id='word_1_214' title='bbox 333 1997 432 2028; x_wconf 81' lang='lat' dir='ltr'>Fabio</span> <span class='ocrx_word' id='word_1_215' title='bbox 457 2008 534 2030; x_wconf 86' lang='lat' dir='ltr'>curn</span> <span class='ocrx_word' id='word_1_216' title='bbox 558 1998 629 2030; x_wconf 89' lang='lat' dir='ltr'>Cod</span> <span class='ocrx_word' id='word_1_217' title='bbox 663 1998 713 2030; x_wconf 88' lang='lat' dir='ltr'>M.</span> <span class='ocrx_word' id='word_1_218' title='bbox 734 1998 787 2029; x_wconf 88' lang='lat' dir='ltr'>hic</span> <span class='ocrx_word' id='word_1_219' title='bbox 811 2007 942 2039; x_wconf 89' lang='lat' dir='ltr'>quoque</span> <span class='ocrx_word' id='word_1_220' title='bbox 968 2022 969 2051; x_wconf 57' lang='lat' dir='ltr'>l</span> <span class='ocrx_word' id='word_1_221' title='bbox 991 1999 1073 2030; x_wconf 79' lang='lat' dir='ltr'>tima</span> <span class='ocrx_word' id='word_1_222' title='bbox 1094 2004 1279 2040; x_wconf 86' lang='lat' dir='ltr'>temporum</span> <span class='ocrx_word' id='word_1_223' title='bbox 1302 1998 1428 2031; x_wconf 84' lang='lat' dir='ltr'>ratione</span> <span class='ocrx_word' id='word_1_224' title='bbox 1451 1998 1611 2030; x_wconf 80' lang='lat' dir='ltr'>abductus</span> <span class='ocrx_word' id='word_1_225' title='bbox 1636 1998 1679 2029; x_wconf 88' lang='lat' dir='ltr'>ita</span> <span class='ocrx_word' id='word_1_226' title='bbox 1711 1997 1854 2029; x_wconf 85' lang='lat' dir='ltr'>scribere</span> 
     </span>
    </p>
   </div>
   <div class='ocr_carea' id='block_1_10' title="bbox 81 2045 971 2903">
    <p class='ocr_par' dir='ltr' id='par_1_10' title="bbox 81 2045 971 2903">
     <span class='ocr_line' id='line_1_26' title="bbox 81 2045 946 2091; baseline 0.001 -10"><span class='ocrx_word' id='word_1_227' title='bbox 81 2050 205 2091; x_wconf 85' lang='lat' dir='ltr'>scripsi,</span> <span class='ocrx_word' id='word_1_228' title='bbox 241 2050 302 2082; x_wconf 87' lang='lat' dir='ltr'>etsi</span> <span class='ocrx_word' id='word_1_229' title='bbox 334 2049 470 2082; x_wconf 85' lang='lat' dir='ltr'>fortasse</span> <span class='ocrx_word' id='word_1_230' title='bbox 504 2050 624 2082; x_wconf 78' lang='lat' dir='ltr'>Fadius</span> <span class='ocrx_word' id='word_1_231' title='bbox 658 2061 780 2083; x_wconf 85' lang='lat' dir='ltr'>nomen</span> <span class='ocrx_word' id='word_1_232' title='bbox 814 2045 844 2083; x_wconf 82' lang='lat' dir='ltr'>ei</span> <span class='ocrx_word' id='word_1_233' title='bbox 874 2051 946 2082; x_wconf 87' lang='lat' dir='ltr'>fuit.</span> 
     </span>
     <span class='ocr_line' id='line_1_27' title="bbox 82 2102 969 2146; baseline 0.001 -11"><span class='ocrx_word' id='word_1_234' title='bbox 82 2102 149 2135; x_wconf 86' lang='lat' dir='ltr'>Sed</span> <span class='ocrx_word' id='word_1_235' title='bbox 171 2113 223 2136; x_wconf 84' lang='lat' dir='ltr'>res</span> <span class='ocrx_word' id='word_1_236' title='bbox 247 2104 331 2136; x_wconf 83' lang='lat' dir='ltr'>mihi</span> <span class='ocrx_word' id='word_1_237' title='bbox 353 2114 420 2136; x_wconf 88' lang='lat' dir='ltr'>non</span> <span class='ocrx_word' id='word_1_238' title='bbox 453 2111 520 2136; x_wconf 86' lang='lat' dir='ltr'>tam</span> <span class='ocrx_word' id='word_1_239' title='bbox 555 2111 643 2136; x_wconf 81' lang='lat' dir='ltr'>certa</span> <span class='ocrx_word' id='word_1_240' title='bbox 672 2105 810 2143; x_wconf 82' lang='lat' dir='ltr'>videtur,</span> <span class='ocrx_word' id='word_1_241' title='bbox 846 2115 946 2146; x_wconf 85' lang='lat' dir='ltr'>quam</span> <span class='ocrx_word' id='word_1_242' title='bbox 968 2121 969 2142; x_wconf 65' lang='lat'>;</span> 
     </span>
     <span class='ocr_line' id='line_1_28' title="bbox 84 2154 945 2199; baseline 0 -10"><span class='ocrx_word' id='word_1_243' title='bbox 84 2154 222 2195; x_wconf 84' lang='lat' dir='ltr'>Orellio,</span> <span class='ocrx_word' id='word_1_244' title='bbox 246 2157 304 2197; x_wconf 91' lang='lat' dir='ltr'>qui</span> <span class='ocrx_word' id='word_1_245' title='bbox 326 2157 361 2188; x_wconf 91' lang='lat' dir='ltr'>in</span> <span class='ocrx_word' id='word_1_246' title='bbox 385 2156 505 2190; x_wconf 90' lang='lat' dir='ltr'>Onom.</span> <span class='ocrx_word' id='word_1_247' title='bbox 523 2158 646 2199; x_wconf 85' lang='lat' dir='ltr'>ubique</span> <span class='ocrx_word' id='word_1_248' title='bbox 663 2158 706 2189; x_wconf 81' lang='grc' dir='ltr'><strong>Μ.</strong></span> <span class='ocrx_word' id='word_1_249' title='bbox 720 2158 854 2189; x_wconf 82' lang='lat' dir='ltr'>Fadium</span> <span class='ocrx_word' id='word_1_250' title='bbox 869 2158 945 2189; x_wconf 83' lang='lat' dir='ltr'>Gal-</span> 
     </span>
     <span class='ocr_line' id='line_1_29' title="bbox 81 2205 969 2253; baseline 0.002 -10"><span class='ocrx_word' id='word_1_251' title='bbox 81 2211 145 2243; x_wconf 82' lang='lat' dir='ltr'>lum</span> <span class='ocrx_word' id='word_1_252' title='bbox 178 2212 411 2253; x_wconf 86' lang='lat' dir='ltr'>corrigendum</span> <span class='ocrx_word' id='word_1_253' title='bbox 445 2214 631 2245; x_wconf 85' lang='lat' dir='ltr'>affirmavit.</span> <span class='ocrx_word' id='word_1_254' title='bbox 662 2233 703 2237; x_wconf 94' lang='lat'><strong>—</strong></span> <span class='ocrx_word' id='word_1_255' title='bbox 733 2213 887 2246; x_wconf 86' lang='lat' dir='ltr'>Ceterum</span> <span class='ocrx_word' id='word_1_256' title='bbox 910 2214 944 2245; x_wconf 90' lang='lat' dir='ltr'>in</span> <span class='ocrx_word' id='word_1_257' title='bbox 968 2205 969 2210; x_wconf 33' lang='lat'>¹</span> 
     </span>
     <span class='ocr_line' id='line_1_30' title="bbox 83 2258 969 2299; baseline 0.003 -4"><span class='ocrx_word' id='word_1_258' title='bbox 83 2264 200 2296; x_wconf 89' lang='lat' dir='ltr'>iisdem</span> <span class='ocrx_word' id='word_1_259' title='bbox 224 2265 416 2297; x_wconf 71' lang='lat' dir='ltr'>nominibus</span> <span class='ocrx_word' id='word_1_260' title='bbox 440 2267 583 2298; x_wconf 89' lang='lat' dir='ltr'>eundem</span> <span class='ocrx_word' id='word_1_261' title='bbox 606 2267 757 2299; x_wconf 87' lang='lat' dir='ltr'>ordinem</span> <span class='ocrx_word' id='word_1_262' title='bbox 769 2271 878 2298; x_wconf 79' lang='lat' dir='ltr'>servat</span> <span class='ocrx_word' id='word_1_263' title='bbox 895 2265 946 2298; x_wconf 82' lang='lat' dir='ltr'>Ci-</span> <span class='ocrx_word' id='word_1_264' title='bbox 968 2258 969 2298; x_wconf 47' lang='grc' dir='ltr'><em>ζ</em></span> 
     </span>
     <span class='ocr_line' id='line_1_31' title="bbox 82 2309 969 2358; baseline 0.002 -9"><span class='ocrx_word' id='word_1_265' title='bbox 82 2327 158 2349; x_wconf 77' lang='lat' dir='ltr'>cero</span> <span class='ocrx_word' id='word_1_266' title='bbox 182 2318 268 2350; x_wconf 71' lang='lat' dir='ltr'>infra</span> <span class='ocrx_word' id='word_1_267' title='bbox 289 2318 392 2350; x_wconf 81' lang='lat' dir='ltr'>xm.</span> <span class='ocrx_word' id='word_1_268' title='bbox 417 2319 468 2358; x_wconf 85' lang='lat'>49,</span> <span class='ocrx_word' id='word_1_269' title='bbox 494 2321 509 2351; x_wconf 85' lang='lat'>1</span> <span class='ocrx_word' id='word_1_270' title='bbox 534 2326 567 2351; x_wconf 75' lang='lat' dir='ltr'>et</span> <span class='ocrx_word' id='word_1_271' title='bbox 588 2319 687 2352; x_wconf 89' lang='lat' dir='ltr'>XV1.</span> <span class='ocrx_word' id='word_1_272' title='bbox 712 2321 761 2358; x_wconf 88' lang='lat'>11,</span> <span class='ocrx_word' id='word_1_273' title='bbox 786 2320 801 2351; x_wconf 90' lang='lat'>1</span> <span class='ocrx_word' id='word_1_274' title='bbox 828 2325 860 2352; x_wconf 69' lang='lat' dir='ltr'>et</span> <span class='ocrx_word' id='word_1_275' title='bbox 879 2330 946 2351; x_wconf 81' lang='lat' dir='ltr'>om·</span> <span class='ocrx_word' id='word_1_276' title='bbox 968 2309 969 2318; x_wconf 62' lang='lat'>¹</span> 
     </span>
     <span class='ocr_line' id='line_1_32' title="bbox 86 2371 947 2414; baseline 0.002 -12"><span class='ocrx_word' id='word_1_277' title='bbox 86 2371 178 2409; x_wconf 90' lang='lat' dir='ltr'>nino,</span> <span class='ocrx_word' id='word_1_278' title='bbox 202 2372 329 2412; x_wconf 81' lang='lat' dir='ltr'>quoties</span> <span class='ocrx_word' id='word_1_279' title='bbox 352 2373 497 2413; x_wconf 83' lang='lat' dir='ltr'>aliquem</span> <span class='ocrx_word' id='word_1_280' title='bbox 519 2373 664 2414; x_wconf 85' lang='lat' dir='ltr'>appellat</span> <span class='ocrx_word' id='word_1_281' title='bbox 676 2374 747 2404; x_wconf 92' lang='lat' dir='ltr'>solo</span> <span class='ocrx_word' id='word_1_282' title='bbox 764 2373 900 2405; x_wconf 89' lang='lat' dir='ltr'>nomine</span> <span class='ocrx_word' id='word_1_283' title='bbox 914 2379 947 2405; x_wconf 90' lang='lat' dir='ltr'>et</span> 
     </span>
     <span class='ocr_line' id='line_1_33' title="bbox 83 2425 946 2468; baseline 0.002 -12"><span class='ocrx_word' id='word_1_284' title='bbox 83 2425 283 2466; x_wconf 88' lang='lat' dir='ltr'>cognomine</span> <span class='ocrx_word' id='word_1_285' title='bbox 304 2427 374 2457; x_wconf 87' lang='lat' dir='ltr'>fixo</span> <span class='ocrx_word' id='word_1_286' title='bbox 396 2436 581 2466; x_wconf 83' lang='lat' dir='ltr'>cognomen</span> <span class='ocrx_word' id='word_1_287' title='bbox 604 2428 777 2468; x_wconf 85' lang='lat' dir='ltr'>praeponit.</span> <span class='ocrx_word' id='word_1_288' title='bbox 808 2428 946 2466; x_wconf 88' lang='lat' dir='ltr'>nomini,</span> 
     </span>
     <span class='ocr_line' id='line_1_34' title="bbox 84 2479 944 2522; baseline 0.002 -12"><span class='ocrx_word' id='word_1_289' title='bbox 84 2485 123 2510; x_wconf 83' lang='lat' dir='ltr'>ut</span> <span class='ocrx_word' id='word_1_290' title='bbox 143 2479 296 2520; x_wconf 84' lang='lat' dir='ltr'>plurimis</span> <span class='ocrx_word' id='word_1_291' title='bbox 319 2480 482 2520; x_wconf 84' lang='lat' dir='ltr'>exemplis</span> <span class='ocrx_word' id='word_1_292' title='bbox 503 2480 617 2511; x_wconf 85' lang='lat' dir='ltr'>docuit</span> <span class='ocrx_word' id='word_1_293' title='bbox 637 2479 677 2511; x_wconf 92' lang='lat' dir='ltr'>G.</span> <span class='ocrx_word' id='word_1_294' title='bbox 699 2481 890 2522; x_wconf 77' lang='lat' dir='ltr'>Lahmeijer</span> <span class='ocrx_word' id='word_1_295' title='bbox 910 2482 944 2512; x_wconf 90' lang='lat' dir='ltr'>in</span> 
     </span>
     <span class='ocr_line' id='line_1_35' title="bbox 84 2530 971 2575; baseline 0.003 -13"><span class='ocrx_word' id='word_1_296' title='bbox 84 2530 265 2572; x_wconf 82' lang='lat' dir='ltr'>Philologo</span> <span class='ocrx_word' id='word_1_297' title='bbox 287 2531 406 2563; x_wconf 86' lang='lat' dir='ltr'>XXII.</span> <span class='ocrx_word' id='word_1_298' title='bbox 429 2543 460 2573; x_wconf 89' lang='lat' dir='ltr'>p.</span> <span class='ocrx_word' id='word_1_299' title='bbox 483 2533 543 2563; x_wconf 83' lang='lat'>481</span> <span class='ocrx_word' id='word_1_300' title='bbox 567 2543 658 2574; x_wconf 89' lang='lat' dir='ltr'>seqq.</span> <span class='ocrx_word' id='word_1_301' title='bbox 698 2533 816 2575; x_wconf 84' lang='lat' dir='ltr'>Itaque</span> <span class='ocrx_word' id='word_1_302' title='bbox 850 2534 948 2565; x_wconf 88' lang='lat' dir='ltr'>corri-</span> <span class='ocrx_word' id='word_1_303' title='bbox 969 2533 971 2559; x_wconf 71' lang='grc' dir='ltr'><strong>ἓ</strong></span> 
     </span>
     <span class='ocr_line' id='line_1_36' title="bbox 85 2586 971 2628; baseline 0.002 -12"><span class='ocrx_word' id='word_1_304' title='bbox 85 2586 232 2626; x_wconf 82' lang='lat' dir='ltr'>gendum</span> <span class='ocrx_word' id='word_1_305' title='bbox 256 2591 314 2624; x_wconf 85' lang='lat' dir='ltr'>est,</span> <span class='ocrx_word' id='word_1_306' title='bbox 338 2587 426 2627; x_wconf 90' lang='lat' dir='ltr'>quod</span> <span class='ocrx_word' id='word_1_307' title='bbox 448 2586 674 2628; x_wconf 83' lang='lat' dir='ltr'>imprudenter</span> <span class='ocrx_word' id='word_1_308' title='bbox 695 2587 810 2628; x_wconf 89' lang='lat' dir='ltr'>scripsi</span> <span class='ocrx_word' id='word_1_309' title='bbox 832 2588 866 2618; x_wconf 93' lang='lat' dir='ltr'>in</span> <span class='ocrx_word' id='word_1_310' title='bbox 890 2588 944 2618; x_wconf 85' lang='lat' dir='ltr'>ad·</span> <span class='ocrx_word' id='word_1_311' title='bbox 969 2588 971 2594; x_wconf 69' lang='lat'><strong><em>⁴</em></strong></span> 
     </span>
     <span class='ocr_line' id='line_1_37' title="bbox 85 2639 971 2678; baseline 0.003 -8"><span class='ocrx_word' id='word_1_312' title='bbox 85 2639 256 2671; x_wconf 79' lang='lat' dir='ltr'>notatione</span> <span class='ocrx_word' id='word_1_313' title='bbox 278 2641 320 2671; x_wconf 86' lang='lat' dir='ltr'>ad</span> <span class='ocrx_word' id='word_1_314' title='bbox 340 2640 379 2671; x_wconf 92' lang='lat' dir='ltr'>II</span> <span class='ocrx_word' id='word_1_315' title='bbox 413 2641 464 2678; x_wconf 75' lang='lat'>24,</span> <span class='ocrx_word' id='word_1_316' title='bbox 488 2641 506 2672; x_wconf 82' lang='lat'><strong>3</strong></span> <span class='ocrx_word' id='word_1_317' title='bbox 529 2641 571 2672; x_wconf 86' lang='lat' dir='ltr'>ad</span> <span class='ocrx_word' id='word_1_318' title='bbox 593 2641 732 2672; x_wconf 80' lang='lat' dir='ltr'>Ahalam</span> <span class='ocrx_word' id='word_1_319' title='bbox 754 2640 931 2673; x_wconf 78' lang='lat' dir='ltr'>Servilium.</span> <span class='ocrx_word' id='word_1_320' title='bbox 969 2640 971 2645; x_wconf 87' lang='grc'><strong>’</strong></span> 
     </span>
     <span class='ocr_line' id='line_1_38' title="bbox 131 2686 971 2736; baseline 0.005 -13"><span class='ocrx_word' id='word_1_321' title='bbox 131 2692 170 2723; x_wconf 84' lang='lat' dir='ltr'>Ut</span> <span class='ocrx_word' id='word_1_322' title='bbox 191 2703 213 2724; x_wconf 82' lang='lat' dir='ltr'>a</span> <span class='ocrx_word' id='word_1_323' title='bbox 235 2695 267 2724; x_wconf 79' lang='lat' dir='ltr'>te</span> <span class='ocrx_word' id='word_1_324' title='bbox 287 2693 494 2734; x_wconf 78' lang='lat' dir='ltr'>impetrarem.</span> <span class='ocrx_word' id='word_1_325' title='bbox 525 2694 716 2735; x_wconf 86' lang='lat' dir='ltr'>Imperfecti</span> <span class='ocrx_word' id='word_1_326' title='bbox 745 2705 843 2726; x_wconf 90' lang='lat' dir='ltr'>usum</span> <span class='ocrx_word' id='word_1_327' title='bbox 874 2701 949 2736; x_wconf 81' lang='lat' dir='ltr'>post</span> <span class='ocrx_word' id='word_1_328' title='bbox 968 2686 971 2727; x_wconf 72' lang='grc' dir='ltr'>ἶ</span> 
     </span>
     <span class='ocr_line' id='line_1_39' title="bbox 86 2745 971 2786; baseline 0.003 -10"><span class='ocrx_word' id='word_1_329' title='bbox 86 2754 240 2786; x_wconf 80' lang='lat' dir='ltr'>praesens</span> <span class='ocrx_word' id='word_1_330' title='bbox 263 2745 310 2777; x_wconf 85' lang='lat' dir='ltr'>sic</span> <span class='ocrx_word' id='word_1_331' title='bbox 338 2746 485 2786; x_wconf 80' lang='lat' dir='ltr'>explicat</span> <span class='ocrx_word' id='word_1_332' title='bbox 513 2746 716 2778; x_wconf 85' lang='lat' dir='ltr'>Dietrichius</span> <span class='ocrx_word' id='word_1_333' title='bbox 745 2747 780 2778; x_wconf 91' lang='lat' dir='ltr'>in</span> <span class='ocrx_word' id='word_1_334' title='bbox 812 2747 948 2786; x_wconf 82' lang='lat' dir='ltr'>Quaest.</span> <span class='ocrx_word' id='word_1_335' title='bbox 969 2751 971 2761; x_wconf 84' lang='lat'><em>¹</em></span> 
     </span>
     <span class='ocr_line' id='line_1_40' title="bbox 86 2797 971 2850; baseline 0.002 -19"><span class='ocrx_word' id='word_1_336' title='bbox 86 2797 233 2831; x_wconf 86' lang='lat' dir='ltr'>Gramm.</span> <span class='ocrx_word' id='word_1_337' title='bbox 256 2803 288 2831; x_wconf 89' lang='lat' dir='ltr'>et</span> <span class='ocrx_word' id='word_1_338' title='bbox 311 2799 390 2831; x_wconf 86' lang='lat' dir='ltr'>Crit.</span> <span class='ocrx_word' id='word_1_339' title='bbox 413 2810 444 2841; x_wconf 90' lang='lat' dir='ltr'>p.</span> <span class='ocrx_word' id='word_1_340' title='bbox 467 2800 503 2833; x_wconf 81' lang='lat'>7:</span> <span class='ocrx_word' id='word_1_341' title='bbox 530 2815 543 2826; x_wconf 73' lang='lat' dir='ltr'><em>u</em></span> <span class='ocrx_word' id='word_1_342' title='bbox 556 2799 672 2840; x_wconf 85' lang='lat' dir='ltr'>Quum</span> <span class='ocrx_word' id='word_1_343' title='bbox 688 2801 857 2842; x_wconf 82' lang='lat' dir='ltr'>legitimae</span> <span class='ocrx_word' id='word_1_344' title='bbox 869 2806 949 2833; x_wconf 86' lang='lat' dir='ltr'>tem·</span> <span class='ocrx_word' id='word_1_345' title='bbox 969 2831 971 2850; x_wconf 41' lang='lat'><strong>⁴</strong></span> 
     </span>
     <span class='ocr_line' id='line_1_41' title="bbox 86 2854 971 2903; baseline 0.005 -20"><span class='ocrx_word' id='word_1_346' title='bbox 86 2861 206 2893; x_wconf 87' lang='lat' dir='ltr'>porum</span> <span class='ocrx_word' id='word_1_347' title='bbox 227 2854 453 2885; x_wconf 76' lang='lat' dir='ltr'>consecutioni</span> <span class='ocrx_word' id='word_1_348' title='bbox 476 2854 575 2895; x_wconf 80' lang='lat' dir='ltr'>plane</span> <span class='ocrx_word' id='word_1_349' title='bbox 597 2855 773 2886; x_wconf 83' lang='lat' dir='ltr'>conveniat</span> <span class='ocrx_word' id='word_1_350' title='bbox 794 2865 948 2896; x_wconf 81' lang='lat' dir='ltr'>praesens</span> <span class='ocrx_word' id='word_1_351' title='bbox 970 2859 971 2903; x_wconf 22' lang='grc' dir='ltr'>ἐ</span> 
     </span>
    </p>
   </div>
   <div class='ocr_carea' id='block_1_11' title="bbox 991 2050 1856 2898">
    <p class='ocr_par' dir='ltr' id='par_1_11' title="bbox 992 2050 1856 2199">
     <span class='ocr_line' id='line_1_42' title="bbox 992 2050 1856 2093; baseline -0.002 -10"><span class='ocrx_word' id='word_1_352' title='bbox 992 2052 1147 2093; x_wconf 83' lang='lat' dir='ltr'>perrexit,</span> <span class='ocrx_word' id='word_1_353' title='bbox 1171 2061 1208 2084; x_wconf 86' lang='lat' dir='ltr'>ac</span> <span class='ocrx_word' id='word_1_354' title='bbox 1232 2052 1258 2084; x_wconf 90' lang='lat' dir='ltr'>si</span> <span class='ocrx_word' id='word_1_355' title='bbox 1281 2053 1504 2093; x_wconf 80' lang='lat' dir='ltr'>praecederet:</span> <span class='ocrx_word' id='word_1_356' title='bbox 1527 2050 1648 2092; x_wconf 75' lang='lat' dir='ltr'>Scripsi</span> <span class='ocrx_word' id='word_1_357' title='bbox 1669 2051 1748 2082; x_wconf 77' lang='lat' dir='ltr'>haec</span> <span class='ocrx_word' id='word_1_358' title='bbox 1763 2061 1802 2082; x_wconf 88' lang='lat' dir='ltr'>ea</span> <span class='ocrx_word' id='word_1_359' title='bbox 1815 2050 1856 2081; x_wconf 80' lang='lat' dir='ltr'>de</span> 
     </span>
     <span class='ocr_line' id='line_1_43' title="bbox 993 2104 1855 2142; baseline 0 -7"><span class='ocrx_word' id='word_1_360' title='bbox 993 2113 1100 2142; x_wconf 78' lang='lat' dir='ltr'>eausa,</span> <span class='ocrx_word' id='word_1_361' title='bbox 1123 2107 1158 2135; x_wconf 75' lang='lat' dir='ltr'>ut</span> <span class='ocrx_word' id='word_1_362' title='bbox 1180 2110 1242 2136; x_wconf 84' lang='lat' dir='ltr'>cet.</span> <span class='ocrx_word' id='word_1_363' title='bbox 1286 2105 1379 2137; x_wconf 82' lang='lat' dir='ltr'>Haec</span> <span class='ocrx_word' id='word_1_364' title='bbox 1402 2105 1492 2137; x_wconf 90' lang='lat' dir='ltr'>enim</span> <span class='ocrx_word' id='word_1_365' title='bbox 1522 2110 1578 2136; x_wconf 85' lang='lat' dir='ltr'>aut</span> <span class='ocrx_word' id='word_1_366' title='bbox 1611 2104 1733 2136; x_wconf 85' lang='lat' dir='ltr'>similia</span> <span class='ocrx_word' id='word_1_367' title='bbox 1768 2109 1855 2136; x_wconf 82' lang='lat' dir='ltr'>certe</span> 
     </span>
     <span class='ocr_line' id='line_1_44' title="bbox 993 2158 1707 2199; baseline -0.001 -9"><span class='ocrx_word' id='word_1_368' title='bbox 993 2158 1161 2199; x_wconf 79' lang='lat' dir='ltr'>scriptom’s</span> <span class='ocrx_word' id='word_1_369' title='bbox 1185 2158 1290 2190; x_wconf 86' lang='lat' dir='ltr'>menti</span> <span class='ocrx_word' id='word_1_370' title='bbox 1314 2158 1494 2190; x_wconf 83' lang='lat' dir='ltr'>inhaesisse</span> <span class='ocrx_word' id='word_1_371' title='bbox 1517 2158 1707 2190; x_wconf 79' lang='lat' dir='ltr'>videntur.”</span> 
     </span>
    </p>

    <p class='ocr_par' dir='ltr' id='par_1_12' title="bbox 992 2210 1854 2363">
     <span class='ocr_line' id='line_1_45' title="bbox 1039 2210 1854 2253; baseline -0.001 -11"><span class='ocrx_word' id='word_1_372' title='bbox 1039 2211 1078 2242; x_wconf 83' lang='lat' dir='ltr'>Ut</span> <span class='ocrx_word' id='word_1_373' title='bbox 1099 2221 1237 2242; x_wconf 82' lang='lat' dir='ltr'>sumeres</span> <span class='ocrx_word' id='word_1_374' title='bbox 1258 2210 1382 2253; x_wconf 72' lang='lat' dir='ltr'>aliquid</span> <span class='ocrx_word' id='word_1_375' title='bbox 1403 2210 1548 2252; x_wconf 71' lang='lat' dir='ltr'>temporis</span> <span class='ocrx_word' id='word_1_376' title='bbox 1577 2220 1610 2242; x_wconf 84' lang='lat' dir='ltr'>o:</span> <span class='ocrx_word' id='word_1_377' title='bbox 1642 2211 1683 2242; x_wconf 83' lang='lat' dir='ltr'>ad</span> <span class='ocrx_word' id='word_1_378' title='bbox 1713 2210 1854 2241; x_wconf 79' lang='lat' dir='ltr'>seriben-</span> 
     </span>
     <span class='ocr_line' id='line_1_46' title="bbox 992 2264 1854 2305; baseline -0.003 -8"><span class='ocrx_word' id='word_1_379' title='bbox 992 2266 1081 2297; x_wconf 89' lang='lat' dir='ltr'>dum.</span> <span class='ocrx_word' id='word_1_380' title='bbox 1105 2265 1221 2298; x_wconf 85' lang='lat' dir='ltr'>Cicero</span> <span class='ocrx_word' id='word_1_381' title='bbox 1243 2265 1396 2297; x_wconf 79' lang='lat' dir='ltr'>Atticum</span> <span class='ocrx_word' id='word_1_382' title='bbox 1424 2271 1529 2305; x_wconf 83' lang='lat' dir='ltr'>rogat,</span> <span class='ocrx_word' id='word_1_383' title='bbox 1551 2269 1588 2296; x_wconf 85' lang='lat' dir='ltr'>ut</span> <span class='ocrx_word' id='word_1_384' title='bbox 1609 2264 1686 2295; x_wconf 90' lang='lat' dir='ltr'>huic</span> <span class='ocrx_word' id='word_1_385' title='bbox 1718 2264 1764 2295; x_wconf 85' lang='lat' dir='ltr'>rei</span> <span class='ocrx_word' id='word_1_386' title='bbox 1798 2264 1854 2294; x_wconf 83' lang='lat' dir='ltr'>ali-</span> 
     </span>
     <span class='ocr_line' id='line_1_47' title="bbox 992 2321 1453 2363; baseline -0.004 -10"><span class='ocrx_word' id='word_1_387' title='bbox 992 2322 1071 2363; x_wconf 89' lang='lat' dir='ltr'>quid</span> <span class='ocrx_word' id='word_1_388' title='bbox 1094 2321 1250 2362; x_wconf 84' lang='lat' dir='ltr'>temporis</span> <span class='ocrx_word' id='word_1_389' title='bbox 1271 2321 1453 2362; x_wconf 85' lang='lat' dir='ltr'>impendat.</span> 
     </span>
    </p>

    <p class='ocr_par' dir='ltr' id='par_1_13' title="bbox 993 2373 1853 2513">
     <span class='ocr_line' id='line_1_48' title="bbox 1035 2373 1853 2415; baseline -0.002 -9"><span class='ocrx_word' id='word_1_390' title='bbox 1035 2376 1054 2415; x_wconf 61' lang='grc' dir='ltr'><strong>ξ</strong></span> <span class='ocrx_word' id='word_1_391' title='bbox 1078 2376 1106 2406; x_wconf 81' lang='lat'>2.</span> <span class='ocrx_word' id='word_1_392' title='bbox 1133 2374 1244 2405; x_wconf 84' lang='lat' dir='ltr'>Omnia</span> <span class='ocrx_word' id='word_1_393' title='bbox 1266 2376 1341 2405; x_wconf 77' lang='lat' dir='ltr'>sunt</span> <span class='ocrx_word' id='word_1_394' title='bbox 1363 2374 1490 2415; x_wconf 70' lang='lat' dir='ltr'>inteyra</span> <span class='ocrx_word' id='word_1_395' title='bbox 1513 2373 1600 2404; x_wconf 79' lang='lat' dir='ltr'>nobis</span> <span class='ocrx_word' id='word_1_396' title='bbox 1622 2383 1656 2405; x_wconf 79' lang='lat' dir='ltr'>o:</span> <span class='ocrx_word' id='word_1_397' title='bbox 1678 2374 1760 2405; x_wconf 86' lang='lat' dir='ltr'>nihil</span> <span class='ocrx_word' id='word_1_398' title='bbox 1793 2373 1853 2405; x_wconf 75' lang='lat' dir='ltr'>feei</span> 
     </span>
     <span class='ocr_line' id='line_1_49' title="bbox 993 2427 1853 2468; baseline -0.001 -9"><span class='ocrx_word' id='word_1_399' title='bbox 993 2433 1047 2459; x_wconf 85' lang='lat' dir='ltr'>aut</span> <span class='ocrx_word' id='word_1_400' title='bbox 1069 2428 1176 2465; x_wconf 88' lang='lat' dir='ltr'>omisi,</span> <span class='ocrx_word' id='word_1_401' title='bbox 1199 2429 1287 2468; x_wconf 87' lang='lat' dir='ltr'>quod</span> <span class='ocrx_word' id='word_1_402' title='bbox 1311 2437 1363 2459; x_wconf 88' lang='lat' dir='ltr'>me</span> <span class='ocrx_word' id='word_1_403' title='bbox 1387 2437 1454 2458; x_wconf 92' lang='lat' dir='ltr'>non</span> <span class='ocrx_word' id='word_1_404' title='bbox 1478 2427 1592 2459; x_wconf 82' lang='lat' dir='ltr'>fecisse</span> <span class='ocrx_word' id='word_1_405' title='bbox 1615 2433 1669 2458; x_wconf 88' lang='lat' dir='ltr'>aut</span> <span class='ocrx_word' id='word_1_406' title='bbox 1689 2437 1754 2457; x_wconf 86' lang='lat' dir='ltr'>non</span> <span class='ocrx_word' id='word_1_407' title='bbox 1773 2427 1853 2458; x_wconf 84' lang='lat' dir='ltr'>omi-</span> 
     </span>
     <span class='ocr_line' id='line_1_50' title="bbox 993 2481 1245 2513; baseline -0.008 0"><span class='ocrx_word' id='word_1_408' title='bbox 993 2481 1073 2513; x_wconf 89' lang='lat' dir='ltr'>sisse</span> <span class='ocrx_word' id='word_1_409' title='bbox 1097 2481 1245 2512; x_wconf 86' lang='lat' dir='ltr'>mallem.</span> 
     </span>
    </p>

    <p class='ocr_par' dir='ltr' id='par_1_14' title="bbox 991 2532 1855 2791">
     <span class='ocr_line' id='line_1_51' title="bbox 1034 2532 1855 2575; baseline -0.001 -12"><span class='ocrx_word' id='word_1_410' title='bbox 1034 2532 1129 2564; x_wconf 75' lang='lat' dir='ltr'>Nihil</span> <span class='ocrx_word' id='word_1_411' title='bbox 1162 2532 1420 2574; x_wconf 79' lang='lat' dir='ltr'>praetermissam</span> <span class='ocrx_word' id='word_1_412' title='bbox 1444 2535 1502 2570; x_wconf 81' lang='lat' dir='ltr'>est,</span> <span class='ocrx_word' id='word_1_413' title='bbox 1533 2533 1616 2575; x_wconf 81' lang='lat' dir='ltr'>quod</span> <span class='ocrx_word' id='word_1_414' title='bbox 1647 2542 1707 2563; x_wconf 82' lang='lat' dir='ltr'>non</span> <span class='ocrx_word' id='word_1_415' title='bbox 1740 2532 1855 2563; x_wconf 75' lang='lat' dir='ltr'>haheat</span> 
     </span>
     <span class='ocr_line' id='line_1_52' title="bbox 991 2586 1854 2628; baseline -0.001 -10"><span class='ocrx_word' id='word_1_416' title='bbox 991 2597 1059 2628; x_wconf 81' lang='lat' dir='ltr'>sap.</span> <span class='ocrx_word' id='word_1_417' title='bbox 1088 2597 1154 2619; x_wconf 71' lang='lat' dir='ltr'>exc.</span> <span class='ocrx_word' id='word_1_418' title='bbox 1183 2597 1245 2618; x_wconf 79' lang='lat' dir='ltr'>non</span> <span class='ocrx_word' id='word_1_419' title='bbox 1279 2586 1366 2618; x_wconf 88' lang='lat' dir='ltr'>modo</span> <span class='ocrx_word' id='word_1_420' title='bbox 1381 2587 1572 2628; x_wconf 75' lang='lat' dir='ltr'>probabilem</span> <span class='ocrx_word' id='word_1_421' title='bbox 1594 2596 1627 2618; x_wconf 78' lang='lat' dir='ltr'>a:</span> <span class='ocrx_word' id='word_1_422' title='bbox 1652 2586 1736 2618; x_wconf 88' lang='lat' dir='ltr'>nihil</span> <span class='ocrx_word' id='word_1_423' title='bbox 1765 2595 1854 2627; x_wconf 86' lang='lat' dir='ltr'>prae-</span> 
     </span>
     <span class='ocr_line' id='line_1_53' title="bbox 992 2639 1853 2682; baseline -0.002 -10"><span class='ocrx_word' id='word_1_424' title='bbox 992 2640 1128 2678; x_wconf 81' lang='lat' dir='ltr'>termisi,</span> <span class='ocrx_word' id='word_1_425' title='bbox 1157 2640 1240 2682; x_wconf 89' lang='lat' dir='ltr'>quin</span> <span class='ocrx_word' id='word_1_426' title='bbox 1272 2649 1385 2671; x_wconf 88' lang='lat' dir='ltr'>meum</span> <span class='ocrx_word' id='word_1_427' title='bbox 1407 2640 1531 2671; x_wconf 86' lang='lat' dir='ltr'>factum</span> <span class='ocrx_word' id='word_1_428' title='bbox 1559 2640 1663 2681; x_wconf 87' lang='lat' dir='ltr'>possit</span> <span class='ocrx_word' id='word_1_429' title='bbox 1693 2639 1853 2675; x_wconf 84' lang='lat' dir='ltr'>excusari,</span> 
     </span>
     <span class='ocr_line' id='line_1_54' title="bbox 992 2693 1854 2735; baseline -0.002 -9"><span class='ocrx_word' id='word_1_430' title='bbox 992 2704 1060 2726; x_wconf 90' lang='lat' dir='ltr'>non</span> <span class='ocrx_word' id='word_1_431' title='bbox 1082 2694 1191 2726; x_wconf 80' lang='lat' dir='ltr'>dicam</span> <span class='ocrx_word' id='word_1_432' title='bbox 1212 2693 1323 2735; x_wconf 83' lang='lat' dir='ltr'>aliqua</span> <span class='ocrx_word' id='word_1_433' title='bbox 1357 2693 1520 2735; x_wconf 80' lang='lat' dir='ltr'>probabili</span> <span class='ocrx_word' id='word_1_434' title='bbox 1548 2693 1665 2735; x_wconf 88' lang='lat' dir='ltr'>specie,</span> <span class='ocrx_word' id='word_1_435' title='bbox 1688 2694 1747 2725; x_wconf 88' lang='lat' dir='ltr'>sed</span> <span class='ocrx_word' id='word_1_436' title='bbox 1770 2693 1854 2724; x_wconf 85' lang='lat' dir='ltr'>inste</span> 
     </span>
     <span class='ocr_line' id='line_1_55' title="bbox 993 2750 1227 2791; baseline -0.004 -9"><span class='ocrx_word' id='word_1_437' title='bbox 993 2760 1029 2782; x_wconf 90' lang='lat' dir='ltr'>ac</span> <span class='ocrx_word' id='word_1_438' title='bbox 1051 2750 1227 2791; x_wconf 81' lang='lat' dir='ltr'>sapienter.</span> 
     </span>
    </p>

    <p class='ocr_par' dir='ltr' id='par_1_15' title="bbox 993 2802 1856 2898">
     <span class='ocr_line' id='line_1_56' title="bbox 1036 2802 1855 2843; baseline -0.001 -10"><span class='ocrx_word' id='word_1_439' title='bbox 1036 2802 1107 2834; x_wconf 87' lang='lat' dir='ltr'>Non</span> <span class='ocrx_word' id='word_1_440' title='bbox 1129 2802 1217 2834; x_wconf 84' lang='lat' dir='ltr'><em>modo</em></span> <span class='ocrx_word' id='word_1_441' title='bbox 1238 2803 1273 2834; x_wconf 89' lang='lat' dir='ltr'>in</span> <span class='ocrx_word' id='word_1_442' title='bbox 1296 2803 1400 2835; x_wconf 86' lang='lat' dir='ltr'>altero</span> <span class='ocrx_word' id='word_1_443' title='bbox 1421 2803 1571 2834; x_wconf 88' lang='lat' dir='ltr'>membro</span> <span class='ocrx_word' id='word_1_444' title='bbox 1589 2802 1772 2835; x_wconf 79' lang='lat' dir='ltr'>sententiae</span> <span class='ocrx_word' id='word_1_445' title='bbox 1795 2812 1855 2843; x_wconf 86' lang='lat' dir='ltr'>pro</span> 
     </span>
     <span class='ocr_line' id='line_1_57' title="bbox 993 2856 1856 2898; baseline -0.001 -11"><span class='ocrx_word' id='word_1_446' title='bbox 993 2867 1033 2888; x_wconf 85' lang='lat' dir='ltr'>ne</span> <span class='ocrx_word' id='word_1_447' title='bbox 1053 2856 1155 2888; x_wconf 76' lang='lat' dir='ltr'>dicam</span> <span class='ocrx_word' id='word_1_448' title='bbox 1178 2857 1322 2898; x_wconf 88' lang='lat' dir='ltr'>positum</span> <span class='ocrx_word' id='word_1_449' title='bbox 1344 2856 1495 2888; x_wconf 89' lang='lat' dir='ltr'>invenies</span> <span class='ocrx_word' id='word_1_450' title='bbox 1515 2856 1610 2888; x_wconf 85' lang='lat' dir='ltr'>Fam.</span> <span class='ocrx_word' id='word_1_451' title='bbox 1633 2857 1660 2888; x_wconf 92' lang='lat'>1.</span> <span class='ocrx_word' id='word_1_452' title='bbox 1684 2857 1712 2894; x_wconf 84' lang='lat'>9,</span> <span class='ocrx_word' id='word_1_453' title='bbox 1733 2856 1769 2887; x_wconf 77' lang='lat'>21</span> <span class='ocrx_word' id='word_1_454' title='bbox 1788 2856 1856 2886; x_wconf 76' lang='lat' dir='ltr'><em>nul-</em></span> 
     </span>
    </p>
   </div>
   <div class='ocr_carea' id='block_1_12' title="bbox 86 2904 1858 3219">
    <p class='ocr_par' dir='ltr' id='par_1_16' title="bbox 86 2904 1858 3104">
     <span class='ocr_line' id='line_1_58' title="bbox 86 2904 1855 2950; baseline 0.002 -15"><span class='ocrx_word' id='word_1_455' title='bbox 86 2904 330 2944; x_wconf 76' lang='lat' dir='ltr'>intermittatur,</span> <span class='ocrx_word' id='word_1_456' title='bbox 358 2907 482 2938; x_wconf 86' lang='lat' dir='ltr'>mirum</span> <span class='ocrx_word' id='word_1_457' title='bbox 515 2907 620 2939; x_wconf 89' lang='lat' dir='ltr'>videri</span> <span class='ocrx_word' id='word_1_458' title='bbox 652 2908 764 2950; x_wconf 83' lang='lat' dir='ltr'>possit,</span> <span class='ocrx_word' id='word_1_459' title='bbox 796 2909 885 2949; x_wconf 90' lang='lat' dir='ltr'>quod</span> <span class='ocrx_word' id='word_1_460' title='bbox 914 2909 948 2939; x_wconf 90' lang='lat' dir='ltr'>in</span> <span class='ocrx_word' id='word_1_461' title='bbox 970 2906 971 2938; x_wconf 72' lang='lat' dir='ltr'>l</span> <span class='ocrx_word' id='word_1_462' title='bbox 993 2910 1057 2941; x_wconf 84' lang='lat' dir='ltr'>lum</span> <span class='ocrx_word' id='word_1_463' title='bbox 1078 2920 1175 2941; x_wconf 83' lang='lat' dir='ltr'>meum</span> <span class='ocrx_word' id='word_1_464' title='bbox 1198 2909 1354 2940; x_wconf 83' lang='lat' dir='ltr'>minimum</span> <span class='ocrx_word' id='word_1_465' title='bbox 1375 2908 1504 2946; x_wconf 77' lang='lat' dir='ltr'>dietum,</span> <span class='ocrx_word' id='word_1_466' title='bbox 1533 2919 1594 2940; x_wconf 76' lang='lat' dir='ltr'>non</span> <span class='ocrx_word' id='word_1_467' title='bbox 1618 2909 1706 2940; x_wconf 80' lang='lat' dir='ltr'>modo</span> <span class='ocrx_word' id='word_1_468' title='bbox 1727 2908 1855 2949; x_wconf 78' lang='lat' dir='ltr'>ficetum</span> 
     </span>
     <span class='ocr_line' id='line_1_59' title="bbox 87 2956 1856 3004; baseline 0.001 -14"><span class='ocrx_word' id='word_1_469' title='bbox 87 2958 249 2999; x_wconf 84' lang='lat' dir='ltr'>proximis</span> <span class='ocrx_word' id='word_1_470' title='bbox 272 2960 412 3001; x_wconf 86' lang='lat' dir='ltr'>scriptor</span> <span class='ocrx_word' id='word_1_471' title='bbox 434 2960 625 3002; x_wconf 85' lang='lat' dir='ltr'>imperfecto</span> <span class='ocrx_word' id='word_1_472' title='bbox 651 2961 849 3003; x_wconf 82' lang='lat' dir='ltr'>impetra-rem</span> <span class='ocrx_word' id='word_1_473' title='bbox 870 2971 949 2993; x_wconf 86' lang='lat' dir='ltr'>usus</span> <span class='ocrx_word' id='word_1_474' title='bbox 991 2973 1050 3004; x_wconf 81' lang='lat' dir='ltr'>pro</span> <span class='ocrx_word' id='word_1_475' title='bbox 1074 2963 1211 2995; x_wconf 84' lang='lat' dir='ltr'>Caesare</span> <span class='ocrx_word' id='word_1_476' title='bbox 1222 2956 1413 2994; x_wconf 74' lang='lat' dir='ltr'>intercessit.</span> <span class='ocrx_word' id='word_1_477' title='bbox 1430 2963 1518 2994; x_wconf 90' lang='lat' dir='ltr'>Phil.</span> <span class='ocrx_word' id='word_1_478' title='bbox 1532 2964 1579 2995; x_wconf 91' lang='lat' dir='ltr'>H.</span> <span class='ocrx_word' id='word_1_479' title='bbox 1598 2963 1657 2996; x_wconf 82' lang='lat'>107</span> <span class='ocrx_word' id='word_1_480' title='bbox 1672 2972 1747 3004; x_wconf 78' lang='lat' dir='ltr'>quos</span> <span class='ocrx_word' id='word_1_481' title='bbox 1761 2962 1856 2994; x_wconf 78' lang='lat' dir='ltr'>clien-</span> 
     </span>
     <span class='ocr_line' id='line_1_60' title="bbox 89 3011 1858 3067; baseline 0.001 -24"><span class='ocrx_word' id='word_1_482' title='bbox 89 3016 147 3044; x_wconf 87' lang='lat' dir='ltr'>est.</span> <span class='ocrx_word' id='word_1_483' title='bbox 170 3011 237 3044; x_wconf 87' lang='lat' dir='ltr'>Sed</span> <span class='ocrx_word' id='word_1_484' title='bbox 259 3013 294 3044; x_wconf 90' lang='lat' dir='ltr'>in</span> <span class='ocrx_word' id='word_1_485' title='bbox 316 3014 479 3055; x_wconf 84' lang='lat' dir='ltr'>prioribus</span> <span class='ocrx_word' id='word_1_486' title='bbox 501 3014 553 3046; x_wconf 84' lang='lat' dir='ltr'>uis</span> <span class='ocrx_word' id='word_1_487' title='bbox 576 3025 613 3047; x_wconf 86' lang='lat' dir='ltr'>ac</span> <span class='ocrx_word' id='word_1_488' title='bbox 635 3015 741 3047; x_wconf 87' lang='lat' dir='ltr'>forma</span> <span class='ocrx_word' id='word_1_489' title='bbox 768 3015 948 3057; x_wconf 83' lang='lat' dir='ltr'>praesentis</span> <span class='ocrx_word' id='word_1_490' title='bbox 970 3034 973 3067; x_wconf 64' lang='grc' dir='ltr'>ι</span> <span class='ocrx_word' id='word_1_491' title='bbox 994 3018 1043 3048; x_wconf 82' lang='lat' dir='ltr'>tes</span> <span class='ocrx_word' id='word_1_492' title='bbox 1065 3026 1152 3048; x_wconf 82' lang='lat' dir='ltr'>nemo</span> <span class='ocrx_word' id='word_1_493' title='bbox 1173 3015 1288 3047; x_wconf 81' lang='lat' dir='ltr'>habere</span> <span class='ocrx_word' id='word_1_494' title='bbox 1310 3015 1395 3054; x_wconf 79' lang='lat' dir='ltr'>velit,</span> <span class='ocrx_word' id='word_1_495' title='bbox 1419 3026 1480 3047; x_wconf 78' lang='lat' dir='ltr'>non</span> <span class='ocrx_word' id='word_1_496' title='bbox 1501 3015 1590 3047; x_wconf 87' lang='lat' dir='ltr'>modo</span> <span class='ocrx_word' id='word_1_497' title='bbox 1612 3015 1739 3047; x_wconf 71' lang='lat' dir='ltr'>illorum</span> <span class='ocrx_word' id='word_1_498' title='bbox 1759 3015 1858 3046; x_wconf 78' lang='lat' dir='ltr'>cliens</span> 
     </span>
     <span class='ocr_line' id='line_1_61' title="bbox 89 3062 1074 3104; baseline 0.007 -11"><span class='ocrx_word' id='word_1_499' title='bbox 89 3064 136 3093; x_wconf 77' lang='lat' dir='ltr'>est</span> <span class='ocrx_word' id='word_1_500' title='bbox 159 3062 276 3101; x_wconf 82' lang='lat' dir='ltr'>effecit,</span> <span class='ocrx_word' id='word_1_501' title='bbox 299 3069 336 3096; x_wconf 83' lang='lat' dir='ltr'>ut</span> <span class='ocrx_word' id='word_1_502' title='bbox 356 3064 587 3096; x_wconf 73' lang='lat' dir='ltr'>intermittatur</span> <span class='ocrx_word' id='word_1_503' title='bbox 622 3066 795 3104; x_wconf 54' lang='lat' dir='ltr'>scriberem</span> <span class='ocrx_word' id='word_1_504' title='bbox 829 3066 950 3098; x_wconf 87' lang='lat' dir='ltr'>deinde</span> <span class='ocrx_word' id='word_1_505' title='bbox 971 3089 973 3095; x_wconf 85' lang='lat'>·</span> <span class='ocrx_word' id='word_1_506' title='bbox 996 3079 1074 3101; x_wconf 85' lang='lat' dir='ltr'>esse.</span> 
     </span>
    </p>

    <p class='ocr_par' dir='ltr' id='par_1_17' title="bbox 92 3116 1857 3219">
     <span class='ocr_line' id='line_1_62' title="bbox 92 3116 1857 3163; baseline 0.005 -17"><span class='ocrx_word' id='word_1_507' title='bbox 92 3121 200 3148; x_wconf 80' lang='lat' dir='ltr'>autem</span> <span class='ocrx_word' id='word_1_508' title='bbox 222 3116 283 3148; x_wconf 86' lang='lat' dir='ltr'>ista</span> <span class='ocrx_word' id='word_1_509' title='bbox 305 3119 554 3156; x_wconf 81' lang='lat' dir='ltr'>consuetudine,</span> <span class='ocrx_word' id='word_1_510' title='bbox 577 3120 688 3160; x_wconf 84' lang='lat' dir='ltr'>quain</span> <span class='ocrx_word' id='word_1_511' title='bbox 704 3120 851 3161; x_wconf 79' lang='lat' dir='ltr'>epistolis</span> <span class='ocrx_word' id='word_1_512' title='bbox 870 3119 948 3150; x_wconf 87' lang='lat' dir='ltr'>scri·</span> <span class='ocrx_word' id='word_1_513' title='bbox 972 3117 974 3151; x_wconf 72' lang='lat' dir='ltr'>l</span> <span class='ocrx_word' id='word_1_514' title='bbox 1040 3123 1194 3163; x_wconf 70' lang='lat' dir='ltr'>lynaviae</span> <span class='ocrx_word' id='word_1_515' title='bbox 1216 3124 1377 3155; x_wconf 80' lang='lat' dir='ltr'>delictum.</span> <span class='ocrx_word' id='word_1_516' title='bbox 1405 3124 1504 3163; x_wconf 82' lang='lat' dir='ltr'>Quod</span> <span class='ocrx_word' id='word_1_517' title='bbox 1526 3124 1622 3155; x_wconf 86' lang='lat' dir='ltr'>codd.</span> <span class='ocrx_word' id='word_1_518' title='bbox 1650 3124 1728 3154; x_wconf 85' lang='lat' dir='ltr'>dant</span> <span class='ocrx_word' id='word_1_519' title='bbox 1757 3123 1857 3155; x_wconf 82' lang='lat' dir='ltr'>delec-</span> 
     </span>
     <span class='ocr_line' id='line_1_63' title="bbox 92 3169 1856 3219; baseline 0.006 -20"><span class='ocrx_word' id='word_1_520' title='bbox 92 3169 208 3202; x_wconf 84' lang='lat' dir='ltr'>bendis</span> <span class='ocrx_word' id='word_1_521' title='bbox 230 3172 442 3211; x_wconf 77' lang='lat' dir='ltr'>praeteritum</span> <span class='ocrx_word' id='word_1_522' title='bbox 465 3177 609 3213; x_wconf 80' lang='lat' dir='ltr'>spectare</span> <span class='ocrx_word' id='word_1_523' title='bbox 635 3174 796 3211; x_wconf 80' lang='lat' dir='ltr'>solebant,</span> <span class='ocrx_word' id='word_1_524' title='bbox 830 3183 847 3204; x_wconf 77' lang='lat' dir='ltr'>a</span> <span class='ocrx_word' id='word_1_525' title='bbox 873 3173 951 3213; x_wconf 85' lang='lat' dir='ltr'>legi-</span> <span class='ocrx_word' id='word_1_526' title='bbox 999 3179 1049 3208; x_wconf 72' lang='lat' dir='ltr'>!us</span> <span class='ocrx_word' id='word_1_527' title='bbox 1072 3177 1135 3209; x_wconf 86' lang='lat' dir='ltr'>dici</span> <span class='ocrx_word' id='word_1_528' title='bbox 1158 3186 1252 3218; x_wconf 86' lang='lat' dir='ltr'>posse</span> <span class='ocrx_word' id='word_1_529' title='bbox 1277 3187 1335 3219; x_wconf 87' lang='lat' dir='ltr'>pro</span> <span class='ocrx_word' id='word_1_530' title='bbox 1358 3177 1570 3218; x_wconf 73' lang='lat' dir='ltr'>neqlz&#39;qentiae</span> <span class='ocrx_word' id='word_1_531' title='bbox 1592 3176 1623 3209; x_wconf 72' lang='lat' dir='ltr'>iu</span> <span class='ocrx_word' id='word_1_532' title='bbox 1648 3176 1770 3210; x_wconf 71' lang='lat' dir='ltr'>delectu</span> <span class='ocrx_word' id='word_1_533' title='bbox 1799 3177 1856 3209; x_wconf 80' lang='grc' dir='ltr'><em>Ιια-</em></span> 
     </span>
    </p>
   </div>
  </div>
 </body>
</html>
