2062 3565
158 142 241 182 246
559 140 643 180 ΕΡ.
678 139 754 180 AD
786 139 832 179 T.
867 136 1485 180 POMPONIUMATTICUM.

153 281 201 317 ut
231 275 308 317 tibi
341 276 502 317 daretur
512 293 523 326 3
558 274 746 315 Catulum
780 278 820 314 et
850 273 1081 323 Lucullum,
1115 278 1160 313 ut
1193 273 1347 328 opinor,
1382 279 1512 314 antea.
1552 275 1629 316 His
1661 274 1775 317 libris
1808 291 1912 318 nova

152 349 353 405 prooemia
386 352 482 389 sunt
513 346 664 397 addita,
698 346 847 402 quibus
876 361 1013 388 eorum
1046 351 1214 402 uterque
1246 346 1449 389 laudatur.
1499 348 1578 391 Eas
1611 350 1637 394 †
1656 350 1792 392 literas
1824 349 1914 392 volo

152 420 313 471 habeas,
358 425 399 462 et
430 424 526 461 sunt
558 419 754 475 quaedam
787 419 877 460 alia.
928 407 995 470 Et,
1031 419 1137 474 quod
1171 419 1221 460 ad
1253 424 1292 461 te
1326 420 1376 461 de
1409 420 1546 463 decem
1578 422 1721 479 legatis
1755 424 1910 480 scripsi,

153 510 295 550 parum
329 493 544 544 intellexti,
579 493 711 544 credo,
747 493 841 548 quia
876 486 966 535 διά
999 492 1213 551 σημείων
1245 494 1492 549 scripseram.
1537 496 1597 537 De
1631 496 1677 538 C.
1710 496 1912 538 Tuditano

118 586 131 610 5
149 569 255 611 enim
303 566 554 624 quaerebam,
601 582 718 622 quem
763 582 811 608 ex
858 567 1079 608 Hortensio
1124 567 1327 610 audieram
1373 569 1495 610 fuisse
1538 570 1582 611 in
1624 570 1760 612 decem
1773 588 1785 621 3
1819 584 1911 611 eum

96 954 130 980 10

149 642 264 684 video
308 642 351 683 in
395 640 564 682 Libonis
612 644 833 696 praetorem
867 641 915 681 P.
951 640 1139 696 Popillio,
1175 641 1221 682 P.
1256 641 1419 697 Rupilio
1454 644 1600 698 (coss.).
1634 644 1763 685 Annis
1792 657 1913 686 xlm.

149 721 254 766 ante,
300 730 419 771 quam
464 719 621 771 praetor
664 711 793 756 factus
840 720 913 765 est,
949 714 1106 770 legatus
1139 730 1223 757 esse
1259 717 1368 771 (non)
1404 717 1550 772 potuit,
1586 718 1663 759 nisi
1696 717 1911 760 admodum

149 805 235 831 sero
269 792 455 845 quaestor
487 793 547 829 est
579 787 729 839 factus;
765 788 872 844 quod
904 803 986 829 non
1020 787 1204 830 arbitror.
1239 789 1368 830 Video
1395 790 1501 831 enim
1525 791 1683 833 curules
1704 792 1912 847 magistra-

148 868 214 904 tus
257 877 348 904 eum
394 861 584 917 legitimis
630 862 745 903 annis
778 862 965 918 perfacile
999 862 1165 918 cepisse.
1215 863 1469 906 Postumium
1503 870 1652 917 autem,
1687 866 1801 908 cuius
1835 871 1912 908 sta-

146 942 259 978 tuam
304 935 348 977 in
391 935 547 976 Isthmo
591 935 819 977 meminisse
862 940 901 976 te
949 935 1064 986 dicis,
1099 935 1143 977 in
1175 936 1226 978 iis
1259 936 1485 980 nesciebam
1519 938 1655 981 fuisse.
1703 939 1745 981 Is
1777 944 1911 982 autem

147 1015 221 1060 est,
267 1009 338 1064 qui
387 1023 479 1050 cum
525 1009 604 1064 (L.)
648 1009 818 1051 Lucullo
861 1012 972 1064 (cos.)
1016 1009 1108 1060 fuit,
1143 1026 1260 1065 quem
1294 1016 1340 1053 tu
1372 1012 1473 1054 mihi
1507 1012 1700 1055 addidisti
1733 1029 1827 1056 sane
1860 1014 1911 1056 ad

188 1189 207 1219 6
230 1189 443 1231 [consulibus]
466 1207 508 1212 —
530 1188 548 1222 7
571 1198 639 1221 esse
653 1190 834 1231 potuisset?
858 1189 928 1220 Nisi
950 1209 991 1214 —
1013 1191 1061 1226 8†
1087 1165 1235 1233 ffaestor
1259 1208 1300 1213 —
1316 1190 1354 1222 10
1376 1190 1410 1221 in
1432 1190 1472 1221 iis
1493 1191 1625 1222 sciebam
1649 1209 1689 1214 —
1715 1193 1750 1223 ll
1769 1192 1822 1235 qui
1845 1203 1911 1224 cum

146 1242 277 1273 Lucullo
290 1242 364 1283 fuit
386 1261 427 1266 —

144 1428 210 1460 Illo
243 1429 379 1460 nomine
408 1429 571 1470 significat
600 1430 723 1460 librum
752 1431 769 1460 Ι
791 1431 831 1462 de
854 1430 1004 1468 Finibus,
1026 1422 1029 1458 !
1052 1426 1141 1458 Fasti
1165 1434 1275 1459 autem
1299 1428 1336 1459 C
1360 1426 1596 1469 Sempronium
1612 1427 1817 1459 Tuditanum
1835 1437 1910 1458 cum

144 1482 179 1513 in
202 1491 267 1523 quo
290 1482 475 1523 Torquatus
498 1482 659 1523 Epicurea
689 1483 825 1523 exponit
850 1482 904 1521 (cf.
926 1483 958 1513 h.
982 1483 1002 1514 1.
1026 1464 1099 1511 M
1122 1480 1274 1521 Aquinio
1297 1491 1385 1512 anno
1400 1481 1462 1512 624
1475 1480 1550 1515 (625
1569 1481 1910 1520 Varron.)consulem

145 1546 194 1577 ep.
218 1538 235 1567 5
260 1535 337 1567 Misi
359 1536 418 1567 tibi
442 1536 661 1578 Torquatum&
690 1537 771 1569 haec
793 1542 940 1578 spectant
964 1538 1029 1583 ad
1050 1534 1149 1566 fuisse
1171 1535 1300 1566 docent.

144 1589 371 1621 recensionem
399 1590 684 1622 Academicorum
719 1591 811 1621 cuius
844 1591 928 1622 liber
958 1600 1003 1622 se·
1092 1588 1231 1630 Leyatus
1253 1599 1321 1620 esse
1343 1600 1403 1620 non
1420 1590 1535 1630 potuit,
1559 1589 1631 1621 nisi.
1655 1588 1809 1621 Correxit
1829 1589 1911 1621 haee

144 1644 280 1680 cundus,
304 1643 360 1684 qui
384 1643 756 1681 inscribiturLucullus,
769 1650 925 1685 superest.
939 1646 1003 1676 Ac·
1050 1642 1151 1672 verba
1172 1641 1430 1683 Wesenbergius
1464 1643 1601 1674 Emend
1626 1653 1655 1684 P·
1680 1643 1728 1680 15,
1751 1652 1853 1684 quum
1874 1642 1909 1674 in

143 1696 308 1728 cusat-ivos
331 1707 349 1728 a
371 1706 476 1738 praec.
501 1697 572 1727 misi
594 1698 736 1738 pendere
759 1698 908 1730 arbitror
1050 1696 1143 1727 libris
1170 1697 1250 1728 Mss.
1282 1697 1401 1729 omissa
1432 1698 1608 1738 negatione
1639 1698 1768 1738 legatur
1788 1715 1828 1721 —-
1848 1697 1909 1738 leq.

184 1750 249 1781 Eas
281 1751 394 1782 literas
431 1750 500 1781 volo
533 1751 658 1782 habeas.
700 1752 769 1783 Etsi
812 1752 925 1784 literae
963 1753 1004 1784 de
1051 1760 1117 1781 esse
1132 1751 1298 1791 potuisset,
1321 1751 1396 1783 nisi.
1420 1751 1468 1783 Cf.
1494 1761 1533 1793 ep
1568 1752 1596 1789 6,
1619 1753 1639 1783 4
1660 1752 1701 1783 de
1713 1752 1829 1783 eodem
1844 1751 1909 1783 'ru-

143 1804 259 1845 quovis
293 1804 412 1845 scripto
446 1804 612 1842 dicuntur,
646 1804 688 1835 cf.
720 1805 833 1836 Madv.
864 1805 905 1835 ad
928 1804 1002 1836 Fin.
1050 1804 1170 1842 ditano,
1194 1804 1246 1846 qui
1271 1807 1333 1835 tum
1356 1816 1416 1836 non
1433 1808 1583 1846 potuerat
1604 1815 1671 1837 esse
1693 1806 1823 1847 quatus.

146 1856 172 1887 I.
195 1856 242 1893 12,
266 1866 333 1887 non
364 1862 476 1888 tamen
510 1862 588 1898 puto
621 1858 790 1898 prooemia
812 1858 868 1888 illa
891 1858 1005 1889 literas
1026 1885 1030 1908 Ι
1096 1858 1166 1889 Nisi
1188 1858 1349 1890 admodum
1372 1870 1441 1891 sero
1462 1862 1608 1903 quaestor
1619 1860 1795 1901 estfactus.
1818 1859 1908 1892 Male

143 1910 311 1952 appellari.
352 1910 529 1952 Perperam
575 1910 750 1942 Schutzius
786 1912 916 1953 scripsit
955 1919 1031 1966 ⁶²⁰⁸!
1057 1911 1204 1944 Orellius
1234 1913 1426 1944 asteriscum
1457 1913 1610 1955 praefixit
1639 1913 1798 1944 vocabulo
1819 1922 1909 1954 quae-

142 1963 238 1997 libros
273 1965 341 1997 volo
376 1965 510 2002 habeas;
545 1976 624 1997 nam
660 1966 760 1997 libros
794 1967 880 2008 ipsos
917 1967 1003 1998 Atti-
1026 1967 1127 2006 ²8l0r,
1162 1969 1260 2010 idque
1294 1969 1347 2000 vel
1384 1969 1562 2000 delendum
1594 1969 1645 2000 vel
1680 1978 1757 1999 cum
1788 1967 1910 2010 Pighio

143 2028 199 2049 cus
227 2018 293 2049 iam
327 2025 423 2050 antea
458 2024 641 2060 acceperat3
666 2029 755 2050 nunc
779 2018 894 2050 Cicero
920 2030 1005 2050 nun-
1044 2025 1176 2063 praetor
1206 2023 1416 2054 scribendum
1446 2028 1549 2064 putat:
1587 2023 1774 2064 Utrumque
1796 2026 1910 2054 vetant

144 2073 204 2105 tiat
237 2083 272 2105 se
305 2084 390 2105 nova
419 2075 586 2115 prooemia
619 2075 757 2106 misisse.
794 2075 864 2106 Nec
897 2076 1004 2116 placet
1051 2086 1097 2113 ea,
1122 2085 1205 2116 quae
1228 2076 1402 2107 adduntur.
1426 2075 1513 2107 Nam
1535 2076 1562 2107 si
1585 2075 1713 2106 curules
1735 2075 1904 2116 magistra-

143 2127 230 2167 quod
252 2126 395 2160 Orellius
417 2128 617 2168 excogitavit
639 2137 693 2158 eas
717 2124 874 2174 δευτέρας
888 2123 1003 2176 (φρον-
1050 2136 1103 2161 tus
1132 2130 1290 2171 legitimis
1319 2130 1414 2161 annis
1448 2130 1543 2171 cepit,
1574 2140 1642 2161 non
1665 2139 1746 2167 sem,
1769 2130 1827 2161 sed
1848 2139 1908 2161 suo

143 2176 260 2225 τίὃας)
284 2185 352 2215 colo
375 2184 501 2216 habeas.
521 2185 647 2216 Verum
670 2192 759 2226 puto,
773 2187 863 2226 quod
879 2187 1002 2220 Rinke-
1050 2194 1138 2215 anno
1166 2189 1297 2225 praetor
1325 2188 1373 2215 est
1394 2183 1510 2215 fantus.
1540 2183 1655 2215 Cicero
1677 2189 1787 2215 autem
1809 2188 1909 2224 negat

144 2239 212 2270 sius
234 2237 402 2279 proposuit
424 2228 608 2282 διφθέρας,
633 2238 708 2269 coll.
740 2238 840 2275 XHI,
855 2239 904 2269 24.
923 2239 1001 2270 Vid.
1049 2248 1083 2269 se
1115 2238 1265 2269 arbitrari
1289 2247 1374 2275 eum,
1397 2238 1456 2279 qui
1477 2248 1537 2269 suo
1559 2248 1647 2269 anno
1670 2238 1794 2275 aedilis,
1817 2247 1908 2279 prae-

143 2296 381 2335 Mnemosynes
404 2293 482 2324 Vol.
505 2293 548 2325 V.
564 2303 593 2334 p.
617 2293 667 2326 26.
1048 2299 1107 2330 tor,
1137 2293 1251 2324 consul
1283 2293 1386 2324 factus
1416 2293 1466 2330 sit,
1497 2302 1570 2324 sero
1600 2298 1809 2334 quaestorem
1838 2301 1909 2324 esse

187 2348 228 2379 Et
262 2348 344 2391 quod
374 2366 416 2372 —
442 2347 564 2387 scripsi.
595 2347 679 2379 Cum
710 2347 836 2380 Orellio
855 2348 899 2386 id,
921 2350 1004 2391 quod
1047 2347 1180 2378 factum.

144 2404 255 2444 legere
277 2401 402 2438 malim,
425 2410 524 2442 quam
546 2403 577 2430 et
599 2400 717 2432 delere.
1023 2419 1026 2458 Ι
1089 2401 1288 2432 Postumium.
1323 2404 1366 2433 A.
1400 2401 1611 2433 Postumium
1644 2401 1817 2440 Albinum,
1850 2402 1908 2443 qui

189 2456 366 2487 Intelleoeti.
401 2455 522 2486 Forma
553 2455 633 2486 haee
662 2461 837 2501 contracta,
871 2467 933 2497 qna
957 2458 1001 2488 lo-
1023 2459 1026 2474 ¹
1047 2465 1099 2487 res
1131 2456 1295 2487 Romanas
1327 2455 1450 2487 Graece
1472 2456 1609 2497 scripsit,
1633 2456 1780 2487 diversus
1803 2455 1844 2486 ab
1867 2465 1906 2487 eo

142 2517 281 2553 quentes
309 2516 342 2542 et
374 2509 431 2551 qui
459 2519 645 2540 sermonem
679 2510 849 2550 vulgarem
873 2511 1001 2543 imitan-
1022 2475 1026 2558 i
1047 2509 1184 2546 Albino,
1208 2519 1306 2550 quem
1340 2519 1389 2550 ep.
1413 2509 1461 2546 30,
1485 2509 1503 2539 3
1526 2509 1561 2539 in
1583 2509 1697 2540 decem
1719 2507 1821 2539 fuisse
1837 2508 1905 2549 ipse

142 2569 196 2595 tur
217 2563 335 2595 comici
355 2562 484 2604 saepius
505 2562 692 2594 utebantur.
717 2573 790 2594 raro
814 2564 848 2594 in
873 2563 998 2595 Cicero·
1024 2566 1027 2617 Ἰ
1047 2562 1227 2602 scripserat.
1249 2562 1426 2603 Propterea
1439 2562 1545 2603 recepi
1557 2561 1680 2593 Mureti
1692 2560 1778 2592 coni.
1791 2560 1906 2591 nescie-

142 2619 195 2650 nis
228 2617 356 2659 scriptis
389 2616 520 2656 legitur,
555 2616 646 2647 velut
675 2617 717 2647 N.
747 2617 777 2648 D
818 2618 882 2649 ΙΙΙ.
906 2618 946 2650 23
969 2624 1001 2650 et
1024 2622 1025 2643 1
1047 2615 1126 2646 bam·
1165 2616 1253 2647 Nam
1281 2617 1370 2647 hunc
1401 2616 1525 2657 aceepit
1554 2616 1595 2647 ab
1617 2615 1731 2646 Attico
1754 2615 1849 2655 (quem
1872 2616 1906 2644 tu

141 2671 218 2703 Fin.
250 2671 296 2701 ΙΙ.
330 2670 369 2700 10
402 2668 494 2706 dixti,
527 2669 585 2700 ubi
615 2679 703 2700 cons.
738 2670 938 2712 Madvigius,
970 2677 1001 2703 81
1023 2665 1025 2710 Ι
1047 2670 1122 2700 mihi
1143 2669 1300 2700 addidisti
1321 2670 1397 2710 cet.)
1407 2669 1535 2706 ;illurn
1551 2669 1692 2700 alterum
1707 2667 1838 2699 sciebat.
1854 2666 1904 2699 Cf.

141 2725 274 2755 Iordan.
303 2723 344 2754 ad
377 2733 422 2753 or.
457 2733 488 2763 p.
523 2721 619 2753 Caec.
642 2723 692 2754 82.
728 2723 804 2761 Hic,
829 2723 887 2755 ubi
909 2725 1000 2756 nulla
1022 2712 1025 2753 l
1047 2724 1348 2764 Wesenbergiusl.
1372 2724 1394 2754 1

142 2784 230 2809 certa
262 2777 339 2808 libri
372 2777 435 2808 Ms.
473 2781 585 2808 8110101
588 2777 665 2808 itate
698 2787 841 2818 syncope
875 2779 999 2816 nititur,
1022 2784 1025 2814 ξ
1092 2777 1152 2818 Qui
1175 2787 1241 2807 cum
1265 2777 1298 2807 L.
1323 2776 1454 2807 Lucullo
1476 2785 1537 2807 003.
1544 2775 1626 2816 fuit.
1652 2774 1818 2807 Omittunt
1828 2773 1905 2804 libri

141 2831 298 2868 intellexi,
333 2831 422 2871 quod
454 2840 471 2861 e
499 2830 650 2861 Mediceo
673 2830 814 2868 affertm,
838 2832 1000 2873 corrigen-
1021 2831 1127 2904 ‘Mss
1157 2841 1218 2861 cos.
1251 2836 1283 2861 et
1306 2830 1354 2867 L.,
1383 2840 1485 2871 quum
1507 2834 1616 2861 tamen
1634 2828 1811 2860 dicendum
1822 2832 1905 2858 esset

141 2884 221 2915 dum
242 2890 321 2925 puto
342 2881 541 2914 inbellaris&
1046 2885 1122 2926 quid
1143 2884 1240 2916 fuerit
1262 2891 1295 2915 et
1316 2895 1391 2915 cum
1413 2894 1472 2925 quo
1494 2883 1646 2915 Lucullo.
1670 2882 1775 2913 Plane
1795 2881 1842 2912 310
1857 2881 1903 2912 18-

184 2936 223 2966 In
253 2935 388 2974 Libonis,
418 2935 578 2967 omittitur
607 2936 696 2974 libro,
726 2943 762 2968 ut
791 2937 946 2975 X11.23‚
971 2930 1197 2979 ²),lgiturde
1220 2938 1334 2969 eodem
1357 2938 1419 2969 hoc
1441 2937 1485 2968 A.
1511 2936 1638 2968 Albino
1661 2935 1695 2966 in
1726 2935 1842 2971 Bruto,
1864 2933 1902 2964 81

141 2990 198 3021 ubi
219 2990 304 3021 vide.
991 2964 1078 3031 let
1109 2993 1196 3033 apud
1224 2991 1370 3023 Gellium
1400 2992 1442 3022 N.
1465 2992 1508 3022 A
1531 2990 1595 3021 XI.
1619 2990 1647 3020 8.
1683 2988 1905 3020 Emendaram

181 3043 220 3076 P.
243 3043 392 3085 Popillio.
415 3044 454 3075 P.
477 3043 602 3085 Rupilio
624 3054 700 3076 coss.
723 3046 889 3077 Ultimum
907 3057 1000 3078 voca·
1021 3035 1024 3052 ⁸
1045 3046 1100 3083 1138,
1123 3055 1225 3086 quum
1249 3046 1391 3086 primum
1414 3045 1494 3076 haec
1516 3045 1677 3084 leger-3em
1701 3046 1814 3083 postea
1834 3041 1903 3073 vidi

141 3097 259 3127 bulum
290 3097 381 3128 deest
415 3097 449 3127 in
481 3097 689 3135 membranis,
729 3100 784 3130 sed
816 3109 910 3130 neces
913 3101 999 3132 sario
1022 3129 1023 3134 ,
1045 3099 1322 3140 Wesenberg-ium
1354 3100 1363 3130 l
1398 3100 1419 3130 l.
1452 3099 1486 3130 in
1510 3099 1619 3130 adnot.
1642 3094 1795 3128 similiter
1816 3095 1903 3127 indi-

141 3151 326 3183 addendum
362 3155 441 3183 erat.
475 3149 636 3182 Consules
667 3151 800 3184 fuerunt
821 3163 849 3184 a.
872 3163 903 3184 u.
929 3154 999 3184 622
1021 3163 1147 3186 scasse.

2056 1795 2059 1799 .
2056 1776 2058 1779 ⁴
2060 1758 2062 1762 .
2040 1670 2062 1742 (μβ
2057 1635 2062 1659 --
2041 1539 2054 1582 Ἥ..
