2062 3565
684 166 790 208 LIB.
827 167 901 209 IX.
938 168 1019 210 ΕΡ.
1060 172 1099 210 9.
1139 171 1208 211 lo.
1770 179 1824 215 ‹55›

61 311 182 349 stum.
216 301 470 356 Quamquam
499 301 598 344 mihi
632 302 708 344 ista
741 303 876 344 onmia
898 303 977 344 iam
1001 302 1162 346 addicta
1185 305 1358 348 vastitati
1387 295 1603 349 videntur(
1623 307 1827 364 Respondi

61 376 240 436 epistolis
287 375 433 428 tribus,
483 376 551 421 sed
585 382 770 432 exspecto
804 377 915 418 alias.
971 378 1076 419 Nam
1113 394 1173 420 me
1208 379 1339 421 adhuc
1373 387 1465 423 tuae
1500 381 1637 423 literae
1671 387 1826 424 susten-

60 455 211 495 tarunt.
245 449 297 491 D.
331 448 600 492 Liberalibus.

61 627 91 660 p.
116 615 211 648 Balb.
233 614 284 646 20.
308 613 462 646 Fortasse
491 614 717 646 scribendum:
749 613 838 646 Volui
851 614 919 647 HS.
940 636 943 667 Ι
965 617 1141 650 scriberem
1165 624 1236 650 acta
1258 628 1328 650 esse
1351 619 1506 660 postridie
1538 619 1586 650 1‹1.
1610 619 1708 650 Mart.
1738 620 1826 660 Age·

60 660 228 713 quinbenta
244 678 306 710 pro
321 668 457 710 praedio
479 668 531 699 illi
550 668 630 699 dare
644 669 745 699 cet.1.
761 668 798 699 F.
816 668 917 700 Gron.
968 670 1085 702 bantur
1108 681 1136 702 a.
1159 672 1190 702 d.
1213 670 1302 702 XVI
1325 672 1402 703 Kal.
1423 672 1516 712 Apr„
1539 672 1597 713 qui
1619 678 1668 703 est
1682 672 1751 703 dies
1771 673 1823 703 111

0 722 4 726 ”
62 723 179 756 ultima
201 723 248 754 sic
270 722 457 764 temptavit:
481 722 538 753 ille
560 722 640 753 dare
663 740 703 745 —
726 722 841 753 noluit.
940 720 943 746 ἕ
966 730 1039 764 post
1061 723 1151 754 Idus.
1176 723 1283 755 Tertia
1299 726 1372 765 post
1395 723 1474 754 Idus
1494 724 1551 755 lm:
1569 726 1615 755 est
1627 724 1824 756 celeberrima

102 775 308 808 Liberalibus,
351 776 478 814 Erravi‚
509 786 612 817 quum
641 777 680 807 ad
712 776 772 807 V1.
813 776 841 813 l,
882 768 943 815 12‚'
971 776 1108 816 Baccho,
1131 777 1227 811 Ovid.
1250 777 1335 810 Fast.
1359 778 1424 810 ΠΙ.
1446 778 1515 810 7Ι3.

688 883 738 923 Χ.
804 883 871 936 (Α.
913 882 959 923 [J.
1001 885 1043 924 C.
1082 884 1200 937 705.)

126 1000 167 1040 1.
201 997 318 1040 Nihil
353 996 549 1039 habebam
584 997 690 1051 quod
725 997 953 1040 scriberem.
1008 999 1150 1054 Neque
1184 999 1289 1040 enim
1325 1000 1418 1041 novi
1446 999 1667 1056 quidquam
1690 999 1826 1040 audie-

62 1087 143 1114 ram
195 1078 236 1113 et
281 1071 329 1112 ad
374 1076 466 1113 tuas
510 1086 647 1112 omnes
692 1072 971 1127 rescripseram
1016 1071 1158 1127 pridie.
1208 1071 1300 1123 Sed,
1343 1088 1467 1128 quum
1514 1088 1576 1114 me
1617 1072 1827 1128 aegritudo

11 1158 14 1159 ’
63 1160 142 1187 non
176 1145 303 1187 solum
339 1158 480 1185 somno
515 1144 700 1199 privaret,
736 1159 872 1186 verum
906 1160 955 1186 ne
990 1143 1154 1199 vigilare
1188 1145 1350 1200 quidem
1385 1146 1470 1187 sine
1504 1160 1659 1187 summo
1693 1145 1827 1187 dolore

41 1222 279 1274 pateretur,
331 1223 467 1258 tecum
511 1222 558 1258 ut
600 1217 716 1272 quasi
758 1217 954 1272 loquerer,
999 1218 1042 1259 in
1090 1233 1170 1273 quo
1214 1233 1294 1260 uno
1329 1219 1552 1274 acquiesco,
1587 1218 1662 1260 hoc
1695 1218 1830 1259 nescio
1868 1237 1882 1262 s

62 1289 160 1346 quid
204 1289 316 1332 nullo
360 1294 596 1345 argumento
640 1290 844 1345 proposito
889 1289 1060 1332 scribere
1102 1291 1279 1332 institui.
1316 1295 1357 1333 2.
1392 1294 1542 1333 Amens
1575 1290 1675 1332 mihi
1709 1290 1830 1332 fuisse

8 1369 9 1372 ’
63 1363 198 1406 videor
242 1379 265 1405 a
310 1364 509 1419 principio
552 1370 593 1405 et
632 1379 695 1406 me
738 1379 819 1406 una
863 1363 960 1406 haec
994 1379 1056 1406 res
1087 1370 1262 1420 torquet,
1297 1364 1405 1420 quod
1438 1379 1520 1406 non
1569 1362 1756 1405 omnibus
1789 1364 1831 1404 in

4 1431 17 1498 37
62 1435 182 1479 rebus
224 1435 425 1479 labentem
476 1438 537 1479 vel
583 1438 718 1493 potius
758 1442 939 1480 ruentem
987 1438 1224 1494 Pompeium
1273 1414 1466 1493 tanqffam
1510 1451 1618 1478 unus
1650 1436 1832 1492 manipu-

62 1510 156 1552 laris
201 1515 362 1552 secutus
408 1511 498 1553 sim.
554 1511 652 1553 Vidi
696 1511 898 1553 hominem
944 1526 1036 1553 xlv.
1081 1511 1175 1553 Kal.
1221 1511 1338 1553 Febr.
1383 1510 1546 1567 plenum
1591 1508 1833 1550 formidinis.

0 1623 8 1645 ·.
64 1584 140 1626 Illo
180 1584 291 1640 ipso⁷
313 1583 377 1626 die
427 1584 533 1626 sensi
579 1584 677 1639 quid
727 1590 875 1639 ageret.
941 1584 1162 1640 Nunquam
1213 1583 1313 1624 mihi
1357 1587 1494 1639 postea
1543 1582 1709 1638 placuit,
1759 1596 1832 1622 nec
1857 1603 1890 1630 10

64 1671 243 1713 unquam
288 1657 399 1699 aliud
442 1657 485 1699 in
532 1657 610 1699 alio
659 1673 822 1713 peccare
866 1657 1036 1700 destitit.
1086 1656 1204 1699 Nihil
1245 1656 1408 1698 interim
1451 1655 1502 1696 ad
1548 1670 1610 1696 me
1645 1653 1831 1704 scribere,

0 1763 3 1766 .
61 1729 164 1772 nihil
195 1730 275 1772 nisi
307 1730 445 1786 fugam
478 1731 668 1786 cogitare.
702 1731 816 1777 Quid
850 1731 1034 1786 quaeris?
1068 1731 1183 1772 Sicut
1217 1727 1272 1774 ἐν
1305 1733 1413 1781 τοῖς
1447 1727 1705 1789 ἐρωτικοῖς
1738 1728 1831 1769 alie-

0 2413 22 2451 mf*
0 2296 21 2399 'WQ'W'
0 2250 20 2284 '11⁸'
0 2212 21 2237 θ’.
0 2198 2 2202 ”

0 2455 20 2511 3

7 3185 19 3193 ⁸
7 3075 27 3094 ιτ
0 2984 25 3050 ιῑίίτ·
0 2511 30 2972 ΜΕῚΜΜΦΚΜΜ

62 1807 210 1844 nantur
256 1802 360 1858 (viri)
405 1803 637 1845 immundae
658 1803 869 1845 'illecebris
901 1803 1115 1855 indecoris,
1149 1804 1206 1845 sic
1238 1818 1301 1844 me
1333 1802 1443 1844 illius
1475 1801 1594 1857 fugae
1626 1801 1831 1856 negligen-

63 1875 222 1930 tiaeque
266 1874 499 1918 deformitas
543 1877 688 1918 avertit
722 1876 772 1918 ab
806 1892 953 1918 amore.
1000 1876 1117 1918 Nihil
1149 1877 1256 1918 enim
1290 1875 1460 1931 dignum
1491 1873 1677 1926 faciebat,
1712 1889 1832 1929 quare

64 1947 150 1990 eius
194 1947 312 2003 fugae
359 1949 544 1991 comitem
586 1965 649 1991 me
691 1949 965 2005 adiungerem.
1012 1950 1134 1991 Nunc
1176 1949 1345 2004 emergit
1377 1963 1501 1999 amor,
1535 1963 1643 1990 nunc
1677 1948 1887 1995 deside-15

65 2021 170 2064 rium
203 2021 303 2064 ferre
337 2036 419 2063 non
451 2037 630 2077 possum,
662 2037 771 2064 nunc
804 2022 903 2064 mihi
936 2022 1039 2064 nihil
1072 2022 1178 2073 libri,
1213 2022 1317 2063 nihil
1342 2021 1499 2074 literae,
1519 2021 1622 2063 nihil
1645 2021 1828 2063 doctrina

67 2094 251 2150 prodest:
294 2096 352 2137 ita
401 2094 486 2137 dies
529 2101 570 2137 et
612 2101 763 2147 noctes,
808 2101 1013 2151 tamquam
1046 2095 1130 2137 avis
1162 2095 1245 2147 illa,
1281 2109 1387 2136 mare
1421 2098 1645 2150 prospecto,
1679 2094 1833 2135 evolare

66 2169 199 2224 cupio.
246 2168 322 2220 Do,
364 2167 415 2209 do
459 2183 607 2224 poenas
648 2169 884 2210 temeritatis
928 2184 1052 2211 meae.
1098 2169 1187 2210 Etsi
1233 2183 1333 2222 quae
1376 2166 1454 2208 fuit
1496 2166 1566 2208 illa
1598 2166 1833 2208 temeritas?

111 2331 151 2363 13
173 2331 320 2364 alienant
343 2331 529 2370 immundae,
551 2332 704 2372 insulsae,
726 2333 893 2366 indecorae
915 2351 954 2356 -

112 2479 132 2519 ξ
154 2479 183 2510 2.
210 2478 367 2521 Tanquam
389 2487 469 2510 unns
491 2477 709 2519 manipularis,
729 2488 764 2510 οι
788 2488 855 2510 11011
872 2479 929 2510 ali·
948 2506 949 2511 ,
975 2476 1198 2518 Peerlkampii
1220 2476 1412 2508 coniectura
1432 2475 1478 2507 sic
1500 2475 1623 2517 scripsi,
1660 2474 1722 2505 nisi
1746 2474 1835 2514 quod

72 2537 121 2564 ter
141 2541 240 2573 quam
264 2531 434 2572 gregarius
456 2532 561 2563 miles.
583 2531 654 2562 Nos
675 2532 833 2563 dicimus:
869 2542 930 2563 zoo
949 2565 951 2584 1
975 2532 1032 2563 ille
1055 2531 1154 2562 etiam
1178 2531 1363 2571 corrigebat
1385 2529 1542 2561 immundo
1564 2529 1690 2560 vestitu.
1736 2527 1835 2566 Quod

71 2584 120 2616 als
141 2585 182 2616 de
204 2590 307 2616 eerste
328 2585 368 2616 de
392 2585 482 2616 besta
502 2584 640 2616 soldaat.
663 2584 705 2616 cf.
728 2585 814 2616 Phil.
839 2585 887 2616 ΙΙ.
911 2585 929 2618 7
950 2593 951 2602 ¹
976 2585 1078 2626 vulgo
1100 2585 1207 2616 editur
1227 2584 1373 2615 alienant
1395 2583 1580 2621 immundae,
1609 2582 1758 2618 insulsae,
1791 2580 1836 2610 in-

72 2638 220 2680 lanquam
249 2637 326 2668 mihi
358 2647 424 2669 cum
448 2637 494 2669 M.
517 2637 631 2669 Crasso
652 2638 812 2670 contentio
839 2641 931 2676 esset,
975 2640 1119 2678 decorae,
1141 2641 1248 2671 multo
1270 2640 1377 2680 magis
1400 2639 1521 2671 recedit
1543 2648 1561 2669 a
1583 2638 1654 2669 cod.
1677 2637 1777 2673 Med„
1803 2635 1835 2666 in

72 2700 135 2722 non
157 2701 224 2722 cum
246 2701 308 2722 uno
325 2691 509 2732 yladiatore
530 2691 727 2733 nequissimo.
765 2691 826 2724 eff.
848 2702 933 2734 quae
976 2706 1043 2738 quo
1065 2697 1221 2738 scriptum
1245 2703 1310 2728 est:
1341 2696 1528 2726 alienantur
1556 2692 1732 2724 immundae
1754 2692 1837 2722 insu-

75 2743 117 2776 de
136 2744 199 2776 hoe
221 2753 284 2775 usu
305 2744 399 2775 unius
420 2744 525 2785 dispp.
554 2744 744 2785 Wagnerus
776 2746 818 2777 ad
846 2746 931 2787 eleg.
977 2749 1018 2779 lis
1039 2749 1122 2780 unde
1143 2748 1264 2780 decore.
1287 2749 1439 2780 Fortasse
1463 2747 1578 2779 Cicero
1593 2745 1758 2786 cogitabat
1770 2752 1839 2774 ver-

77 2796 112 2829 in
134 2797 268 2830 Messal.
290 2797 381 2839 Lips.
404 2797 496 2835 1816,
525 2808 556 2839 p.
589 2798 628 2830 69
656 2808 756 2840 seqq„
787 2799 934 2831 Ellendt.
978 2812 1051 2834 sum
1080 2802 1206 2840 comici,
1236 2809 1273 2834 ut
1306 2803 1339 2833 in
1368 2811 1456 2843 seqq.
1479 2810 1562 2832 nunc
1584 2799 1713 2840 etnerqil
1742 2806 1839 2833 amor,

78 2852 121 2883 ad
141 2850 210 2883 Cic.
231 2849 322 2884 Orat.
346 2851 374 2882 I.
393 2850 452 2882 132
473 2851 556 2882 sicut
577 2861 659 2882 unus
673 2854 770 2893 pater
775 2852 935 2894 samiIIas,
977 2865 1061 2887 manc
1082 2854 1270 2887 desiderium
1285 2855 1381 2896 serre
1403 2864 1464 2885 non
1480 2863 1605 2894 possum
1628 2851 1719 2882 color
1741 2849 1840 2891 poeti-

77 2907 328 2940 Baumstarkius
351 2908 385 2938 in
408 2907 495 2938 Nov.
516 2908 610 2939 Ann.
639 2908 761 2941 Philol.
791 2910 857 2941 vol.
886 2910 936 2941 81.
981 2918 1039 2940 cus
1062 2908 1157 2940 inest.

79 2971 111 3002 p.
133 2961 195 2994 764
215 2970 304 3002 seqq.
1026 2960 1182 3002 Tanquam
1205 2960 1273 2992 avis
1293 2959 1363 2997 illa,
1384 2964 1463 2990 nota
1481 2967 1525 2989 ex
1539 2956 1677 2998 epistola
1701 2955 1842 2996 quadam

122 3015 225 3047 Aliud
244 3015 278 3046 in
301 3015 367 3046 alio
381 3025 528 3056 peccare.
549 3016 725 3048 Probanda
745 3023 795 3050 est
806 3017 937 3050 Ernesti
981 3013 1143 3051 Platonis,
1175 3013 1269 3044 cuius
1297 3012 1379 3043 haec
1412 3010 1512 3042 verba
1543 3010 1622 3041 citat
1658 3007 1841 3038 Victorius:

81 3068 165 3100 coni.
186 3067 279 3100 aliud
299 3077 340 3099 ex
361 3067 437 3099 alio.
979 3060 1020 3099 τὸ
1049 3061 1088 3098 δὲ
1114 3061 1200 3111 μετὰ
1226 3064 1339 3097 ταῦτα
1367 3060 1493 3108 ἐζῶμεν
1523 3058 1592 3106 ἐγὼ
1631 3056 1688 3091 καὶ
1726 3056 1844 3090 Διονύ-

122 3119 207 3152 Sicut
235 3117 268 3152 ἐν
297 3121 370 3158 τοῖς
397 3117 568 3165 ἐρωτικοῖς
597 3120 781 3153 alienantur
803 3121 865 3153 viri
885 3121 938 3153 im·
983 3132 1069 3163 σιος,
1098 3118 1166 3166 ἐγὼ
1194 3116 1254 3166 μὲν
1286 3116 1422 3165 βλέπων
1451 3115 1531 3157 ἔξω,
1554 3108 1719 3161 καθάπερ
1739 3109 1843 3158 ὅρνις»

86 3175 217 3208 mundae
245 3175 402 3208 illecebri-s·
430 3175 596 3215 indecoris,
626 3177 673 3207 sic·
708 3188 754 3208 me
785 3184 844 3210 cet.
889 3178 938 3211 De
959 3213 962 3218 .
983 3176 1104 3210 ποθῶν
1134 3173 1242 3209 πόθεν
1273 3166 1507 3208 avani-affut
1538 3184 1568 3203 κ.
1601 3183 1635 3202 τ·
1667 3168 1698 3200 ’Λ-

146 3229 205 3271 ΙΙ.
1640 3235 1660 3268 n
