2062 3565
169 148 254 186 220
566 146 649 186 ΕΡ.
687 146 760 186 ΑΙ)
793 145 839 185 Τ.
876 144 1226 186 POMPONIUM
1260 144 1524 186 ATTICUM.

165 281 190 324 †
210 281 389 330 multam,
426 281 494 332 qui
528 284 568 320 et
600 280 698 320 haec
730 294 843 320 cures
877 284 917 320 et
950 295 1037 321 mea
1070 279 1256 336 expedias
1289 283 1330 321 et
1361 279 1415 320 sis
1447 279 1490 321 111
1524 281 1606 322 tuis
1638 281 1765 323 multo
1793 281 1926 323 minus

165 353 334 409 diligens
368 369 487 409 quam
520 353 562 395 in
594 353 707 394 meis.

770 479 868 520 VII.
934 482 998 532 (A.
1042 480 1086 520 [J.
1123 478 1164 519 C.
1204 479 1321 532 709.)

229 596 266 635 1.
318 596 470 637 Sestius
513 595 620 650 apud
669 610 730 636 me
774 595 853 636 fuit
898 600 937 636 et
986 594 1268 650 Theopompus
1320 594 1466 649 pridie:
1520 594 1673 636 venisse
1707 611 1729 637 a
1762 595 1928 637 Caesare

163 668 349 710 narrabat
396 668 544 718 literas,
587 668 661 709 1100
704 667 889 718 scribere,
943 667 1020 708 sibi
1055 672 1209 709 certum
1243 683 1326 709 esse
1360 667 1509 709 Romae
1542 682 1715 719 manere,
1751 684 1928 710 causam-

163 758 239 797 que
283 757 367 783 eam
418 741 656 791 adscribere,
710 756 809 796 quae
851 746 936 783 erat
978 742 1021 783 in
1061 742 1229 797 epistola
1273 747 1421 791 nostra,
1464 756 1513 782 ne
1547 756 1588 783 se
1621 740 1785 784 absente
1820 743 1927 797 leges

126 831 139 855 5
163 831 256 857 suae
289 816 602 871 negligerentur,
638 816 743 856 sicut
776 821 880 856 esset
912 815 1095 870 neglecta
1128 816 1392 872 sumptuaria.
1444 816 1518 857 Est
1551 813 1771 876 εὔλογον,
1806 815 1928 871 idque

163 903 269 930 eram
302 890 540 944 suspicatus.
576 890 652 931 Sed
687 890 776 931 istis
809 905 894 932 mos
928 889 1127 945 gerendus
1161 896 1234 941 est,
1267 890 1345 931 nisi
1378 890 1508 945 placet
1542 889 1645 931 hanc
1679 890 1805 946 ipsam
1842 905 1929 931 sen—

163 963 330 1004 tentiam
364 979 436 1005 nos
469 965 666 1020 persequi.
714 965 767 1005 Et
800 964 1019 1005 Lentulum
1056 979 1147 1006 cum
1186 964 1348 1006 Metella
1382 970 1487 1006 certe
1521 964 1660 1005 fecisse
1694 964 1928 1006 divortium.

164 1036 275 1077 Haec
324 1038 457 1079 omnia
498 1044 544 1079 tu
584 1038 739 1079 melius.
796 1037 1005 1080 Rescribes
1044 1039 1169 1093 igitur
1213 1038 1408 1094 quidquid
1455 1038 1574 1088 voles,
1609 1037 1827 1080 dummodo
1861 1037 1930 1079 ali-

164 1109 274 1164 quid.
322 1110 409 1152 Iam
459 1113 566 1153 enim
611 1127 692 1153 non
736 1113 889 1167 reperio
923 1112 1020 1166 quid
1053 1117 1092 1153 te
1127 1113 1412 1168 rescripturum
1448 1116 1598 1167 putem,
1634 1112 1713 1154 nisi
1746 1112 1847 1154 forte
1881 1111 1930 1153 de

109 1197 142 1221 10
163 1182 339 1224 Mustela
373 1189 442 1224 aut
474 1184 506 1225 si
531 1185 673 1226 Silium
708 1186 867 1228 videris.
906 1189 945 1227 2.
971 1186 1121 1228 >Brutus
1144 1187 1229 1227 heri
1257 1186 1367 1227 venit
1389 1186 1432 1226 111
1455 1186 1729 1228 Tusculanum
1747 1191 1838 1242 post
1860 1185 1930 1228 ho-

163 1271 245 1297 ram
280 1257 489 1299 decimam.
541 1258 669 1300 Hodie
703 1260 828 1315 igitur
861 1275 923 1301 me
958 1259 1125 1311 videbit,
1161 1276 1204 1301 ac
1241 1260 1380 1301 vellem
1415 1264 1501 1300 tum
1536 1263 1582 1300 tu
1613 1259 1786 1300 adesses.
1823 1259 1929 1300 Iussi

163 1331 347 1386 equidem
382 1333 417 1373 ei
451 1332 630 1373 nuntiari
665 1337 718 1383 te,
754 1333 883 1387 quoad
919 1334 1130 1389 potuisses,
1160 1339 1409 1389 exspectasse
1433 1333 1519 1374 eius
1543 1332 1759 1375 adventum
1786 1338 1927 1374 ventu-

164 1420 344 1461 rumque,
380 1407 413 1448 si
446 1406 638 1457 audisses,
675 1422 829 1462 meque,
864 1413 910 1449 ut
943 1408 1059 1458 facio,
1085 1408 1278 1449 contiuuo
1301 1412 1340 1449 te
1365 1407 1573 1449 certiorem
1598 1422 1683 1449 esse
1707 1406 1924 1449 facturum.

206 1573 224 1603 8
246 1572 406 1603 dnmmodo
428 1573 504 1614 quid
527 1592 566 1596 -

205 1721 222 1761 ξ
248 1722 275 1752 l.
299 1720 338 1751 In
362 1721 496 1762 epistola
519 1723 638 1758 nostra,
663 1731 761 1761 quam
785 1722 824 1751 ad
849 1720 1022 1752 Caesarem
1113 1722 1151 1752 Et
1174 1721 1339 1752 Lentulum
1363 1739 1402 1742 —
1417 1720 1539 1760 secisse
1561 1720 1740 1751 divortium.
1777 1719 1929 1751 Pendent

163 1776 293 1806 mittere
315 1775 474 1806 voluerat.
497 1775 538 1806 cf.
563 1784 611 1815 ep.
636 1776 686 1812 28,
710 1776 739 1806 2.
763 1775 811 1812 31,
836 1776 865 1805 3.
1070 1787 1088 1807 a
1111 1777 1235 1808 verbis:
1264 1774 1388 1806 Sestius
1409 1793 1449 1797 —
1472 1774 1636 1805 narrabat.
1658 1774 1784 1806 Eadem
1796 1783 1846 1805 res
1863 1783 1928 1805 me-

205 1830 273 1860 Sed
295 1830 366 1860 istis
389 1839 452 1861 mos
471 1830 629 1871 yerendus
652 1832 698 1861 est
722 1835 782 1861 cet.
806 1839 838 1860 o:
873 1830 929 1861 sed
959 1830 1023 1870 epi-
1070 1837 1215 1862 moratur
1237 1840 1335 1871 supra
1358 1828 1440 1860 XII.
1464 1830 1513 1866 52,
1537 1829 1565 1866 2,
1588 1829 1645 1860 ubi
1667 1828 1850 1860 Lentulum
1871 1838 1925 1859 eo-

162 1883 281 1914 stolam
303 1893 411 1914 meam
435 1894 501 1914 non
525 1884 566 1914 ad
581 1883 752 1915 Caesarem
767 1884 905 1920 mittam,
920 1894 1022 1924 quum
1070 1885 1229 1925 Ι(1110101110
1264 1884 1462 1924 Spintherem
1497 1888 1600 1914 vocat.
1631 1882 1669 1915 cf.
1703 1883 1736 1913 h.
1764 1882 1786 1913 l.
1824 1882 1874 1920 10,
1897 1883 1926 1913 3.

162 1938 288 1969 Balbus
311 1944 342 1969 et
365 1937 490 1979 Oppius
524 1948 596 1969 eam
627 1939 824 1979 improbent..
861 1938 939 1969 Vid.
973 1948 1021 1979 ep.
1070 1938 1224 1969 Ceterum
1250 1937 1381 1967 Metella
1407 1936 1607 1977 reipublicae
1630 1941 1776 1977 tempore
1791 1935 1928 1966 unicum

161 1993 209 2030 27,
236 1994 262 2024 1.
285 1993 439 2025 Fortasse
462 1993 561 2024 aliani
584 1994 735 2030 scribam,
769 1994 862 2025 cuius
894 1994 957 2024 hoc
981 1994 1022 2024 sit
1069 1996 1117 2022 est
1133 1991 1324 2031 exemplum
1346 1989 1495 2021 mulieris
1518 2000 1537 2020 8
1558 1987 1757 2029 cognomine
1773 1988 1927 2019 nomina-

160 2053 409 2086 argumentum:
435 2046 567 2078 Caesari
592 2047 624 2078 in
650 2048 730 2078 urbe
747 2047 948 2077 manendum
961 2052 1020 2078 est.
1067 2051 1128 2077 tae.
1152 2045 1192 2076 cf.
1218 2045 1418 2076 Mommsen.
1441 2039 1681 2074 1·6m.'F01·sch.
1705 2054 1734 2083 p.
1760 2042 1811 2073 60.

159 2100 313 2132 Sribendi
346 2107 578 2141 argumentum
609 2102 673 2132 dici
703 2111 796 2141 posse
830 2101 1018 2132 sententiam
1108 2099 1277 2130 Dummodo
1299 2098 1430 2140 aliquid.
1455 2098 1568 2138 Vulgo
1591 2098 1676 2138 quid.
1712 2098 1752 2128 In
1775 2097 1863 2128 Med.
1888 2106 1927 2127 ne

159 2155 254 2186 docet
276 2155 367 2186 locus
390 2164 432 2186 ex
457 2154 555 2186 VIII.
582 2156 630 2191 14,
656 2156 682 2186 l.
1066 2152 1149 2194 quid.
1173 2152 1327 2185 Correxit
1349 2152 1512 2182 Klotzius.

760 2261 882 2301 Vm.
949 2262 1013 2312 (A.
1057 2260 1100 2300 U.
1139 2260 1180 2299 0.
1219 2259 1335 2311 709.)

221 2376 341 2417 Plane
375 2376 477 2417 nihil
510 2384 592 2417 erat
626 2375 731 2430 quod
765 2375 814 2416 ad
847 2383 886 2416 te
921 2374 1147 2416 scriberem.
1184 2373 1307 2415 Modo
1341 2374 1447 2414 enim
1472 2373 1708 2414 discesseras
1728 2378 1768 2414 et
1786 2373 1922 2428 paullo

158 2456 245 2504 post
276 2449 454 2504 triplices
486 2449 706 2501 remiseras.
742 2449 873 2490 Velim
908 2464 1022 2490 cures
1055 2447 1291 2488 fasciculum
1326 2446 1375 2488 ad
1409 2447 1639 2488 Vestorium
1666 2446 1925 2488 deferendum

156 2528 195 2564 et
229 2523 348 2564 alicui
382 2523 451 2563 des
484 2522 704 2577 negotium,
741 2523 809 2576 qui
843 2528 1008 2577 quaerat
1041 2521 1094 2567 Q.
1134 2519 1290 2561 Faberii
1322 2520 1472 2561 fundus
1506 2535 1602 2561 num
1627 2519 1717 2574 quis
1739 2519 1783 2560 in
1806 2519 1923 2560 Pom-

121 2623 135 2647 5
156 2597 298 2652 peiano
341 2596 549 2637 Nolanove
594 2594 743 2635 venalis
789 2595 854 2635 sit.
912 2594 1126 2649 Epitomen
1169 2593 1285 2633 Bruti
1332 2592 1611 2633 Caelianorum
1657 2593 1775 2634 velim
1825 2593 1925 2634 mihi

158 2671 293 2712 mittas
342 2678 382 2711 et
425 2685 446 2710 a
491 2668 711 2709 Philoxeno
754 2667 1050 2712 ΙΙαναιτίου
1095 2664 1200 2725 περὶ
1245 2666 1500 2725 προνοίας.
1550 2667 1605 2707 Το
1638 2665 1746 2708 Idib.
1781 2666 1924 2709 videbo

159 2759 250 2785 cum
284 2744 378 2785 tuis.

202 2902 351 2943 Triplices
359 2907 452 2934 erant
460 2903 831 2943 codicilli‚quosG1·aeci
841 2901 1018 2947 τρὶπτυχα
1069 2902 1152 2943 patri
1175 2902 1311 2933 annales
1334 2902 1368 2932 in
1392 2901 1558 2942 epitomen
1583 2900 1747 2941 redegisse
1782 2900 1925 2931 Brutum

159 2961 321 2992 dicebant.
355 2960 396 2991 cf.
426 2960 523 2991 Mart.
553 2960 665 3000 Epigr.
692 2959 790 2991 XIV.
815 2960 844 2990 6.
879 2960 1020 2991 Videtur
1043 2964 1044 2967 ’
1066 2957 1144 2988 hinc
1166 2956 1334 2987 discimus.
1368 2956 1408 2987 cf.
1431 2955 1540 2987 Groen
1564 2959 1632 2986 van
1661 2954 1854 2992 Prinsterer,
1883 2955 1924 2986 de

159 3014 275 3045 Cicero
309 3013 434 3054 aliquid
457 3023 500 3045 ex
520 3013 634 3044 Attico
664 3013 747 3044 scire
778 3013 912 3053 cupiens
943 3022 1017 3053 pue·
1043 3032 1044 3036 ,
1067 3008 1180 3041 Caelio
1201 3009 1319 3050 Antip.
1342 3019 1371 3050 p.
1397 3009 1447 3039 24.

159 3079 232 3100 rum
256 3079 332 3099 cum
354 3068 515 3099 codicillis
537 3067 675 3105 misisse,
711 3068 768 3108 qui
798 3077 874 3098 eum
907 3067 940 3098 in
964 3068 1018 3098 via
1108 3061 1296 3095 Παναιτίου
1325 3059 1403 3109 περὶ
1432 3060 1607 3106 προνοίας.
1638 3060 1739 3092 Liber
1762 3070 1828 3091 non
1845 3060 1923 3091 alibi

159 3122 351 3153 convenerit
363 3126 395 3153 et
406 3121 519 3162 paullo
530 3125 604 3162 post
615 3130 691 3151 cum
703 3130 860 3161 responso
871 3120 1015 3151 redierit.
1066 3125 1276 3153 memoratur.

196 3174 360 3215 ‘Epulonem
386 3173 442 3205 Br.
469 3172 697 3205 Caelicmorum.
729 3173 768 3205 L.
793 3172 897 3205 Caelii
921 3172 1016 3204 Anti-

2049 1377 2062 1497 ·***.³-⁶⁴
