2062 3565
688 149 791 192 hIB.
827 149 926 191 XII.
962 149 1045 190 ΕΡ.
1083 150 1277 189 40—42.
1775 149 1858 187 5205

94 285 170 328 sim
203 284 381 327 facturus
413 300 459 327 eo
494 285 581 341 ipso
614 285 679 327 die
713 286 828 327 scies.
866 288 906 327 2.
941 284 1027 327 Scis
1071 300 1190 341 quam
1224 285 1277 327 sit
1310 282 1573 342 φιλαίτιον
1606 281 1860 341 συμφορά,

95 360 259 402 minime
290 359 334 401 in
365 364 406 401 te
449 358 627 415 quidem,
663 359 733 401 sed
767 364 902 402 tamen
928 359 1044 401 avide
1079 374 1167 401 sum
1202 360 1368 402 affectus
1402 359 1451 401 de
1485 358 1592 411 fano,
1626 358 1733 415 quod
1769 357 1861 407 nisi,

95 449 176 477 non
208 433 314 486 dico,
347 433 534 475 effectum
566 433 656 484 erit,
691 433 759 475 sed
793 434 877 475 fieri
921 434 1059 476 videro
1094 459 1150 464 —-
1189 433 1346 476 audebo
1381 433 1457 476 hoc
1485 433 1616 476 dicere
1650 438 1691 475 et
1722 438 1782 484 tu,
1817 437 1864 474 ut

95 509 211 561 soles,
255 507 427 564 accipies
473 532 546 559 —-,
595 506 820 549 incuss-abit
868 508 908 550 in
956 514 994 550 te
1044 508 1157 550 dolor
1190 524 1316 561 meus,
1350 524 1432 551 non
1465 508 1551 550 iure
1584 508 1650 549 ille
1685 507 1862 564 quidem,

94 581 164 625 sed
207 586 342 625 tamen
385 583 486 626 feres
531 583 608 625 hoc
656 582 804 639 ipsum,
839 582 947 638 quod
982 581 1127 635 scribo,
1161 589 1208 625 ut
1240 584 1375 626 omnia
1407 598 1496 625 mea
1528 582 1606 625 fers
1639 598 1683 624 ac
1718 581 1863 624 tulisti.
1902 590 1917 616 ⁵

95 656 245 698 Omnes
293 661 384 699 tuas
434 655 728 699 consolationes
776 671 899 697 unam
949 655 1053 698 hanc
1095 657 1139 699 in
1190 673 1273 699 rem
1323 657 1442 700 velim
1487 657 1682 699 conferas.
1734 659 1775 698 3.
1823 655 1865 697 Si

94 731 253 786 quaeris
296 731 396 788 quid
439 737 588 789 optem,
635 731 811 788 primum
844 731 1059 787 Scapulae,
1096 731 1241 774 deinde
1275 731 1454 785 Clodiae,
1488 737 1640 788 postea,
1675 732 1708 774 si
1743 731 1865 773 Silius

95 805 218 857 nolet,
261 806 418 848 Drusus
462 811 555 862 aget
596 805 762 856 iniuste,
807 804 965 846 Cusinii
1011 811 1051 846 et
1082 805 1287 847 Trebonii.
1342 806 1448 848 Puto
1480 807 1645 848 tertium
1679 821 1763 847 esse
1797 805 1865 846 do-

96 878 266 931 minum,
300 878 490 921 Rebilum
523 879 648 921 fuisse
682 883 790 920 certo
823 878 921 920 scio.
956 878 1027 920 Sin
1061 884 1194 921 autem
1227 879 1304 922 tibi
1335 881 1607 923 Tusculanum
1642 880 1786 938 placet,
1820 884 1866 922 ut

96 952 331 1008 significasti
365 953 610 1010 quibusdam
644 953 786 1004 literis,
821 951 899 994 tibi
933 954 1144 995 assentiar.
1180 955 1270 996 Hoc
1303 955 1465 1011 quidem
1497 956 1637 1011 utique
1673 954 1865 1011 perficieS‚
1888 970 1922 996 ιο

96 1026 129 1067 31
161 1042 224 1068 1116
256 1027 379 1071 levari
413 1029 486 1080 vis,
522 1043 642 1084 quem
674 1028 755 1069 iam
788 1027 911 1069 etiam
942 1027 1106 1083 gravius
1139 1043 1318 1080 accusas,
1352 1045 1472 1085 quam
1505 1030 1658 1086 patitur
1679 1034 1751 1071 tua
1775 1044 1866 1070 con-

97 1101 282 1153 suetudo,
317 1102 386 1144 sed
419 1102 519 1144 facis
552 1117 709 1144 summo
742 1117 875 1144 amore
908 1106 948 1143 et
982 1101 1114 1143 victus
1146 1102 1313 1145 fortasse
1346 1104 1445 1145 vitio
1478 1119 1580 1157 meo,
1616 1103 1685 1146 sed
1716 1109 1866 1154 tamen,

97 1174 131 1214 si
174 1189 236 1216 me
277 1175 400 1218 levari
447 1177 522 1228 vis,
568 1175 665 1218 haec
710 1181 769 1217 est
811 1190 969 1217 summa
1001 1163 1147 1217 levatio
1181 1176 1257 1228 vel,
1292 1177 1326 1218 si
1359 1192 1497 1219 verum
1531 1178 1630 1219 36116
1664 1178 1738 1229 ν13,
1772 1193 1868 1219 una.

100 1251 141 1289 4.
176 1248 303 1290 Hirtii
335 1250 545 1306 epistolam
579 1250 612 1292 si
645 1250 804 1305 legeris,
839 1264 941 1305 quae
973 1248 1074 1291 mihi
1108 1250 1224 1305 quasi
1257 1247 1561 1311 πρόπλασμα
1595 1252 1754 1294 videtur
1782 1252 1869 1293 eius

100 1323 419 1379 vituperationis,
454 1339 574 1379 quain
607 1323 755 1365 Caesar
785 1322 947 1379 scripsit
979 1322 1029 1364 de
1063 1322 1230 1375 Catone,
1265 1324 1386 1365 facies
1421 1340 1482 1366 me
1517 1324 1615 1380 quid
1637 1325 1714 1367 tibi
1738 1325 1868 1367 visum
1889 1339 1921 1365 15

99 1397 165 1449 sit,
200 1398 234 1439 si
276 1397 353 1440 tibi
387 1398 463 1440 erit
495 1397 765 1449 commodum,
799 1398 1025 1439 certiorem.
1060 1397 1196 1440 Redeo
1230 1397 1281 1440 ad
1314 1398 1467 1441 fanum.
1500 1399 1594 1441 Nisi
1622 1399 1696 1440 hac
1720 1404 1869 1441 aestate

100 1470 329 1514 absolutum
369 1472 459 1523 erit,
509 1487 628 1528 quam
670 1471 782 1514 vides
825 1471 1024 1527 integram
1069 1477 1231 1524 restare,
1267 1472 1413 1515 scelere
1446 1488 1508 1514 me
1541 1473 1755 1515 liberatum
1790 1488 1869 1515 non

101 1545 265 1601 putabo.

146 1705 166 1746 ξ
187 1704 218 1737 2.
241 1704 372 1737 Minime
392 1705 427 1737 in
449 1708 481 1738 te
503 1717 537 1738 o:
562 1717 629 1738 non
654 1716 726 1738 sum
749 1706 908 1748 querulus
932 1706 967 1738 in
1017 1707 1131 1740 hilum.
1158 1708 1266 1740 Addit
1297 1708 1370 1748 hoe,
1406 1709 1486 1751 quia
1521 1709 1572 1741 illi
1608 1710 1675 1742 duo
1705 1716 1785 1742 tunc
1819 1709 1872 1741 ab·

104 1763 145 1797 te,
169 1759 249 1791 nolo
271 1766 304 1791 te
326 1759 472 1801 experiri
494 1769 603 1792 meam
628 1757 891 1807 μεμψιμοιρίαν.
1017 1767 1120 1801 erant,
1144 1772 1192 1804 ep.
1215 1763 1267 1801 43,
1290 1763 1319 1794 2.
1353 1763 1470 1805 Itaque
1503 1763 1619 1795 tertius
1648 1763 1814 1802 dominus,
1846 1763 1873 1794 si

147 1816 250 1848 Avide
267 1825 335 1847 sum
355 1817 500 1858 affectus.
534 1817 677 1848 Insolita
708 1817 771 1848 hac
804 1817 971 1849 locutione
1017 1816 1161 1848 inveniri
1183 1822 1318 1858 poterat,
1341 1823 1412 1849 erat
1432 1818 1690 1850 conveniendus.

106 1868 223 1902 Cicero
245 1869 346 1900 simul
380 1879 474 1901 suam
507 1870 721 1911 cupiditatem
754 1876 788 1903 et·
822 1871 972 1902 dolorem
1061 1871 1080 1911 ξ
1103 1872 1134 1901 4.
1157 1869 1281 1902 Scelere
1304 1882 1351 1903 me
1365 1871 1530 1903 liberatum
1553 1883 1616 1904 non
1625 1873 1753 1913 putabo.
1778 1872 1877 1904 ’1566-

107 1930 242 1966 propter
272 1924 379 1956 Attici
409 1925 443 1956 in
482 1934 521 1957 eo
560 1925 694 1966 negotio
731 1925 974 1967 negligentiam
1019 1924 1114 1956 letati
1136 1929 1302 1966 putantur,
1325 1925 1384 1966 qui
1405 1931 1484 1957 vota
1506 1935 1574 1956 non
1591 1926 1735 1957 solvunt.
1758 1926 1877 1967 Itaque

108 1978 285 2019 significat.
1021 1978 1137 2011 Cicero
1159 1979 1283 2011 scelere
1307 1980 1447 2021 (potiusz
1471 1980 1647 2021 religione)
1680 1990 1715 2012 se
1747 1980 1877 2011 adstric-

149 2033 168 2073 ξ
192 2034 221 2064 3.
244 2032 328 2064 Puto
349 2032 477 2064 tertium
499 2043 567 2064 esse
587 2034 744 2065 dominum
773 2044 810 2066 a:
824 2059 828 2062 .
844 2034 903 2066 ille
926 2034 972 2065 lo·
1020 2038 1092 2064 tum
1113 2034 1257 2075 putabat,
1279 2034 1384 2065 donec
1405 2033 1530 2072 fanum,
1560 2036 1647 2076 quod
1667 2034 1754 2066 filiae
1776 2035 1878 2065 mani-

108 2095 167 2117 cus
200 2092 330 2127 praeter
361 2085 535 2118 Cusinium
569 2092 602 2119 et
630 2087 838 2119 Trebonium
865 2088 974 2126 habet,
1022 2087 1082 2118 bus
1104 2087 1307 2128 promiserat,
1331 2097 1398 2118 non
1422 2086 1560 2120 fecisset.
1581 2087 1623 2119 cf.
1647 2098 1697 2129 ep.
1719 2090 1769 2125 43,
1805 2087 1824 2118 2
1848 2093 1879 2120 et

109 2139 145 2170 ni
167 2138 274 2178 fallor,
297 2140 433 2172 tertium
456 2140 642 2180 dominum,
668 2141 785 2173 habuit
804 2147 893 2174 certe
913 2141 975 2174 Re·
1023 2140 1073 2179 18,
1094 2141 1149 2172 1.“”
1172 2141 1356 2174 Manutius.

697 2276 837 2318 XLII.
903 2276 970 2329 (A.
1011 2274 1058 2316 U.
1095 2275 1138 2315 C.
1175 2274 1294 2329 709.)

178 2403 218 2443 1.
262 2401 433 2444 Nullum
477 2417 499 2444 a
543 2408 582 2445 te
624 2402 847 2445 desideravi
881 2402 987 2445 diem
1020 2402 1244 2444 literarum.
1280 2400 1479 2444 Videbam
1512 2403 1619 2445 enim
1654 2419 1754 2459 quae
1788 2403 1882 2445 scri-

114 2475 190 2529 bis,
225 2481 265 2518 et
297 2482 432 2518 tamen
466 2476 698 2533 suspicabar
730 2477 792 2519 vel
824 2478 961 2534 potius
995 2475 1272 2532 intelh'gebam
1305 2475 1409 2517 nihil
1440 2476 1562 2519 fuisse
1596 2478 1703 2533 quod
1738 2477 1883 2520 scribe-

113 2564 190 2591 res.
224 2552 261 2591 A
294 2549 335 2592 d.
370 2565 431 2593 vi.
486 2551 550 2592 Id.
585 2566 677 2593 vero
721 2556 762 2592 et
794 2550 932 2593 abesse
966 2556 1005 2593 te
1040 2549 1234 2606 putabam
1267 2553 1308 2591 et
1341 2549 1457 2605 plane
1490 2550 1676 2594 videbam
1708 2551 1811 2593 nihil
1843 2556 1883 2593 te

114 2622 274 2665 habere.
309 2624 398 2680 Ego
430 2630 566 2667 tamen
601 2624 651 2666 ad
683 2629 724 2666 te
758 2624 838 2666 fere
872 2624 1057 2680 quotidie
1090 2625 1263 2666 mittam.
1298 2623 1409 2666 Malo
1442 2624 1548 2666 enim
1582 2624 1730 2667 frustra
1763 2639 1883 2680 quam
1919 2649 1934 2673 5

160 2932 179 2971 ξ
202 2931 230 2962 1.
252 2930 382 2963 Nullum
405 2943 425 2963 a
448 2934 480 2963 te
501 2931 681 2963 desideravi
702 2933 783 2965 diem
812 2933 979 2965 literarum
1033 2932 1128 2964 aliter
1149 2932 1409 2974 interpretantur
1432 2934 1528 2964 tacite
1550 2933 1717 2964 omittunt.
1744 2931 1886 2962 Videbat

121 2993 156 3016 o:
191 2999 204 3011 u
218 2994 286 3016 non
307 2985 475 3026 postulavi
498 2995 517 3016 a
541 2989 584 3023 te,
605 2990 642 3016 ut
663 2986 705 3016 ad
733 2991 861 3018 certum
890 2987 980 3018 diem
1031 2985 1121 3017 enim
1143 2985 1262 3018 Cicero
1284 2986 1437 3018 Atticum
1460 2986 1603 3026 negotiis
1625 2984 1776 3025 impediri
1800 2988 1831 3015 et
1842 2989 1886 3015 ta-

121 3037 235 3069 literae
256 3037 340 3069 mihi
362 3047 382 3069 a
403 3043 435 3070 te
446 3038 671 3076 redderentur,
690 3044 728 3070 ut
739 3044 776 3070 tu
789 3049 865 3072 mea
880 3040 981 3072 verba
1029 3048 1106 3071 men
1141 3039 1352 3081 intelligebat
1389 3050 1466 3072 eum
1494 3040 1692 3081 scriptiuum
1720 3037 1829 3076 fuisse,
1858 3037 1887 3070 si

121 3089 284 3131 accepisse
315 3090 449 3122 videris.
482 3090 560 3122 Non
593 3090 733 3132 praefixi
761 3092 822 3123 tibi
854 3098 980 3124 certum
1029 3092 1109 3134 quid
1130 3093 1253 3132 fuisset,
1277 3094 1366 3134 quod
1387 3094 1471 3125 scire
1492 3104 1550 3125 sua
1575 3093 1753 3124 interesset.

120 3143 242 3175 diem.''
263 3143 462 3176 Gronovius.
507 3144 606 3175 Hane
630 3144 890 3185 explicationem
912 3156 980 3178 ver·
1071 3146 1101 3176 A
1122 3147 1156 3178 d.
1185 3146 1240 3178 VI.
1277 3146 1327 3178 Id.
1366 3147 1489 3187 scripsi,
1511 3152 1549 3177 ut
1571 3146 1686 3178 Cicero
1708 3145 1770 3176 hoc
1791 3145 1887 3184 dicat,

124 3197 241 3229 horum
263 3207 374 3229 veram
396 3208 467 3231 esse
489 3199 691 3231 demonstrat
713 3199 804 3238 enim,
824 3200 910 3240 quod
925 3200 979 3241 qui
1031 3200 1071 3230 ab
1094 3210 1133 3232 co
1155 3200 1208 3232 die
1232 3207 1262 3231 tc
1286 3206 1379 3232 extra
1403 3201 1518 3231 urbem
1542 3209 1612 3231 esse
1635 3199 1797 3239 putabam.
1825 3199 1887 3231 Ne-
