2062 3565
656 156 762 198 LIB.
800 156 874 198 IX.
910 156 994 198 ΕΡ.
1034 158 1102 196 14.
1144 158 1211 196 15.
1764 159 1816 198 79

55 294 130 337 nisi
164 298 211 335 ut
242 297 313 334 aut
345 291 395 334 ab
431 292 520 342 hoc,
555 298 745 346 tanquam
779 291 831 344 Q.
868 291 1045 343 Mucius,
1079 298 1150 333 aut
1182 291 1232 333 ab
1266 291 1556 348 illo,tanqua¹n
1594 292 1643 334 1..
1671 293 1819 348 Scipio.

56 369 98 409 3.
130 365 265 419 Quum
299 371 342 407 tu
369 364 465 406 haec
479 364 602 419 leges,
635 379 709 419 ego
732 363 842 405 illum
869 363 1034 405 fortasse
1059 379 1295 406 convenere.
1325 362 1561 408 Τίτλαθι.
1589 362 1822 424 κύντερον

55 455 105 483 ne
146 438 247 481 illud
291 437 451 494 quidem
486 442 667 479 nostrum
712 438 932 492 proprium.
991 437 1090 479 Erat
1129 439 1234 480 enim
1275 454 1365 494 spes
1409 440 1619 495 propinqui
1655 439 1822 490 reditus,

55 518 141 557 erat
169 512 377 554 hominum
423 511 598 566 querela.
654 510 776 551 Nunc
810 510 917 551 exire
952 511 1150 565 cupimus,
1185 526 1263 566 qua
1296 527 1364 567 spe
1417 511 1569 554 reditus
1603 512 1699 554 mihi
1735 515 1821 568 qui-

56 586 144 630 dem
177 599 383 640 nunquam
418 586 459 626 in
494 588 664 625 mentem
700 584 823 625 venit.
858 584 953 624 Non
988 583 1105 624 modo
1139 590 1270 626 autem
1307 585 1418 627 nulla
1451 587 1612 641 querela
1644 594 1705 629 est
1739 603 1822 630 mu·
1863 605 1877 629 s

56 656 287 715 nicipalium
323 657 530 699 hominum
566 671 609 698 ac
646 657 900 707 rusticorum,
935 656 1004 697 sed
1038 662 1176 698 contra
1211 663 1398 700 metuunt
1432 664 1476 700 ut
1509 659 1724 710 crudelem,
1751 662 1824 702 ira-

0 725 3 728 ·
47 738 156 776 tum.
190 732 278 774 Nec
311 736 444 772 tamen
479 729 575 771 mihi
603 728 823 784 quidquam
848 734 909 770 est
933 730 1114 770 miserius
1137 746 1255 785 quam
1279 734 1529 783 remansisse,
1553 748 1626 775 nec
1649 736 1826 790 optatius

57 821 175 863 quam
209 804 380 855 evolare,
414 818 495 845 non
528 808 608 844 tam
643 801 692 843 ad
727 800 822 842 belli
856 818 974 856 quam
1008 802 1057 843 ad
1093 803 1210 858 fugae
1244 806 1490 849 societatem.
1525 806 1601 850 Sed
1625 813 1667 848 tu
1693 808 1827 848 omnia

60 879 166 936 [qui]
209 877 375 920 consilia
414 875 625 918 differebas
674 878 715 917 in
767 875 808 916 id
853 881 1026 932 tempus,
1079 892 1202 932 quum
1244 879 1448 932 sciremus,
1483 896 1584 936 quae
1621 880 1826 922 Brundisii

13 987 15 995 ,
58 957 149 996 acta
181 956 329 994 essent.
364 951 521 993 Scimus
555 965 722 1006 nempe:
758 949 966 991 haeremus
999 949 1126 992 nihilo
1160 952 1306 994 minus.
1343 953 1420 995 Vix
1454 955 1558 996 enim
1592 969 1706 1010 spero
1731 953 1826 995 mihi
1849 966 1882 992 10

7 1018 19 1050 ‚1
62 1025 169 1068 hunc
203 1025 360 1066 veniam
396 1023 598 1074 daturum,
632 1024 706 1064 etsi
740 1023 867 1065 multa
907 1024 1027 1064 affero
1060 1025 1166 1066 iusta
1198 1024 1248 1066 ad
1281 1026 1590 1082 impetrandum.
1641 1027 1719 1069 Sed
1752 1026 1825 1068 tibi

12 1108 21 1117 ”
60 1113 214 1141 omnem
251 1097 360 1140 illius
393 1111 604 1152 meumque
638 1112 859 1139 sermonem
883 1096 1070 1139 omnibus
1094 1096 1225 1139 verbis
1247 1114 1474 1156 expressum
1501 1103 1635 1144 statim
1659 1105 1826 1144 mittam.

7 1175 18 1214 J.
62 1175 103 1224 ξι.
151 1172 213 1213 Tu
260 1185 369 1213 nunc
411 1171 516 1211 omni
569 1185 701 1211 amore
747 1171 913 1220 enitere,
958 1175 1004 1211 ut
1045 1186 1118 1212 nos
1151 1186 1245 1213 cura
1279 1178 1348 1214 tua
1382 1179 1422 1215 et
1455 1175 1667 1230 prudentia
1703 1179 1827 1218 iuves.

61 1245 126 1288 Ita
166 1244 301 1287 subito
350 1245 537 1294 accurrit,
584 1249 629 1285 ut
674 1259 723 1285 ne
755 1244 802 1285 'l.
838 1242 1023 1285 Rebilum
1058 1244 1235 1299 quidem,
1272 1252 1315 1288 ut
1348 1250 1647 1300 constitueram,
1684 1251 1829 1305 possim

15 1324 17 1331 ⁴
61 1317 209 1360 videre.
257 1317 405 1360 Omnia
445 1316 563 1359 nobis
606 1319 812 1374 imparatis
860 1317 1030 1372 agenda.
1075 1318 1152 1360 Sed
1196 1324 1330 1362 tamen
1364 1317 1491 1364 ἄλλα
1524 1319 1622 1379 μὲν
1655 1320 1862 1377 αυτός,ι

0 1386 25 1431 ἑ
61 1396 109 1434 ut
140 1392 198 1433 ait
229 1391 310 1441 ille,
344 1387 473 1434 ἄλλα
507 1384 561 1434 δὲ
595 1405 683 1434 και
720 1384 923 1448 δαιμων
954 1387 1279 1445 ὑποθήσεται.
1328 1378 1539 1450 (ζὶυίάᾓὶἀ
1573 1411 1690 1451 egero
1738 1410 1829 1436 con-

4 1473 19 1504 ’4
62 1465 178 1506 tinuo
213 1465 328 1507 scies.
379 1464 576 1508 Mandata
609 1465 788 1508 Caesaris
823 1465 873 1506 ad
907 1465 1091 1507 consules
1125 1471 1166 1507 et
1198 1466 1247 1508 ad
1282 1468 1534 1524 Pompeium,
1567 1483 1667 1524 quae
1701 1483 1830 1523 rogas,

62 1537 175 1580 nulla
229 1537 382 1591 habeo;
427 1539 453 1584 †
472 1544 513 1581 et
557 1538 757 1595 descripta
789 1539 927 1580 attulit
959 1538 1028 1580 illa
1060 1554 1081 1580 e
1115 1540 1179 1581 via
1210 1541 1300 1582 misi
1334 1541 1385 1583 ad
1417 1547 1457 1583 te
1490 1547 1596 1594 ante,
1631 1557 1651 1584 e
1685 1540 1832 1597 quibus

63 1611 254 1654 mandata
286 1617 390 1669 puto
434 1612 606 1668 intelligi
653 1628 781 1668 posse.
826 1612 1040 1670 Philippus
1093 1614 1264 1669 Neapoli
1299 1621 1372 1666 est,
1407 1616 1604 1658 Lentulus
1638 1615 1832 1658 Puteolis.

0 1553 20 1685 ‘'151':.>-
3 1535 12 1546 “
4 1513 18 1525 )

107 1780 128 1812 2
150 1770 330 1814 Τέτλαθιέ
362 1796 410 1802 —
441 1779 612 1827 κύντερον·
638 1801 681 1806 -
702 1791 741 1813 ne
763 1781 849 1813 illud
870 1799 912 1805 —-
932 1783 951 1814 9
973 1781 1027 1824 qui
1047 1784 1182 1816 consilia
1204 1803 1246 1809 —
1269 1785 1308 1816 10
1329 1787 1482 1817 essent...
1503 1785 1616 1818 scimus
1637 1804 1678 1810 --

113 1925 153 1957 Ut
175 1928 232 1957 aut
254 1925 294 1956 ab
315 1927 381 1964 hoc,
403 1931 464 1959 cet.
489 1936 522 1958 οε
547 1932 583 1958 ut
605 1933 695 1959 auta
710 1926 850 1959 Caesare
863 1934 933 1959 tan-

69 1989 165 2021 quam
190 1979 294 2010 altero
315 1979 424 2011 Mario
447 1989 519 2020 ego,
543 1984 703 2021 tanquam
724 1979 766 2019 Q.
790 1979 932 2019 Mucius,

70 2033 257 2070 interficiar,
281 2038 337 2064 aut
359 2042 378 2064 a
399 2032 569 2074 Pompeio,
593 2038 752 2074 tanquam
764 2033 805 2065 L.
822 2032 933 2075 Scipio

1020 1930 1127 1962 Multa
1149 1933 1251 1975 affero
1271 1933 1358 1964 insta
1380 1943 1414 1965 οε
1434 1934 1556 1965 multas
1577 1943 1693 1975 graves
1713 1942 1836 1971 causas,

977 1995 1035 2016 cur
1057 1986 1162 2017 audiri
1185 1987 1333 2019 debeam.

1020 2038 1038 2078 ξ
1068 2041 1099 2070 4.
1131 2038 1164 2070 Τ.
1195 2039 1346 2071 Rebilum.
1377 2040 1429 2072 Ita
1458 2040 1588 2072 Bosius.
1620 2041 1710 2072 Med.
1737 2039 1838 2070 Trebi-

4 2996 23 3009 ''
86 3004 176 3045 quod
204 3009 331 3036 veteres
349 3003 490 3036 editores
512 3003 579 3034 iam
600 3003 802 3035 abiecerunt.
833 3002 949 3034 Cicero

17 3071 28 3097 .·
86 3056 256 3097 ²⁸0⁸P011ffi¹²
285 3056 407 3088 amico:
431 3055 552 3102 scimus
574 3064 664 3094 58118,
686 3056 744 3088 ὃθᾶ
765 3065 816 3088 1¹0⁸
840 3055 947 3087 nihilo
993 3061 1081 3099 bent,
1110 3062 1275 3098 recedunt,
1305 3061 1363 3092 sed
1392 3060 1502 3092 tamen
1534 3068 1600 3090 non
1628 3057 1725 3098 plane
1759 3055 1848 3086 satis·

8 2103 19 2131 3
71 2096 91 2117 a
112 2085 218 2125 Sulla,
241 2086 435 2128 proscribar.
460 2086 621 2119 Consulto
643 2093 755 2120 autem
775 2088 935 2120 abstinuit

2 2164 20 2182 Γ,
71 2139 181 2171 verbis
202 2139 290 2171 male
312 2140 476 2171 ominatis.

115 2193 134 2233 ξ
166 2195 197 2225 3.
219 2189 386 2226 Τὲτλαᾶι.
429 2192 600 2242 κύντερον.
645 2193 742 2225 Iubet
773 2203 807 2225 se
826 2194 935 2235 ipsum

0 2243 20 2254 “’
75 2248 163 2280 bono
183 2249 296 2281 animo
319 2259 399 2288 esse,
433 2256 531 2282 utens
554 2250 588 2282 in
611 2259 649 2282 ea
672 2260 708 2282 re
729 2249 844 2281 Ulixis
871 2259 935 2281 ser-

74 2310 172 2333 mone
196 2302 282 2343 npud
302 2301 405 2334 Hom.
429 2301 494 2335 Od.
515 2300 587 2333 XX
611 2301 661 2339 13,
698 2297 846 2334 τέτλαθι
890 2298 934 2337 δὴ

74 2355 218 2404 κραδίη,
268 2355 327 2392 καὶ
371 2357 528 2404 κύντερον
575 2353 658 2390 ἄλλο
706 2350 782 2391 ποτ’
823 2353 934 2396 ἔτλης.

79 2416 190 2458 Negat
217 2422 328 2450 autem
357 2417 410 2449 vel
442 2425 538 2448 suum
580 2426 622 2448 ex
653 2415 735 2447 urbe
765 2424 938 2448 excessum

78 2469 161 2502 olim
181 2468 340 2514 κύντερον
364 2470 474 2503 fuisse.

119 2526 213 2559 Nune
233 2527 321 2559 exire
341 2527 480 2568 cupimus
501 2533 561 2560 cet.
591 2537 624 2558 o:
656 2537 744 2559 nunc
774 2537 838 2568 ego
865 2537 942 2558 cum

80 2580 165 2619 aliis,
187 2581 245 2623 qui
276 2580 430 2622 Pompeii
461 2586 570 2622 partes
600 2586 794 2622 sequuntur,
824 2587 942 2622 sponte

27 2663 29 2666 ,
82 2633 215 2666 Italiam
237 2633 426 2675 relinquere
447 2634 568 2675 cogito,
598 2634 750 2675 quamvis
782 2634 840 2665 vix
873 2633 943 2665 ulla

81 2686 124 2718 sit
145 2695 219 2728 spes
239 2686 373 2724 reditus,
396 2686 491 2718 nulla
511 2686 686 2717 hominum
707 2686 851 2728 querela.

127 2739 274 2771 Metuant
295 2742 330 2770 ut
353 2740 522 2778 crudelem,
551 2739 678 2770 iratum.
709 2739 869 2771 Desidero
890 2739 945 2770 hic

84 2792 236 2834 Pompeii
257 2802 380 2825 nomen
414 2792 468 2824 vel
497 2792 589 2823 aliud
617 2791 787 2829 indicium,
817 2796 850 2824 et
877 2800 945 2823 sus-

83 2846 175 2888 picor
204 2846 400 2880 Ciceronem
438 2846 621 2887 scripsisse:

84 2900 224 2931 metuunt
245 2901 280 2930 ut
302 2899 468 2937 crudelem,
490 2898 608 2929 iratum

126 2950 190 2982 Sed
219 2953 255 2983 tu
282 2951 386 2983 omnia
414 2951 466 2993 qui
494 2950 630 2982 consilia
651 2957 714 2983 cet.
735 2951 861 2983 Inclusi
883 2950 946 2992 qui,

666 2846 734 2878 Sed
765 2845 819 2876 Oa.
847 2845 961 2877 etiam‘

979 2093 1055 2123 lium
1078 2094 1200 2125 usitato
1223 2103 1342 2125 errore.
1364 2093 1454 2125 Dicit
1478 2094 1518 2124 T.
1542 2093 1722 2125 Caninium
1743 2093 1838 2125 Rebi-

980 2147 1060 2185 lum,
1083 2157 1180 2188 quem
1204 2147 1326 2179 Caesar
1346 2148 1388 2178 ad
1410 2147 1628 2179 Brundisium
1657 2157 1761 2188 quum
1793 2156 1839 2178 es·

980 2204 1038 2238 set,
1062 2200 1151 2241 pacis
1173 2200 1400 2231 conciliandae
1423 2210 1520 2231 causa
1543 2200 1585 2231 ad
1600 2200 1765 2231 Libonem
1783 2200 1840 2230 mi-

980 2260 1075 2293 serat,
1098 2262 1134 2286 ut
1156 2255 1256 2286 tradit
1277 2255 1346 2296 ipse
1368 2255 1409 2286 de
1432 2255 1472 2286 Β.
1496 2254 1533 2286 C.
1555 2255 1586 2286 I.
1609 2254 1660 2286 26.

1027 2306 1065 2337 Ut
1087 2307 1135 2339 ait
1157 2307 1223 2339 ille.
1246 2308 1381 2340 Mentor
1402 2308 1444 2339 ad
1465 2307 1701 2339 Telemachum
1725 2307 1758 2338 in
1780 2305 1841 2339 Od.

981 2360 1046 2399 IX,
1070 2362 1119 2393 15.

1026 2416 1065 2448 Et
1088 2418 1249 2459 descripta
1271 2417 1384 2449 attulit
1405 2417 1465 2449 illa
1488 2428 1505 2448 e
1526 2417 1578 2448 via
1600 2416 1671 2447 misi
1692 2421 1755 2448 cet.
1775 2415 1844 2447 Me-

984 2472 1161 2504 morabiles
1177 2477 1254 2503 sunt
1275 2472 1423 2503 'Pur-nebi
1447 2476 1478 2503 et
1499 2471 1666 2502 Tunstalli
1681 2470 1843 2501 coniectu-

985 2533 1050 2562 rae,
1093 2534 1234 2566 quorum
1268 2524 1326 2556 ille
1356 2524 1498 2556 Advers.
1527 2524 1554 2555 I.
1584 2524 1621 2555 21
1654 2522 1842 2563 temptavit:

985 2587 1065 2619 quae
1089 2579 1232 2619 Aeyypta
1255 2576 1376 2615 attulit,
1399 2576 1459 2608 illa
1489 2587 1506 2608 e
1534 2575 1586 2607 via
1619 2575 1690 2605 misi
1717 2574 1762 2604 acl
1793 2575 1842 2608 te;

986 2631 1041 2662 hic
1063 2641 1142 2664 vero
1165 2632 1269 2673 Epist.
1291 2632 1378 2663 laud.
1400 2642 1430 2672 p.
1457 2631 1532 2662 150:
1566 2640 1664 2672 neque
1686 2627 1843 2668 descripla

987 2685 1098 2716 attulit
1119 2685 1179 2717 illa
1203 2685 1239 2717 L.
1265 2687 1312 2726 (οε
1342 2685 1468 2717 Lucius
1497 2684 1625 2720 Caesar,
1657 2692 1756 2724 quem
1788 2681 1845 2712 Ca-

986 2748 1088 2780 puam
1109 2739 1319 2780 proficiscens
1340 2748 1369 2770 a.
1391 2740 1423 2770 d.
1442 2739 1530 2769 vm
1545 2737 1622 2769 Kal.
1637 2736 1734 2768 Febr.
1748 2734 1846 2765 huius

988 2794 1069 2825 anni
1101 2793 1282 2825 Minturnis
1319 2793 1447 2824 viderat
1489 2801 1566 2823 cum
1603 2788 1846 2822 absurdissimis

989 2847 1153 2878 mandatis
1174 2847 1214 2878 ad
1237 2846 1434 2887 Pompeium
1453 2850 1485 2876 et
1502 2843 1664 2875 consules.
1688 2842 1751 2872 vid.
1767 2840 1846 2871 Vll.

991 2900 1041 2937 13,
1064 2899 1110 2939 6).
1133 2898 1164 2928 Ε
1182 2898 1234 2930 via
1256 2898 1328 2929 misi
1349 2897 1393 2929 ad
1413 2899 1445 2928 le
1462 2899 1546 2935 ante,
1569 2901 1631 2927 cet.
1661 2895 1746 2926 Sunt
1768 2893 1846 2923 haec

990 2963 1070 2986 sane
1091 2959 1185 2985 acute
1209 2954 1352 2991 inventa,
1382 2958 1414 2985 et
1443 2961 1526 2993 quae
1559 2961 1626 2983 non
1659 2949 1798 2980 multum
1829 2956 1846 2977 a

990 3008 1161 3040 literarum
1189 3008 1353 3046 ductibus,
1382 3017 1464 3049 quos
1492 3006 1609 3048 optimi
1636 3004 1765 3036 codices
1794 3003 1848 3033 ha-

8 3120 25 3134 ”-
71 3109 194 3150 -mflgis
222 3109 387 3151 explicata
409 3113 467 3147 est,
500 3119 568 3140 1¹0⁰
590 3109 746 3142 certiores
767 3118 880 3141 sumus
907 3109 948 3141 (le
994 3114 1130 3146 faciunt.
1153 3114 1242 3145 Dum
1265 3113 1403 3145 certiora
1425 3122 1442 3144 e
1458 3112 1544 3144 libro
1557 3109 1849 3152 pmferentu1·sc1·i-

89 3171 138 3199 en,
161 3163 249 3203 qnod
271 3162 457 3194 faciendum
480 3162 532 3199 sit,
554 3172 652 3203 quam
675 3169 781 3194 antea.
997 3167 1071 3198 bere
1094 3167 1226 3197 malim:
1259 3165 1414 3196 ,lsamlala
1447 3165 1593 3195 meraris
1617 3182 1654 3185 -
1679 3161 1767 3192 nulla
1790 3162 1845 3192 lm-
