2062 3565
727 151 834 193 LIB.
870 151 986 193 XIV.
1022 151 1104 194 ΕΡ.
1142 153 1212 193 21.
1251 154 1320 193 22.
1821 154 1902 193 301

146 287 288 326 castra.
337 286 496 328 Atticae
541 287 710 329 salutem
752 287 963 343 plurimam
1008 287 1125 328 veliin
1171 287 1294 329 dicas.
1332 288 1530 343 Exspecto
1564 288 1722 330 Octavii
1757 289 1908 330 contio-

148 372 236 399 nem
282 362 324 399 et
368 360 401 401 si
449 361 546 416 quid
591 362 714 413 aliud,
760 363 931 403 maxime
975 366 1108 404 autem
1152 361 1295 418 ecquid
1346 361 1554 404 Dolabella
1588 362 1748 413 tinniat,
1784 376 1834 403 an
1870 362 1910 402 in

147 448 234 475 11100
267 435 428 476 1101111110
461 434 621 477 tabulas
654 450 776 477 novas
811 434 961 476 fecerit.

189 611 300 655 Λῆρος
330 606 433 647 πολύς
445 619 478 640 o:
494 620 599 651 nugas
617 620 690 652 ago,
708 610 907 652 Aethiopem
923 611 1007 642 lavo.
1055 611 1133 642 cet-it
1157 622 1191 642 o:
1217 618 1327 644 utrum
1351 612 1525 644 Dolabella
1549 622 1666 644 numos
1686 612 1768 644 mihi
1785 611 1912 643 debitos

193 666 325 698 Talaria
357 666 518 698 videamus
548 676 582 697 o:
616 667 917 708 eirctunspiciamus
952 667 1008 698 ali·
1056 673 1261 703 annumeret,
1284 677 1325 697 an
1350 676 1427 698 vero
1450 666 1579 697 tabulas
1602 677 1714 704 novas,
1737 676 1818 708 quas
1832 665 1913 697 olim

148 729 248 762 quam
270 720 361 752 viam
382 719 536 752 abeundi.
560 719 610 752 Cf.
633 720 674 751 ad
698 720 741 751 V.
767 720 793 757 l,
818 721 847 751 3.
1034 704 1035 738 l
1057 720 1166 760 palam
1182 720 1216 750 in
1230 720 1399 762 republica
1414 720 1631 759 denuntiavit,
1649 731 1737 752 nunc
1750 730 1809 753 sua
1818 730 1914 752 causa

189 773 309 816 Ecquid
328 774 369 806 D.
391 773 522 813 cirmiat,
544 785 587 804 aa
610 793 651 797 —
672 774 799 805 tabulas
832 784 930 805 novas
955 775 1010 814 Je-
1033 744 1037 808 l
1057 773 1091 804 in
1116 782 1165 811 eo,
1187 774 1276 814 quod
1298 774 1381 805 mihi
1402 775 1508 812 debet,
1533 774 1655 807 feccrit.

730 905 875 946 XXII.
940 906 1006 959 (A.
1048 905 1093 946 υ.
1132 906 1174 946 C.
1213 904 1331 960 710.)

215 1034 254 1074 1.
299 1032 454 1074 Certior
499 1050 520 1075 a
562 1033 665 1075 Pilia
710 1032 840 1074 factus
881 1033 987 1074 mitti
1030 1033 1079 1075 ad
1126 1039 1165 1075 te
1206 1033 1348 1076 Idibus
1393 1035 1635 1088 tabellarios,
1671 1038 1806 1078 statim
1837 1036 1916 1078 -1100

151 1107 284 1148 nescio
331 1107 428 1162 quid
476 1108 650 1149 exaravi.
702 1106 883 1148 Primum
927 1107 1052 1162 igitur
1096 1108 1196 1149 scire
1239 1113 1279 1150 te
1324 1109 1431 1150 volui
1472 1125 1534 1151 me
1579 1110 1673 1152 hinc
1718 1111 1915 1166 Arpinum

154 1193 245 1222 XVI.
290 1180 465 1223 Kalend.
512 1181 606 1223 Iun.
656 1181 716 1222 Eo
764 1180 890 1235 igitur
939 1181 1088 1232 mittes,
1136 1182 1168 1223 si
1215 1182 1311 1237 quid
1352 1184 1428 1225 erit
1460 1184 1640 1239 posthac,
1676 1199 1917 1240 quamquam

151 1255 236 1310 ipse
279 1255 360 1297 iam
403 1255 564 1310 iamque
609 1253 743 1296 adero.
794 1253 924 1310 Cupio
957 1255 1063 1297 enim
1098 1260 1205 1307 ante,
1240 1271 1359 1312 quam
1394 1258 1562 1300 Romam
1595 1260 1726 1310 venio,
1761 1258 1917 1300 odorari
1956 1273 1970 1297 5

151 1328 386 1384 diligentius
419 1327 518 1384 quid
550 1327 733 1369 futurum
768 1327 834 1369 sit.
869 1327 1123 1383 Quamquam
1156 1343 1292 1370 vereor
1325 1345 1375 1371 ne
1408 1330 1510 1373 nihil
1543 1333 1773 1374 coniectura
1806 1331 1917 1374 aber-

149 1417 248 1444 rem.
303 1402 474 1445 Minime
524 1402 632 1443 enim
682 1399 899 1443 obscurum
944 1406 1018 1453 est,
1066 1402 1162 1458 quid
1206 1403 1273 1444 isti
1319 1403 1536 1446 moliantur
1581 1431 1638 1436 -—
1680 1421 1792 1448 meus
1826 1421 1918 1448 vero

154 1475 390 1532 discipulus,
432 1477 502 1532 qui
544 1474 665 1517 hodie
712 1474 819 1531 apud
863 1489 927 1516 me
972 1480 1128 1528 coenat,
1163 1476 1278 1518 valde
1313 1482 1420 1519 amat
1452 1478 1581 1532 illum,
1615 1495 1735 1536 quem
1766 1480 1919 1522 Brutus

153 1554 288 1593 noster
332 1551 527 1592 sauciavit
568 1575 640 1600 —-,
684 1554 737 1601 et,
784 1550 817 1591 si
862 1551 1018 1604 quaeris
1064 1575 1121 1581 —
1166 1552 1350 1607 perspexi
1394 1553 1501 1593 enim
1534 1552 1651 1608 plane
1687 1578 1744 1584 —
1775 1554 1921 1595 timent

156 1624 308 1676 otium'3
343 1621 591 1668 ὑπόθεσιν
625 1629 759 1665 autem
791 1623 895 1666 hanc
928 1623 1081 1666 habent
1113 1640 1279 1680 eamque
1302 1641 1395 1681 prae
1419 1642 1458 1668 se
1490 1626 1637 1678 ferunt,
1657 1628 1920 1669 clarissimum

155 1698 285 1740 virum
318 1697 590 1748 interfectum,
625 1703 751 1739 totam
784 1713 867 1739 rem
900 1697 1101 1754 publicam
1136 1699 1244 1740 illius
1279 1700 1445 1741 interitu
1479 1700 1777 1756 perturbatam3
1808 1702 1921 1743 irrita

156 1770 254 1822 fore,
296 1786 398 1827 quae
441 1771 508 1813 ille
541 1773 702 1827 egisset,
738 1772 858 1813 simul
891 1787 937 1813 ac
970 1771 1208 1814 desistemus
1240 1774 1380 1814 timere
1390 1792 1401 1825 3
1437 1774 1688 1816 clementiam
1724 1774 1782 1816 illi
1817 1775 1921 1816 malo

158 1845 296 1898 fuisse,
342 1861 421 1900 qua
468 1846 500 1887 si
548 1861 642 1888 usus
685 1861 767 1888 non
812 1851 928 1898 esset,
963 1846 1067 1888 nihil
1099 1848 1134 1888 ei
1168 1847 1246 1888 tale
1281 1848 1458 1889 accidere
1492 1850 1702 1904 potuisset.
1739 1852 1779 1890 2.
1816 1849 1921 1890 Mihi

160 1922 293 1961 autem
343 1920 454 1961 venit
502 1921 544 1961 in
592 1925 782 1972 mentem,
828 1922 859 1961 si
905 1920 1120 1976 Pompeius
1153 1936 1245 1962 cum
1278 1923 1455 1963 exercitu
1489 1924 1600 1964 firmo
1634 1924 1781 1974 veniat,
1817 1923 1922 1978 quod

161 1996 222 2034 est
253 1989 473 2051 εὔλογον,
509 1998 613 2035 certe
647 1993 730 2035 fore
763 1993 928 2047 bellum.
963 1995 1075 2036 Haec
1109 2010 1169 2035 me
1215 1996 1365 2050 species
1399 1997 1668 2052 cogitatioque
1702 1996 1922 2053 perturbat.

162 2066 250 2109 Nec
300 2067 406 2107 enim
447 2067 541 2118 iam,
586 2067 694 2122 quod
733 2066 808 2109 tibi
852 2073 940 2109 tum
983 2067 1112 2119 licuit,
1162 2067 1278 2110 nobis
1311 2084 1420 2110 nunc
1452 2069 1604 2111 licebit.
1648 2071 1756 2112 Nam
1789 2076 1923 2126 aperte

160 2140 298 2182 laetati
343 2155 495 2181 sumus.
545 2140 702 2182 Deinde
748 2140 900 2183 habent
945 2143 987 2184 in
1032 2157 1097 2183 ore
1141 2157 1213 2184 nos
1246 2143 1438 2198 ingratos.
1473 2144 1597 2186 Nullo
1631 2144 1750 2186 modo
1772 2143 1924 2195 licebit,

162 2212 270 2269 quod
314 2217 401 2255 tum
436 2219 477 2255 et
507 2213 582 2256 tibi
616 2214 734 2256 licuit
759 2219 801 2256 et
831 2215 984 2258 multis.
1037 2214 1557 2275 Φαινοπροσωπητέον
1589 2233 1683 2273 ergo
1716 2223 1757 2260 et
1791 2214 1926 2262 ἰτέον

205 2379 245 2410 13
260 2377 404 2420 potuisse
424 2396 466 2402 —-
489 2380 529 2410 16
550 2378 657 2421 Neque
678 2379 759 2411 enim
782 2398 821 2402 —-

208 2537 227 2578 ξ)
260 2538 289 2568 1.
321 2536 435 2570 Vereor
467 2549 507 2570 ne
540 2539 624 2571 nihil
659 2541 841 2572 coniectura
869 2542 1020 2574 aberrem.
1069 2546 1155 2574 tores
1177 2542 1277 2574 obvio
1302 2543 1384 2574 bene
1407 2543 1588 2584 disputavit
1615 2543 1725 2574 Haase
1755 2543 1797 2574 ad
1827 2542 1929 2574 Reisi-

168 2591 346 2634 Perperam
369 2593 403 2624 in
427 2592 514 2625 Crat.
537 2599 585 2626 est
606 2605 627 2625 a
650 2595 841 2627 coniectura.
869 2597 929 2629 Est
957 2598 1022 2629 abl.
1071 2596 1117 2636 gii
1141 2595 1253 2628 Schol.
1278 2598 1353 2628 adn.
1378 2597 1448 2629 6:22.

166 2646 330 2684 instrum„
352 2652 390 2678 ut
411 2647 614 2686 coniiciendo,
649 2649 689 2680 cf.
713 2650 753 2681 de
775 2650 816 2681 N.
840 2650 880 2682 D.
903 2651 930 2682 Ι.
954 2652 1024 2689 100,
1114 2650 1132 2689 ξ
1155 2651 1183 2681 2.
1208 2650 1272 2681 Nec
1294 2651 1373 2682 enim
1386 2651 1449 2682 iam
1466 2652 1569 2686 (Med.
1582 2652 1754 2692 neqenz'am.
1777 2652 1930 2682 Correxit

169 2706 203 2734 et
222 2701 363 2733 aberrem
385 2702 535 2735 absolute
558 2704 700 2745 ponitur,
733 2711 771 2736 ur.
800 2705 864 2738 Off,
896 2707 924 2738 Ι,
956 2707 1025 2739 135,
1073 2702 1246 2734 Biichcler.
1270 2705 1357 2735 Mus.
1379 2705 1485 2736 Rhcn.
1511 2704 1572 2735 XI.
1602 2715 1632 2745 p.
1647 2705 1706 2735 516
1711 2714 1734 2745 ),
1763 2703 1848 2745 quod
1875 2703 1930 2734 libi

169 2758 248 2790 Alia
278 2759 363 2790 ratio
392 2765 441 2791 est
473 2759 507 2791 in
538 2760 625 2792 Phil,
655 2761 739 2793 ΧΠ,
769 2762 819 2800 23,
853 2763 908 2794 ubi
940 2730 1050 2795 rectel
1074 2758 1137 2787 tum
1160 2757 1261 2795 licuit,
1285 2758 1372 2789 nobis
1394 2768 1478 2789 nunc
1505 2758 1622 2790 licebit.
1660 2758 1831 2799 Perplacet
1861 2758 1930 2788 Mo-

169 2821 259 2843 nunc
281 2811 404 2843 editur:
428 2823 498 2843 num
520 2813 645 2844 aberret
665 2824 686 2844 a
701 2814 880 2846 coniectura
894 2816 1027 2858 suspicio
1048 2828 1051 2855 ι
1075 2810 1138 2841 seri
1161 2812 1347 2843 coniectura
1371 2811 1486 2852 Synlb-
1516 2812 1585 2843 Urit
1623 2812 1721 2842 VIII·
1746 2822 1775 2851 p-
1801 2812 1837 2841 15
1861 2821 1931 2851 Pl'O·

161 2863 300 2905 per-iculi
320 2865 388 2896 mei.
1077 2866 1157 2897 lata:
1204 2866 1267 2897 Nec
1299 2866 1379 2898 enim
1409 2867 1481 2904 iam,
1514 2866 1597 2908 quod
1624 2869 1687 2896 lum
1716 2865 1807 2896 licuit
1836 2865 1931 2901 nobis,

213 2915 304 2948 Meus
325 2916 500 2958 discipulus
522 2936 563 2942 —
585 2918 676 2950 valde
697 2922 784 2951 amat
805 2919 895 2951 illum
917 2927 1028 2953 001.οι
1075 2930 1158 2951 nunc
1179 2920 1297 2952 licebit.
1340 2921 1493 2952 Evitatur
1521 2921 1567 2952 sic
1599 2920 1743 2951 insuavis
1781 2919 1930 2959 repetitio

171 2969 303 3002 Hirtius
326 2971 424 3003 valde
446 2976 534 3002 amat
552 2971 724 3004 Caesarem
737 2973 836 3006 etiam
850 2980 1028 3006 mortuum.
1077 2973 1223 3005 eiusdem
1245 2974 1325 3005 dicti
1347 2974 1381 3005 in
1405 2983 1493 3015 seqq.

220 3020 289 3062 Qua
310 3021 339 3052 si
361 3032 436 3053 usus
459 3033 521 3054 non
543 3026 634 3062 esset,
658 3025 740 3057 nihil
763 3025 793 3057 ei
808 3026 875 3058 tale
887 3026 1032 3058 accidere
1117 3026 1464 3072 Φαινοπροσωπητέον
1487 3038 1560 3067 erqo
1583 3029 1613 3056 el
1635 3023 1721 3057 ἰτέον
1744 3025 1776 3053 in
1797 3027 1932 3054 castra?

169 3076 333 3115 potuisset.
356 3076 412 3108 Sic
435 3077 542 3109 scribo
565 3088 640 3110 cum
657 3080 751 3111 codd.
774 3079 954 3112 Cratander
965 3091 1032 3112 cor·
1077 3094 1110 3115 o:
1133 3084 1211 3125 quid
1235 3094 1313 3122 ergo
1344 3084 1459 3115 faciam
1473 3084 1488 3114 ’ἐ
1518 3085 1690 3114 1101110111110
1724 3082 1855 3115 lai-vam,
1885 3090 1932 3109 os-

173 3129 261 3160 rexit
275 3130 429 3170 potuine,
452 3132 542 3172 quod
564 3133 622 3164 alii
645 3134 748 3165 secuti
771 3140 856 3166 sunt.
903 3134 970 3166 Sed
992 3136 1033 3167 de
1078 3138 1211 3169 tendam
1234 3148 1297 3175 me,
1320 3138 1427 3178 qualis
1450 3138 1511 3170 sim
1535 3143 1565 3168 ct
1588 3146 1660 3167 011111
1687 3135 1789 3167 Bruto
1812 3142 1843 3168 et
1860 3137 1932 3169 Cas-

175 3183 238 3217 1100
262 3193 383 3225 genere
406 3186 636 3221 anacoluthiae
659 3188 744 3229 apud
766 3188 908 3230 optimos
937 3190 1033 3231 scrip-
1080 3191 1128 3226 sio
1150 3190 1265 3222 stabo?

1943 1646 1976 1672 10

1946 2013 1977 2039 15
