2062 3565
670 156 779 199 ΠΒ.
812 156 936 200 ΧΙΠ.
971 157 1055 200 ΕΡ.
1091 160 1163 199 29.
1199 159 1272 199 30.
1769 158 1853 197 243

90 292 216 335 hortis
249 292 360 334 satis.
394 292 491 334 Cras
524 297 594 334 aut
625 298 665 334 te
698 298 769 334 aut
791 307 951 335 causam
963 311 974 344 3
1009 293 1035 335 †
1052 288 1361 349 quamquidem
1380 292 1556 335 futuram
1576 290 1855 334 Faberianam.

93 366 171 409 Sed
201 366 234 408 si
268 366 430 421 poteris.

681 489 818 533 XXX.
883 493 948 546 (A.
991 493 1035 533 U.
1073 494 1115 533 C.
1154 493 1270 547 709.)

144 608 194 677 ’1.
239 607 443 648 Ciceronis
487 607 693 665 epistolam
738 606 814 648 tibi
855 607 1002 648 remisi.
1049 607 1084 649 O
1129 614 1167 649 te
1202 608 1386 659 ferreum,
1422 608 1491 662 qui
1524 607 1634 649 illius
1668 606 1855 663 periculis

92 695 174 723 non
216 680 409 722 moveris!
460 681 528 722 Me
575 696 731 736 quoque
775 685 950 721 accusat.
1002 680 1100 722 Eam
1135 680 1211 722 tibi
1245 680 1453 737 epistolam
1486 681 1697 722 misissem.
1749 681 1855 722 Nam

92 753 160 795 ffla
193 753 316 795 altera
349 753 397 795 de
431 753 551 795 rebus
584 754 709 808 gestis
745 752 882 794 eodem
918 753 1098 809 exemplo
1134 759 1245 809 puta.
1281 754 1329 795 In
1363 754 1589 795 Cumanum
1625 753 1742 795 hodie
1765 753 1857 794 misi

93 825 360 868 tabellarium.
397 830 437 868 2.
471 827 521 869 Ei
555 826 648 868 dedi
681 831 772 867 tuas
806 825 856 867 ad
890 826 1135 877 Yestorium,
1171 842 1268 882 quas
1302 827 1500 868 Pharnaci
1528 826 1707 868 dederas.
1742 826 1858 867 Com-

94 899 257 942 modum
301 899 351 942 ad
394 907 433 942 te
478 901 663 942 miseram
711 900 916 951 Demeam,
963 915 1087 955 quum
1123 901 1223 942 Eros
1257 900 1306 942 ad
1339 916 1401 942 me
1436 901 1559 951 venit,
1595 900 1663 942 sed
1698 900 1740 941 iu
1773 900 1859 941 eius

94 973 261 1030 epistola
293 973 396 1015 nihil
429 980 515 1016 erat
547 974 641 1016 novi
674 974 751 1016 nisi
786 974 1013 1015 auctionem
1047 973 1232 1015 biduum.
1268 973 1333 1015 Ab
1366 990 1412 1016 ea
1443 975 1582 1030 igitur,
1617 979 1663 1016 ut
1694 973 1857 1015 scribis:

95 1052 135 1089 et
177 1047 296 1089 velim
340 1047 520 1090 confecto
561 1048 723 1103 negotio
770 1046 1007 1098 Faberiano,
1054 1062 1172 1103 quem
1221 1047 1382 1102 quidem
1425 1053 1547 1103 negat
1592 1049 1692 1090 Eros
1726 1047 1858 1097 hodie,

97 1136 182 1163 cras
215 1136 330 1163 mane
365 1126 493 1177 putat.
549 1124 585 1163 A
617 1126 657 1162 te
692 1119 883 1162 colendus
917 1125 990 1161 est.
1024 1120 1132 1162 Istae
1167 1125 1301 1162 autem
1335 1117 1595 1164 κολακείαι
1628 1137 1708 1164 non
1743 1122 1860 1177 longe

95 1194 243 1237 absunt
284 1211 308 1237 a
349 1195 510 1237 scelere.
561 1196 631 1246 Te,
675 1200 722 1236 ut
762 1209 890 1250 spero,
936 1193 1138 1249 perendie.
1185 1196 1226 1235 3.
1276 1195 1352 1245 Mi,
1387 1195 1552 1236 sicunde
1585 1200 1712 1252 potes,
1747 1211 1861 1237 erues

97 1269 166 1324 qui
198 1269 335 1311 decem
368 1269 490 1325 legati
532 1269 730 1311 Mummio
775 1268 938 1310 fuerint.
990 1267 1182 1324 Polybius
1214 1284 1296 1310 non
1329 1269 1524 1310 nominat.
1577 1270 1664 1325 Ego
1698 1270 1861 1311 memini

96 1341 292 1385 Albinum
325 1342 575 1384 consularem
608 1347 648 1384 et
682 1343 750 1398 Sp.
785 1341 1044 1383 Mummium.
1080 1342 1230 1383 Videor
1264 1342 1422 1384 audisse
1457 1359 1505 1384 ex
1539 1344 1756 1385 Hortensio
1784 1345 1863 1386 Tu-

97 1415 295 1458 ditanum.
329 1415 407 1458 Sed
440 1415 484 1457 in
527 1415 696 1458 Libonis
731 1414 866 1457 annali
902 1428 990 1456 XIV·
1025 1415 1140 1456 annis
1174 1420 1264 1470 post
1298 1421 1454 1471 praetor
1488 1422 1547 1458 est
1580 1417 1708 1459 faetus
1741 1417 1863 1459 'rudi-

141 1583 159 1614 3
182 1582 302 1630 misisse
324 1582 374 1624 (in
398 1582 487 1614 Med.
510 1587 560 1614 est
589 1581 764 1621 misissem).
796 1600 835 1604 -
867 1584 887 1611 4
919 1581 1007 1612 illam
1049 1581 1183 1612 alteram
1213 1599 1255 1604 —
1281 1584 1368 1621 puto.
1403 1601 1444 1606 -
1472 1584 1489 1612 9
1514 1575 1672 1611 κολακίαι
1694 1594 1733 1599 —-

142 1722 161 1762 ξ
184 1722 213 1753 1.
238 1720 397 1754 ciceronis
418 1733 451 1754 o:
489 1722 609 1761 Quinti
630 1723 701 1760 filii,
731 1722 788 1764 qui
817 1722 858 1753 de
879 1721 961 1762 peri·
982 1716 984 1748 ἶ

1005 1721 1237 1762 disceptandas
1251 1723 1572 1764 componendasque,
1581 1724 1670 1755 unde
1679 1730 1787 1755 tamen
1799 1734 1864 1755 non

100 1776 195 1813 culis,
217 1785 302 1817 quae
325 1776 359 1807 in
381 1775 551 1817 Hispania
573 1776 710 1813 adierat,
739 1782 771 1807 et
800 1776 840 1806 de
862 1774 961 1806 rebus
982 1770 985 1812 ξ
1007 1777 1156 1817 sequitur
1176 1775 1349 1808 Graeciam
1373 1778 1439 1809 iam
1462 1785 1533 1810 tum
1551 1780 1585 1810 in
1599 1780 1788 1821 provinciae
1806 1780 1867 1811 for-

101 1828 148 1860 ibi
169 1828 271 1869 gestis
295 1829 389 1860 binas
410 1829 526 1860 Attico
563 1829 718 1870 epistolas
750 1828 961 1869 querelarum
1006 1841 1095 1862 mam
1118 1841 1187 1863 esse
1210 1832 1386 1870 redactam,
1419 1834 1508 1874 quod
1530 1834 1586 1865 diu
1608 1839 1720 1875 postea
1743 1834 1866 1864 factum

984 1885 985 1888 ’
1008 1895 1078 1917 esse
1099 1886 1211 1926 docuit
1233 1885 1272 1918 C.
1294 1885 1332 1917 F.
1356 1886 1572 1918 Hermannus
1589 1888 1623 1919 in
1642 1888 1718 1919 coll.
1733 1888 1867 1929 disputt.

102 1881 216 1922 plenas
237 1882 383 1913 dederat.

145 1936 293 1967 Ferreum
314 1946 374 1978 pro
396 1937 479 1968 duro
501 1937 664 1968 dicebant.
699 1935 740 1967 cf.
762 1935 856 1967 Fam.
881 1934 962 1966 XV.

104 1989 154 2027 21,
176 1991 198 2020 4
209 1989 341 2030 ferreus
363 1999 470 2028 essem,
491 1990 520 2021 si
542 1992 573 2021 te
597 2000 660 2021 non
682 2000 830 2020 amarem.
858 1988 900 2028 Q.
923 1988 963 2019 fr.

105 2045 132 2075 1.
154 2046 183 2082 3,
205 2045 225 2075 3
239 2044 337 2084 ferus
359 2046 389 2075 et
403 2048 538 2084 ferreus
559 2045 744 2085 iunguntur
777 2044 829 2074 ut'
843 2044 878 2074 in
909 2043 965 2074 Ti-

107 2097 188 2130 bulli
210 2098 252 2129 el.
277 2099 304 2129 1.
328 2099 377 2136 11,
400 2098 419 2129 2
441 2109 531 2141 quam
546 2099 645 2138 ferus
673 2101 705 2129 et
735 2108 806 2128 vere
830 2097 965 2138 ferreus
986 2102 989 2121 ἐ

105 2151 162 2182 ille
173 2150 257 2192 ficit.

150 2204 225 2236 Eam
247 2223 289 2228 —
311 2205 463 2237 misissem
481 2216 516 2237 o:
544 2215 626 2244 eam,
649 2206 684 2237 in
707 2215 774 2246 qua
790 2205 831 2244 Q.
847 2214 900 2236 me
917 2214 966 2235 ac·
988 2211 991 2217 ·

112 2264 213 2296 cusat,
243 2259 303 2290 tibi
334 2259 507 2298 misissem,
539 2260 604 2290 nisi
637 2265 675 2290 tu
709 2258 792 2290 mihi
823 2259 967 2290 similem

109 2311 263 2343 misisses.
286 2311 384 2343 Nunc
415 2312 501 2344 nihil
530 2322 611 2354 opus
641 2318 721 2344 erat.
763 2312 851 2344 Nam
884 2321 967 2352 quae

110 2369 277 2405 praeterea
298 2370 377 2396 sunt
397 2365 432 2396 in
456 2365 594 2406 epistola
615 2365 657 2396 ad
678 2374 732 2396 me
753 2365 864 2402 missa,
887 2365 969 2396 scito

111 2428 182 2451 esse
204 2420 328 2457 eadem,
361 2429 446 2461 qnae
469 2420 530 2451 tibi
561 2420 699 2461 scripsit.
731 2419 868 2452 Correxi
892 2429 969 2450 cum

111 2472 279 2504 Gronovio
301 2473 361 2504 illa
383 2474 488 2505 altera
511 2479 544 2505 et
563 2476 652 2514 puta.

156 2531 175 2570 ξ
195 2530 226 2560 2.
248 2528 422 2567 Pharnaci,
445 2529 582 2561 librario
603 2529 719 2561 Attici.
752 2530 818 2561 vid.
849 2539 899 2570 ep.
929 2530 971 2560 44

113 2588 198 2614 extr.

156 2635 228 2666 Nisi
257 2636 431 2667 auctionem
462 2635 586 2667 biduum
618 2647 670 2677 np.
701 2636 861 2676 prolatam
891 2645 971 2667 esse.

115 2689 156 2721 ef.
179 2699 219 2731 ep
252 2691 303 2728 14,
326 2691 343 2722 1
366 2690 399 2721 h.
423 2690 445 2721 1.

157 2739 345 2776 Κολακείαι
373 2753 435 2773 non
457 2743 549 2784 lonqe
578 2742 690 2773 absunt
723 2752 743 2772 a
766 2742 895 2774 scelere.
919 2744 974 2774 In-

117 2798 295 2830 honestum
317 2803 366 2830 est
380 2798 508 2830 adulari
521 2799 734 2837 debitoribus,
751 2804 787 2830 ut
802 2799 975 2840 pecuniam

121 2852 162 2884 ab
185 2852 226 2884 iis
256 2853 437 2894 exprimas;
468 2854 526 2885 sed
558 2853 733 2885 scelestum
761 2854 834 2895 quis
864 2853 975 2885 dicat?

117 2905 261 2947 Negatio
296 2907 428 2939 videtur
461 2907 612 2944 delenda,
651 2912 689 2938 ut
726 2907 857 2938 volebat
887 2907 914 2938 I.
937 2907 976 2938 F.

120 2957 320 2992 Gronovius.

164 3015 183 3053 ξ
205 3015 235 3046 3.
257 3014 307 3046 De
329 3015 444 3046 eadem
466 3024 499 3046 re
523 3015 630 3055 agitur
652 3014 684 3045 11.
710 3015 732 3046 l.
755 3016 806 3052 32,
829 3016 857 3047 3.
882 3016 931 3052 33,
949 3016 979 3046 3.

124 3067 153 3105 6,
176 3069 207 3099 4.
229 3069 259 3106 4,
283 3069 299 3099 1
324 3074 356 3100 et
377 3070 406 3106 5,
430 3069 458 3100 1.
489 3068 613 3100 Decem
643 3069 745 3109 legati
767 3078 858 3100 more
879 3069 980 3100 maio-

125 3130 210 3157 rum,
233 3125 270 3152 ut
289 3121 408 3153 Livius
433 3120 609 3158 XXXIII,
628 3120 669 3152 24
682 3126 714 3152 et
729 3121 920 3154 XXXVII.
936 3124 974 3153 55

125 3173 247 3210 scribit,
282 3184 302 3204 a
322 3179 438 3206 senatu
462 3174 553 3204 missi
577 3180 670 3205 erant
692 3175 734 3206 ad
757 3184 806 3206 res
830 3175 976 3206 Achaiae

1008 1949 1152 1976 suarum,
1182 1949 1282 1980 quam
1305 1940 1407 1971 edidit
1439 1950 1467 1972 a.
1502 1941 1593 1979 1849,
1623 1952 1654 1983 p.
1685 1941 1744 1972 356
1777 1951 1868 1982 seqq.

986 2018 987 2023 ,
1009 1991 1170 2033 Polybius
1191 1994 1257 2024 τῶν
1287 1989 1372 2025 δέκα
1397 1995 1552 2026 meminit
1568 1995 1602 2026 in
1618 1995 1666 2026 lib
1687 1996 1738 2032 40,
1751 1995 1868 2026 8--10.

1052 2048 1197 2079 Albinum
1218 2050 1426 2081 consularem.
1461 2051 1580 2082 Alium
1601 2051 1767 2082 Albinum
1790 2052 1870 2083 dicit

1011 2111 1112 2142 quam
1134 2111 1220 2139 eum,
1244 2102 1301 2143 qui
1323 2112 1399 2133 cum
1421 2103 1451 2134 L
1479 2103 1611 2135 Licinio
1632 2104 1778 2135 Lucullo
1795 2114 1870 2136 con-

1013 2154 1065 2185 sul
1087 2154 1194 2186 fuerat
1215 2165 1243 2186 a.
1265 2166 1296 2186 u.
1321 2156 1392 2187 603.
1415 2157 1564 2198 Apparet
1579 2157 1683 2195 exiis,
1696 2167 1780 2199 quae
1791 2159 1871 2190 scri·

1015 2207 1061 2238 bit
1083 2216 1134 2249 ep.
1158 2208 1199 2239 32
1223 2214 1308 2240 extr.
1331 2209 1592 2251 Wesenbergins
1613 2210 1755 2242 Emend.
1777 2221 1806 2252 p.
1831 2211 1870 2242 16

1013 2263 1197 2303 suspicatur
1218 2262 1307 2294 hunc
1320 2273 1390 2295 esse
1406 2263 1463 2305 Sp.
1477 2264 1687 2296 Postumium
1706 2265 1870 2296 Albinum

1014 2315 1189 2356 Magnum,
1214 2316 1272 2356 qui
1294 2326 1322 2347 a.
1347 2316 1407 2347 606
1439 2326 1516 2348 cum
1537 2317 1576 2349 L.
1608 2316 1789 2358 Calpurnio
1820 2317 1872 2348 Pi-

1015 2380 1094 2401 sone
1116 2371 1234 2401 consul
1257 2370 1365 2409 fuerit,
1391 2371 1526 2404 biennio
1549 2377 1726 2413 antequam
1758 2372 1872 2404 Corin-

1013 2424 1088 2455 thus
1111 2430 1206 2465 capta
1230 2424 1281 2455 sit.
1307 2425 1386 2456 Vid.
1408 2425 1449 2456 de
1472 2435 1511 2457 eo
1534 2425 1603 2457 Cic.
1627 2426 1722 2457 Brut.
1745 2426 1794 2457 94.

1062 2476 1260 2507 Tuditanum.
1282 2478 1341 2508 Ab
1363 2478 1477 2509 Attico
1499 2479 1633 2510 edoctus
1656 2486 1705 2510 est
1728 2478 1764 2510 C.
1784 2478 1873 2510 Sem-

1023 2530 1179 2571 pronium
1202 2530 1407 2561 Tuditanum
1428 2530 1538 2568 fuisse,
1561 2536 1687 2572 patrem
1710 2531 1799 2562 illius
1811 2532 1875 2562 Tu-

1018 2583 1136 2620 ditani,
1169 2592 1269 2623 quem
1291 2592 1349 2624 per
1373 2584 1528 2624 temporis
1550 2584 1694 2616 rationes
1717 2584 1817 2616 fuisse
1841 2586 1874 2615 in

1019 2637 1134 2668 decem
1165 2636 1283 2677 legatis
1307 2637 1376 2677 ipse
1398 2637 1457 2668 vix
1479 2638 1625 2679 putabat.
1648 2638 1698 2670 Cf.
1717 2639 1809 2680 impr.
1825 2649 1875 2680 ep.

1019 2691 1048 2728 6,
1070 2693 1091 2722 4
1112 2691 1145 2722 h.
1169 2691 1190 2722 1.

1061 2743 1102 2774 In
1124 2744 1251 2775 Libonis
1273 2745 1396 2776 annali.
1420 2746 1497 2776 Non
1522 2746 1676 2777 laudatur
1699 2747 1761 2777 nisi
1777 2746 1875 2778 hicet

1020 2806 1070 2839 ep.
1094 2799 1143 2836 32,
1168 2800 1186 2830 :3
1210 2801 1295 2830 et44
1310 2799 1342 2830 h.
1355 2800 1376 2830 1.
1388 2799 1475 2831 Libo
1490 2800 1576 2832 inter
1587 2801 1756 2831 annalium
1773 2800 1875 2841 scrip-

1022 2856 1118 2883 tores.
1142 2853 1333 2884 Auctoritas
1356 2853 1475 2884 veteris
1497 2854 1629 2891 codicis,
1643 2863 1685 2885 ex
1699 2864 1764 2894 quo
1779 2852 1876 2885 Grae·

1023 2905 1095 2936 vius
1117 2906 1151 2937 in
1174 2906 1247 2937 add.
1270 2906 1364 2938 affert
1386 2906 1419 2936 in
1443 2906 1568 2938 Libonis
1589 2908 1702 2937 annali
1731 2907 1877 2943 secundo,

1022 2958 1119 2990 valde
1141 2964 1288 3000 suspecta
1311 2964 1369 2990 est.

1067 3011 1134 3044 Non
1157 3023 1235 3044 sane
1255 3013 1392 3055 quadrat
1416 3024 1448 3044 o:
1483 3015 1645 3054 congruit,
1669 3020 1780 3054 aptum
1819 3021 1878 3044 est.

1024 3065 1065 3097 cf.
1090 3075 1138 3107 ep.
1163 3068 1213 3104 33,
1238 3068 1266 3097 3.
1302 3066 1495 3108 Metaphora
1517 3067 1666 3098 desumta
1696 3076 1714 3096 a
1747 3067 1878 3107 quadris

1026 3119 1199 3161 lapidibus,
1223 3121 1280 3160 qui
1303 3120 1365 3151 sibi
1388 3120 1531 3151 invicem
1557 3121 1637 3151 bene
1666 3120 1877 3152 conveniunt.

1003 3190 1005 3199 ι
1026 3178 1062 3203 ιιι
1083 3174 1196 3204 scribit
1223 3172 1358 3203 Servius
1382 3174 1421 3203 ad
1447 3173 1546 3214 Vei-g.
1569 3172 1689 3212 (iem-g.
1712 3173 1757 3205 ΙΙ.
1779 3173 1848 3205 277.

1614 3229 1709 3269 16³⁶

1883 1211 1917 1236 10
