2062 3565
675 158 782 201 LIB.
821 160 872 202 X.
907 160 991 203 ΕΡ.
1031 162 1100 203 15.
1137 163 1207 203 16.
1742 166 1822 204 123

60 293 178 337 modo
220 292 286 345 sit,
331 293 488 347 qualem
532 299 640 350 opt0,
675 300 820 346 cetera,
854 311 955 351 quae
989 296 1151 351 quidem
1186 298 1353 339 consilio
1388 299 1588 354 provideri
1622 304 1823 353 poterunt,

60 365 319 410 cavebuntur.
367 367 444 418 Tu,
488 368 584 410 dum
629 368 835 420 adsumus,
882 384 964 411 non
1009 370 1128 411 modo
1172 386 1272 425 quae
1315 372 1450 413 scieris
1484 371 1722 421 audierisve,
1757 371 1823 412 sed

59 441 178 483 etiam
211 455 311 496 quae
345 440 481 484 futura
515 442 756 498 providebis,
791 443 942 485 scribas
975 443 1108 485 velim.
1145 447 1185 485 3.
1226 445 1340 496 Cato,
1376 445 1444 500 qui
1478 445 1655 487 Siciliam
1690 449 1824 485 tenere

57 512 168 556 nullo
199 514 363 568 negotio
396 515 543 570 potuit,
577 521 630 565 et,
665 516 698 556 si
731 517 941 567 tenuisset,
977 531 1113 558 omnes
1148 516 1243 559 boni
1277 517 1328 558 ad
1361 532 1452 559 eum
1476 533 1516 558 sc
1540 516 1824 567 contulissent,

59 586 263 643 Syracusis
295 588 498 644 profectus
531 593 592 629 est
624 593 717 630 ante
751 588 856 630 diem
892 602 990 631 vm.
1028 589 1118 630 Kal.
1140 590 1254 638 Mai„
1278 596 1326 632 ut
1347 590 1396 632 ad
1421 606 1482 632 me
1507 589 1629 632 Curio
1652 589 1824 643 scripsit.

2 707 12 714 ι
60 647 239 711 Utiliam,
273 660 381 716 quod
415 661 544 711 aiunt,
580 660 699 702 Cotta
733 661 959 703 Sardiniam
992 664 1149 703 teneat!
1190 664 1261 704 Est
1292 663 1399 705 enim
1434 678 1580 705 rumor.
1632 664 1682 713 Ο,
1717 663 1751 703 si
1784 662 1824 703 id

59 733 192 786 fuerit,
241 740 399 790 turpem
444 734 659 776 Catonem!
712 739 750 776 4.
798 735 883 789 Ego
917 742 963 777 ut
1013 736 1231 777 minuerem
1266 737 1533 792 suspicionem
1567 737 1824 792 profectionis

59 811 129 849 aut
172 807 428 862 cogitationis
472 822 596 857 meae,
642 807 843 862 profectus
875 823 964 849 sum
996 808 1039 849 in
1075 808 1364 864 Pompeianum
1398 824 1434 850 a.
1469 809 1508 850 d.
1544 823 1634 852 1111.
1669 809 1747 860 Id„
1783 815 1828 851 ut

57 879 116 922 ibi
147 895 289 931 essem,
323 880 434 930 dum,
470 895 571 935 quae
604 880 654 921 ad
688 880 961 936 navigandum
995 896 1095 936 opus
1129 886 1274 933 essent,
1310 887 1557 937 pararentur.
1607 883 1743 935 Quum
1777 882 1827 923 ad

60 952 192 995 villam
227 953 439 1004 venissem,
475 958 639 994 ventum
674 959 734 995 est
767 953 816 994 ad
850 969 931 995 me:
975 982 994 1005 ,Ι
1009 955 1264 996 centuriones
1296 955 1418 996 trium
1453 956 1692 1006 cohortium,
1727 970 1827 1009 quae

59 1026 260 1082 Pompeiis
305 1031 414 1076 sunt,
464 1041 526 1067 me
572 1025 672 1068 velle
719 1026 965 1082 postridie:'’
1012 1053 1068 1057 -
1115 1027 1211 1069 haec
1252 1042 1406 1069 mecum
1457 1028 1636 1070 Ninnius
1670 1033 1825 1070 noster:

58 1099 157 1142 velle
190 1115 257 1142 eos
305 1100 406 1141 mihi
440 1115 481 1141 se
515 1106 556 1141 et
587 1099 781 1156 oppidum
814 1100 984 1142 tradere.
1037 1103 1092 1142 At
1123 1116 1196 1156 ego
1228 1100 1305 1142 tibi
1338 1101 1530 1156 postridie
1564 1102 1589 1144 †
1610 1101 1659 1142 ad
1694 1101 1827 1142 villam

59 1177 151 1215 ante
194 1172 340 1224 lucem,
386 1179 434 1215 ut
476 1189 539 1215 me
583 1174 747 1215 omnino
790 1173 850 1215 illi
895 1189 944 1215 ne
978 1174 1173 1216 viderent.
1223 1174 1333 1226 Quid
1366 1174 1473 1215 enim
1507 1180 1591 1215 erat
1623 1174 1665 1215 in
1699 1172 1829 1214 tribus

59 1245 322 1289 cohortibus?
355 1247 481 1299 Quid,
517 1248 551 1289 si
583 1247 746 1303 plures?
781 1262 859 1302 quo
893 1249 1116 1303 apparatu?
1149 1248 1334 1303 Cogitavi
1367 1247 1504 1289 eadem
1539 1247 1607 1288 illa
1625 1245 1827 1296 Caeliana,

59 1335 160 1375 quae
209 1321 290 1376 legi
338 1320 380 1362 in
427 1321 596 1376 epistola
643 1326 728 1372 tua,
778 1336 899 1376 quam
947 1322 1096 1377 accepi,
1142 1322 1261 1363 simul
1301 1327 1341 1362 et
1385 1321 1427 1363 in
1461 1320 1687 1375 Cumanum
1722 1320 1827 1369 veni,

0 1391 2 1394 ’
60 1394 197 1436 00110111
233 1394 312 1446 die,
347 1395 373 1436 †
395 1399 436 1436 et
469 1395 589 1436 simul
622 1395 706 1436 fieri
739 1399 908 1450 poterat,
943 1399 990 1436 ut
1020 1400 1323 1451 temptaremur.
1353 1394 1523 1435 Omnem
1553 1394 1678 1450 igitur
1702 1393 1828 1449 suspi-

15 1685 21 1693 ·
61 1680 103 1712 111
124 1680 358 1712 constituendo
379 1680 442 1711 hoc
466 1680 539 1711 loco
562 1680 604 1711 ab
626 1679 753 1713 Orellio
781 1686 813 1712 et
846 1679 922 1711 We-

0 1743 6 1779 '.
61 1733 236 1775 senbergio
259 1734 316 1775 (ad
347 1734 444 1765 Tusc.
475 1733 523 1764 11.
553 1733 608 1774 22)
641 1733 811 1771 dissentio,
845 1739 878 1765 et
906 1743 924 1764 0

61 1787 151 1819 Med.
174 1787 316 1819 lectione
338 1786 424 1818 nihil
455 1787 583 1819 recedo.
616 1786 790 1818 Acerrime
819 1786 926 1818 adser-

10 1861 15 1867 .
63 1850 139 1873 vare
162 1845 211 1873 est
232 1851 363 1872 summa
384 1840 561 1881 diligentia
583 1841 747 1872 custodire
771 1846 802 1872 et
819 1841 924 1871 occul-

4 1927 6 1930 ,
63 1900 131 1926 tare
153 1904 197 1926 sc.
219 1894 408 1931 eonsilium,
439 1895 530 1935 quod
562 1903 579 1926 e
609 1894 819 1935 praecedenti
853 1903 925 1926 sen-

63 1948 166 1980 tentia
187 1952 299 1980 mente
321 1948 537 1989 repetendum
560 1953 618 1979 est.

105 2000 124 2042 §
146 2001 176 2032 3.
200 1999 289 2038 Cato,
317 1999 370 2042 qni
399 2017 441 2024 —
462 2000 571 2041 potuit
601 2003 631 2031 et
659 2017 699 2022 —-
721 2000 766 2031 ad
794 2010 861 2044 edm
893 2009 927 2030 se

63 2057 145 2086 cont.
177 2054 353 2086 Transitus
375 2064 394 2085 0
416 2055 613 2095 pronomine
635 2054 776 2086 relativo
798 2055 840 2086 ad
871 2055 926 2085 de-

0 2102 16 2154 ff
65 2107 321 2139 monstrativum
355 2106 510 2148 frequens
545 2112 594 2138 est
631 2107 718 2148 apud
755 2107 927 2148 scriptores

8 2175 9 2178 ¹
65 2161 236 2202 utriusque
258 2161 434 2193 sermonis.
469 2161 520 2193 De
542 2160 676 2193 Graecis
709 2161 766 2192 vid
806 2160 925 2192 Matth.

0 2238 2 2243 ,
64 2212 213 2246 Gramm.
235 2213 291 2245 Gr.
315 2214 334 2254 ξ
357 2213 429 2251 472,
451 2215 488 2250 3;
512 2213 554 2244 de
574 2213 734 2245 Romanis
757 2223 834 2254 prae
855 2213 929 2244 aliis

0 2257 11 2298 ᾧ
65 2268 173 2300 Kritz.
197 2269 239 2300 ad
260 2267 330 2300 Sal.
354 2268 428 2309 Iug.
454 2268 526 2306 101,
548 2270 576 2305 5,
606 2268 663 2309 qui
685 2272 796 2299 tamen
820 2267 929 2299 aliena

4 2847 10 2859 ,
0 2687 15 2819 .....‘7‚75
0 2467 18 2676 ‚quw-mvt-
0 2409 10 2434 ,Ὗ
0 2372 13 2392 -1

66 2321 220 2362 exempla
240 2321 430 2358 immiscuit,
453 2326 491 2352 ut
527 2321 638 2352 docuit
671 2321 862 2361 Madvigius
892 2320 927 2351 in

66 2372 186 2415 opusc.
205 2373 313 2404 Acad.
336 2373 384 2404 11.
409 2383 440 2414 p.
465 2373 534 2405 178.

107 2424 205 2457 Nullo
226 2425 352 2468 negotio
375 2435 408 2456 o:
434 2426 505 2457 sine
527 2426 598 2457 ullo
621 2426 743 2463 labore,
757 2425 929 2456 facillime.

67 2478 107 2510 cf.
130 2489 162 2521 p.
185 2478 274 2511 Cael.
287 2480 343 2511 22:
367 2479 514 2510 voluntas
532 2479 658 2510 testium
662 2479 828 2520 facillime
833 2479 929 2520 finyi,

68 2531 156 2564 nullo
178 2531 302 2574 neyotio
312 2531 408 2573 flecti
429 2541 468 2562 ac
487 2531 666 2573 detorqueri
681 2533 798 2572 potest.

112 2583 238 2616 Utinam
259 2602 300 2607 —
324 2584 414 2616 Cotta
436 2583 617 2615 Sardiniam
639 2586 759 2616 teneat.
785 2584 863 2616 Non
886 2590 930 2616 te-

69 2636 153 2668 nuit.
175 2636 216 2668 cf.
240 2635 334 2669 Caes.
358 2637 399 2668 B.
424 2636 460 2669 C.
482 2637 509 2668 Ι.
533 2637 584 2668 30.

111 2690 130 2731 ς
151 2691 182 2722 4.
199 2689 327 2722 Ventum
342 2693 389 2722 est
401 2690 446 2722 ad
459 2701 506 2722 me
519 2700 553 2722 o:
567 2690 650 2721 mihi
662 2691 858 2722 nunciatum
870 2696 929 2722 est.

71 2743 170 2782 Quod
190 2744 385 2775 nunciatum
407 2750 466 2782 est,
494 2744 684 2775 continetur
711 2743 836 2775 verbis:
861 2753 929 2774 cen-

69 2797 210 2828 turiones
231 2815 272 2820 —
286 2797 454 2838 postridie,
478 2798 535 2828 scd
558 2797 645 2828 male
666 2797 806 2828 editores
830 2798 932 2828 verba

69 2849 115 2882 ita
142 2850 361 2892 distinguunt,
395 2851 489 2891 quasi
519 2851 618 2882 etiam
651 2851 766 2882 verba:
790 2851 871 2882 velle
890 2869 932 2874 —-

70 2905 198 2937 tradere
230 2907 347 2938 eodem
375 2906 494 2938 nuntio
527 2906 680 2938 Ciceroni
712 2907 831 2938 tradita
853 2907 931 2938 sint.

71 2958 181 2991 Immo
202 2959 349 2991 Ninnius
373 2960 444 3001 (qui
468 2960 660 2991 nominatur
681 2970 781 3002 supra
802 2960 866 2992 111.
879 2961 930 2998 23,

7 3029 10 3034 ·
71 3013 92 3043 4
114 3018 146 3045 et
167 3014 203 3045 in
225 3013 377 3046 Sestiana
400 3014 454 3053 68)
478 3014 541 3045 hoc
563 3015 741 3046 consilium
764 3024 834 3046 esse
855 3024 931 3046 cen-

72 3065 242 3097 turionum
264 3065 416 3098 Ciceroni
439 3067 628 3098 declaravit.

115 3117 169 3150 Me
195 3119 287 3151 velle.
320 3120 360 3151 In
395 3129 546 3152 sermone
575 3120 729 3152 familiari
760 3121 936 3153 utebantur

73 3171 214 3204 formula
239 3175 270 3204 ce
292 3173 369 3211 volo,
395 3173 451 3214 qui
475 3173 619 3215 aliquem
632 3175 831 3216 compellare
848 3175 935 3207 vole-

973 1678 1060 1714 bant,
1085 1682 1120 1707 ut
1142 1686 1160 1708 0
1182 1676 1318 1707 comicis
1354 1675 1518 1706 novimus.
1561 1675 1643 1706 Cod.
1668 1674 1768 1706 Torn.
1799 1680 1830 1705 et

970 1740 1086 1771 margo
1116 1729 1291 1762 Cratandri
1320 1729 1354 1760 in
1384 1729 1416 1760 h.
1448 1729 1470 1760 l.
1499 1728 1687 1769 interpolati
1709 1727 1830 1759 dabant

971 1795 1017 1817 me
1039 1785 1120 1816 velle
1135 1784 1294 1825 postridie
1316 1784 1490 1815 convenire.

1013 1840 1030 1874 ψ
1051 1838 1104 1868 Ad
1124 1838 1243 1869 villam.
1267 1837 1324 1869 Sic
1344 1837 1440 1868 codd.
1462 1836 1544 1867 noti.
1566 1835 1717 1867 Editores
1737 1834 1832 1876 pleri-

971 1902 1034 1933 que
1065 1899 1283 1924 correxerunt
1317 1901 1338 1921 a
1367 1890 1458 1923 villa.
1503 1888 1649 1923 Orellius
1690 1888 1832 1920 malebat

971 1946 1119 1983 Atellam,
1141 1955 1209 1987 quo
1231 1945 1368 1976 omnino
1390 1948 1548 1976 venturus
1574 1953 1640 1974 non
1656 1948 1724 1974 erat
1737 1942 1833 1973 Pom-

971 1999 1053 2040 peiis
1076 1999 1110 2030 in
1136 1997 1323 2030 Cumanum
1336 1997 1556 2038 proficiscens.
1581 1995 1693 2027 Paene
1707 2000 1833 2026 certum

971 2056 1079 2088 habeo
1101 2056 1135 2086 in
1161 2055 1339 2095 archetypo
1361 2054 1461 2085 fuisse
1483 2052 1548 2084 abii
1569 2052 1660 2083 ccam.

1018 2108 1110 2149 Quid,
1122 2108 1266 2149 siplures
1277 2107 1296 2138 ,Ρ
1306 2117 1366 2149 quo
1376 2104 1563 2147 apparatu?
1574 2104 1710 2136 Fuitne:
1724 2103 1834 2145 quodsi

967 2165 1092 2206 plures,
1121 2173 1179 2205 quo
1209 2161 1394 2203 apparatu?
1423 2171 1458 2193 o:
1491 2160 1607 2203 quodsi
1631 2160 1671 2190 ad
1694 2169 1748 2191 eas
1769 2163 1834 2190 tres

974 2217 1125 2248 cohortes
1159 2216 1268 2257 plures
1298 2214 1382 2246 aliae
1416 2224 1450 2245 se
1487 2213 1713 2253 adiungerent,
1748 2211 1834 2242 unde

973 2269 1149 2311 pecuniam
1178 2269 1309 2309 aliaque
1338 2267 1379 2298 ad
1415 2266 1540 2298 bellum
1575 2264 1757 2297 necessaria
1779 2264 1834 2295 ha-

975 2322 1110 2356 berem?

1018 2376 1159 2418 Coqilavi
1190 2375 1297 2406 eadem
1330 2374 1392 2405 illa
1431 2372 1594 2404 Caeliana.
1641 2371 1710 2404 Cur
1745 2370 1834 2402 addit

974 2431 1093 2469 eadem,
1116 2436 1148 2462 et
1171 2440 1251 2461 num
1272 2428 1411 2461 omnino
1433 2428 1552 2460 addere
1575 2426 1690 2467 potuit,
1714 2425 1770 2456 ubi
1789 2425 1835 2455 lo-

975 2486 1089 2527 quitur
1107 2486 1149 2516 de
1170 2493 1205 2516 re
1228 2488 1306 2515 nota
1329 2482 1403 2519 (illa
1429 2481 1462 2512 C.
1484 2487 1523 2512 ut
1545 2490 1595 2522 ep.
1618 2490 1678 2521 sup
1714 2478 1834 2510 Caelia·

976 2551 1048 2570 num
1069 2538 1190 2577 inuam?
1215 2548 1283 2569 non
1307 2537 1416 2569 credo.
1430 2535 1578 2577 Scripsit,
1590 2534 1721 2575 opinor:
1745 2532 1832 2574 (Συρί-

975 2593 1041 2624 tavi
1064 2591 1201 2634 equidem
1224 2591 1285 2622 illa
1313 2590 1347 2622 C.
1388 2590 1453 2621 Pro
1474 2588 1568 2620 simul
1590 2590 1620 2619 et
1640 2588 1710 2619 sine
1733 2586 1833 2617 dubio

975 2647 1185 2679 scribendum
1214 2646 1309 2676 simul
1338 2647 1382 2683 ut,
1413 2644 1466 2675 vel
1501 2642 1609 2674 solum
1641 2640 1744 2672 simul.
1779 2639 1833 2670 eff.

974 2709 1059 2741 quae
1080 2699 1196 2731 monui
1218 2700 1260 2730 ad
1280 2699 1303 2729 h
1337 2698 1362 2730 l.
1385 2700 1414 2735 4,
1432 2697 1481 2728 12.
1512 2695 1682 2727 Postrema
1704 2691 1834 2724 Peerlk.

974 2753 1022 2784 sic
1045 2753 1256 2784 emendabat:
1281 2751 1321 2782 Et
1343 2750 1488 2782 simulari
1496 2750 1634 2789 poterat,
1658 2749 1691 2776 ut
1705 2746 1833 2785 tempta-

975 2816 1089 2837 remur.
1126 2806 1198 2837 Aut
1229 2806 1275 2837 sic
1312 2804 1521 2837 scribendum
1558 2807 1615 2837 est,
1652 2806 1708 2830 aut
1743 2797 1836 2827 simul

976 2858 1100 2889 deleto:
1124 2857 1270 2899 eedfieri
1287 2859 1425 2897 poterat,
1448 2857 1483 2886 ut
1508 2855 1735 2894 temptaremur.

1022 2911 1062 2942 Ut
1083 2913 1313 2952 temptaremur.
1339 2910 1411 2941 „Ut
1431 2911 1655 2940 commentum
1678 2904 1739 2934 hoc
1752 2907 1834 2933 esset

977 2964 1260 3002 caesarianorum,
1300 2962 1550 2997 centurionibus
1582 2964 1688 2991 astute
1728 2954 1834 2986 missis

977 3019 1019 3050 ad
1040 3019 1271 3060 temptandum
1293 3019 1442 3049 animum
1465 3014 1610 3047 meum.”
1633 3011 1723 3043 Man.

1023 3071 1147 3102 Omnem
1169 3071 1268 3113 iffitur
1288 3069 1491 3111 suspicionem
1513 3064 1627 3097 mutuli
1652 3072 1710 3093 110:
1728 3061 1835 3101 itaque

978 3126 1024 3158 sic
1054 3126 1118 3166 egi,
1147 3130 1183 3156 ut
1212 3125 1381 3156 neminem
1415 3129 1527 3163 putem
1555 3117 1721 3160 suspicari.
1757 3113 1835 3155 quid

978 3179 1156 3221 cogitem.''
1177 3177 1278 3210 Gron.

1850 971 1884 997 10

1850 1338 1882 1362 15
