2062 3565
174 152 260 192 348

572 151 655 194 ΕΡ.
690 150 767 192 AD
799 151 846 191 Τ.
880 148 1231 191 POMPONIUM
1265 149 1528 192 ATTICUM.

174 289 352 332 Antonio
394 287 579 343 gratiam.
632 285 739 328 Mihi
783 289 918 327 autem
963 299 1041 340 quo
1084 284 1250 327 laetiora
1296 289 1404 337 sunt,
1450 301 1496 328 eo
1540 286 1630 342 plus
1664 285 1861 328 stomachi
1894 289 1936 327 et

175 363 379 405 molestiae
418 366 480 403 est
520 360 713 418 populum
755 360 983 402 Romanum
1016 374 1160 401 manus
1193 374 1285 401 suas
1317 374 1399 401 non
1431 360 1475 401 in
1507 359 1757 402 defendenda
1789 373 1830 400 re
1864 373 1935 413 pu-

172 437 290 488 blica,
325 435 395 478 sed
426 435 471 476 in
503 433 732 490 plaudendo
765 448 1013 475 consumere.
1048 432 1157 474 Mihi
1191 432 1353 487 quidem
1385 433 1574 475 videntur
1606 433 1775 476 istorum
1809 432 1934 474 animi

172 510 333 553 incendi
377 510 495 552 etiam
531 509 581 551 ad
613 507 990 564 repraesentandam
1022 506 1323 563 improbitatem
1356 522 1484 549 suam.
1534 507 1612 549 Sed
1644 511 1780 549 tamen
1813 507 1936 548 Dum-

143 587 278 627 5m0d0
327 585 487 626 doleant
531 583 702 639 aliquid,
745 583 905 624 doleant
954 580 1162 637 quidlibet.
1210 584 1250 622 4.
1294 580 1518 623 Consilium
1561 596 1694 623 meum
1739 579 1846 635 quod
1879 579 1937 621 ais

172 658 352 715 quotidie
384 657 513 713 magis
545 656 715 707 laudari,
749 671 831 697 non
864 655 1030 697 moleste
1063 654 1160 706 fero,
1196 653 1570 710 exspectabamque,
1608 654 1643 696 si
1675 652 1774 709 quid
1806 652 1856 694 de
1889 667 1936 693 eo

173 733 222 775 ad
266 747 329 773 me
379 730 585 773 scriberes.
631 731 718 786 Ego
766 730 872 771 enim
907 730 950 771 in
984 730 1114 771 varios
1148 745 1348 771 sermones
1381 728 1623 770 incidebam.
1672 727 1783 780 Quin
1816 727 1937 768 etiam
2039 721 2062 778 [¹⁴

172 806 322 848 idcirco
354 803 575 855 trahebam,
615 809 662 845 ut
694 819 813 859 quam
839 802 1065 844 diutissime
1088 803 1288 857 integrum
1315 807 1432 844 esset.
1467 802 1544 844 Sed
1569 801 1758 857 quoniam
1781 798 1938 841 furcifla
2034 774 2062 854 Ξ]

173 878 437 928 extrudimur,
481 877 744 919 Brundisium
794 877 940 932 cogito.
996 876 1169 917 Facilior
1220 877 1327 918 enim
1377 881 1416 917 et
1462 875 1701 932 exploratior
1745 874 1937 916 devitatio

122 969 158 996 10
173 952 376 1008 legionum
419 950 501 992 fore
544 950 702 992 videtur
746 965 862 1005 quam
910 950 1144 1004 piratarum,
1191 949 1261 1005 qui
1307 965 1494 1005 apparere
1528 949 1732 990 dicuntur.
1785 947 1937 990 Sestius
1987 938 1991 942 ²

175 1040 235 1069 v1.
269 1025 369 1068 Idus
401 1023 721 1081 exspectabatur,
757 1023 826 1065 sed
858 1038 941 1064 non
974 1028 1149 1073 venerat,
1184 1023 1293 1076 quod
1328 1024 1464 1065 sciam.
1521 1022 1684 1064 Cassius
1717 1037 1804 1063 cum
1841 1021 1938 1063 clas-

175 1100 301 1143 sicula
344 1115 416 1141 sua
461 1103 637 1140 venerat.
685 1098 786 1152 Ego,
833 1112 954 1152 quum
1002 1112 1090 1137 eum
1127 1096 1329 1146 vidissem,
1365 1111 1404 1138 v.
1440 1096 1539 1138 Idus
1572 1096 1613 1138 in
1649 1095 1938 1152 Pompeianum

176 1172 416 1230 cogitabam,
463 1172 557 1214 inde
603 1172 867 1213 Aeculanum.
914 1171 1035 1212 Nosti
1078 1170 1245 1225 reliqua.
1293 1172 1332 1211 5.
1377 1170 1438 1212 De
1483 1170 1615 1220 Tutia,
1651 1169 1709 1212 ita
1741 1175 1938 1225 putaram.

175 1250 237 1290 De
271 1246 460 1296 Aebutio,
494 1260 576 1287 non
610 1245 741 1295 credo,
779 1260 850 1286 nec
883 1250 1018 1286 tamen
1052 1258 1146 1285 curo
1180 1244 1269 1299 plus
1304 1259 1423 1299 quam
1456 1248 1515 1285 tu.
1552 1243 1701 1284 Planco
1734 1247 1774 1284 et
1807 1242 1939 1298 Oppio

125 1338 157 1363 15
176 1321 318 1378 scripsi
351 1319 551 1374 equidem,
586 1318 776 1374 quoniam
809 1332 985 1373 rogaras,
1021 1316 1102 1366 sed,
1138 1317 1172 1358 si
1194 1316 1270 1357 tibi
1294 1316 1510 1367 videbitur,
1535 1332 1584 1358 ne
1607 1330 1767 1357 necesse
1790 1313 1940 1356 habue-

175 1397 230 1438 ris
268 1394 433 1436 reddere
476 1418 532 1422 —
579 1407 702 1447 quum
747 1392 853 1432 enim
894 1396 964 1431 tua
1008 1405 1127 1432 causa
1167 1391 1337 1431 fecerint
1375 1390 1523 1440 omnia,
1566 1403 1715 1439 vereor,
1749 1403 1800 1429 ne
1832 1402 1939 1429 meas

176 1471 311 1512 literas
355 1480 667 1523 supervacaneas
713 1464 958 1506 arbitrentur
1005 1488 1060 1492 ——
1105 1463 1238 1518 Oppio
1284 1462 1445 1517 quidem
1490 1462 1646 1516 utique,
1697 1475 1813 1514 quem
1862 1460 1938 1502 tibi

177 1543 463 1587 amicissimum
497 1539 679 1594 cognovi.
730 1538 889 1587 Verum,
924 1542 972 1578 ut
1005 1537 1125 1578 voles.
1161 1538 1203 1576 6.
1237 1536 1313 1586 Tu,
1348 1536 1537 1591 quoniam
1571 1533 1713 1576 scribis
1744 1533 1940 1575 hiematu-

176 1634 265 1661 rum
297 1622 337 1658 te
370 1616 413 1657 in
446 1614 585 1670 Epiro,
620 1611 760 1654 feceris
793 1610 892 1652 mihi
927 1614 1100 1664 gratum,
1136 1609 1169 1650 si
1203 1613 1295 1650 ante
1329 1624 1374 1650 eo
1408 1607 1576 1658 veneris,
1613 1621 1731 1662 quam
1764 1605 1865 1648 mihi
1896 1606 1940 1648 in

125 1703 160 1730 20
178 1691 339 1735 Italiam
372 1695 411 1730 te
446 1691 607 1729 auctore
641 1683 884 1726 veniendum
918 1688 991 1724 est.
1026 1683 1182 1725 Literas
1216 1681 1265 1722 ad
1298 1697 1360 1722 me
1393 1696 1513 1736 quam
1547 1680 1796 1735 saepissime:
1832 1679 1865 1720 si
1890 1679 1939 1721 de

175 1766 295 1808 rebus
345 1764 477 1805 minus
521 1759 768 1809 necessariis,
820 1758 994 1813 aliquem
1042 1762 1185 1799 nactus
1201 1775 1210 1807 ;
1259 1757 1321 1797 sin
1365 1762 1499 1797 autem
1544 1754 1620 1795 erit
1665 1752 1761 1808 quid
1795 1753 1937 1803 maius,

177 1840 294 1881 domo
326 1837 490 1880 mittito.
526 1826 916 1894 ςΙ-Ῑροικλειδεῐον,
952 1832 985 1873 si
1015 1831 1278 1873 Brundisium
1303 1830 1415 1881 salvi,
1441 1829 1680 1871 adoriemur.
1714 1827 1775 1868 De
1799 1826 1938 1870 Gloria

221 2012 238 2041 5
261 2008 367 2041 doleat
389 2028 430 2033 —
451 2007 557 2039 doleat
579 2023 620 2028 —
644 2005 682 2036 16
706 2002 847 2035 reddere.
876 2001 949 2032 Cum
978 2000 1058 2031 enim
1069 2022 1160 2030 ......
1185 1998 1389 2030 arbitrentur.
1415 1997 1512 2039 Oppio
1534 2016 1575 2043 .-'

177 2165 350 2205 ingenium
374 2169 496 2205 poetae,
533 2174 630 2204 quam
654 2164 741 2204 quod
765 2167 894 2193 curator
917 2171 1031 2193 eorum
1051 2156 1053 2191 ¹:

175 2219 215 2251 L.
239 2218 408 2250 Antonius
431 2228 562 2259 operam
598 2218 724 2250 dederit
764 2222 801 2248 ut
830 2216 1053 2257 placerentf’,

174 2271 318 2303 Gronov.

217 2326 271 2356 Ad
290 2325 585 2367 repraesentandam
619 2325 842 2366 improbitatem
876 2334 963 2353 suam
997 2332 1030 2352 a:

175 2382 216 2413 ad
237 2381 432 2412 maturanda
455 2380 603 2421 improba
615 2379 753 2411 consilia
765 2388 835 2409 sua.
859 2377 1030 2418 Metapho-

172 2434 275 2465 ricurn
299 2444 395 2464 usum
428 2433 694 2474 repraesentandi
728 2432 870 2462 illustrat
903 2429 1053 2462 Gron0-,

173 2488 248 2519 vius
269 2488 310 2519 de
333 2486 418 2519 Sest.
440 2487 469 2517 I.
492 2487 521 2517 6.

216 2539 388 2571 Dummodo
421 2539 550 2570 doleant
584 2544 644 2570 cet.
677 2539 803 2570 Versus
837 2539 955 2569 ductus
989 2547 1054 2568 ex.

174 2594 307 2627 Afranii
330 2592 443 2624 fabula
465 2592 597 2623 incerta.
627 2591 704 2622 Vid.
728 2591 826 2621 Tusc.
849 2590 911 2621 IV.
935 2591 974 2620 45
1000 2595 1031 2621 et

1073 2154 1179 2193 τήνδε
1208 2155 1266 2201 μὲν
1297 2154 1428 2203 δικροῖς
1454 2154 1583 2188 ἐώθουν
1610 2153 1674 2190 τὴν
1703 2153 1784 2188 θεὸν
1808 2153 1931 2201 κεκρά-

1075 2223 1186 2258 γμασι
1215 2213 1283 2252 (Cf.
1302 2212 1422 2243 Snidas
1446 2212 1479 2242 in
1496 2222 1525 2242 v.
1550 2201 1720 2255 ὄικροῖς)”
1739 2210 1938 2241 Lambinus.

1118 2268 1280 2299 Devitatio
1302 2278 1369 2298 non
1393 2267 1472 2298 alibi
1494 2268 1592 2298 hodie
1615 2267 1702 2308 apud
1724 2266 1876 2297 Tullium
1889 2266 1938 2296 in-

1077 2322 1219 2359 venitur,
1243 2321 1298 2362 qui
1322 2321 1423 2352 verbo
1445 2320 1587 2351 devitare
1609 2330 1688 2351 usus
1711 2324 1759 2351 est
1782 2319 1878 2351 Verr.
1910 2318 1940 2350 1.

1078 2376 1106 2407 8.
1131 2376 1229 2406 Tusc.
1252 2375 1299 2406 ΙΙ.
1319 2375 1368 2406 62.

1121 2428 1326 2458 Aeculanum.
1350 2427 1400 2459 Cf.
1425 2428 1466 2458 ad
1492 2427 1571 2458 Vll.
1595 2429 1624 2465 3,
1651 2427 1677 2457 1.

1120 2482 1210 2512 Nosti
1233 2481 1356 2522 reliqua
1385 2491 1420 2512 o:
1446 2481 1533 2512 nosti
1554 2482 1682 2522 reliqua
1704 2481 1788 2516 loca,
1812 2480 1846 2511 in
1869 2479 1938 2520 qui-

1079 2538 1137 2569 bus
1160 2538 1376 2569 Brundisium
1401 2538 1539 2569 tendens
1561 2538 1741 2568 devertam.

1119 2592 1138 2632 ξ
1167 2594 1195 2622 5.
1224 2591 1269 2622 De
1292 2591 1395 2622 Tutia.
1419 2590 1469 2622 Cf.
1493 2592 1534 2622 ad
1556 2590 1636 2622 XV.
1661 2590 1710 2628 29,
1724 2591 1753 2620 2.
1777 2589 1827 2620 De
1839 2588 1937 2619 Aebu-

175 2650 224 2686 55,
248 2648 307 2678 ubi
329 2648 369 2678 de
391 2655 459 2677 uno
482 2644 660 2685 singularis
692 2643 799 2674 doleat
828 2643 1030 2675 necessarius
1052 2647 1055 2670 Ι
1076 2645 1121 2676 tio
1144 2645 1228 2676 nihil
1251 2650 1388 2676 constat.

174 2707 232 2734 est.
254 2701 321 2732 Hic
342 2699 400 2730 ubi
432 2697 573 2729 refertur
606 2697 646 2728 ad
680 2696 892 2729 Caesarianos
925 2697 1030 2727 codex

173 2757 273 2794 Med„
297 2754 355 2795 qui
378 2753 427 2784 bis
448 2752 577 2783 doleant
611 2752 718 2789 habet,
752 2751 935 2783 audiendus
969 2755 1027 2788 est,

174 2819 242 2841 non
265 2807 461 2844 Bouherius‚
496 2806 553 2846 qui
576 2805 786 2836 transitivum
807 2814 905 2836 usum
926 2804 1026 2835 huius

172 2863 266 2895 verbi
288 2863 456 2903 ignorasse
482 2861 621 2891 videtur.

215 2918 234 2957 ξ
256 2918 286 2947 4.
315 2914 484 2947 Consilium
506 2922 611 2943 meum.
636 2912 686 2944 Cf.
709 2922 758 2954 ep.
782 2913 809 2949 1,
833 2914 851 2943 3
873 2913 906 2943 h.
931 2913 952 2942 1.

214 2968 356 3000 Fure-illa
379 2965 584 2998 extrudimur.
619 2965 816 2997 uProverbii
838 2965 947 2996 locum
969 2966 1025 2996 ob-

174 3026 265 3062 tinet,
289 3033 355 3065 quo
378 3028 411 3054 et
431 3021 592 3053 Horatius
615 3030 692 3051 usus
715 3026 763 3052 est
776 3020 847 3060 (Ep.
865 3020 892 3050 Ι.
908 3020 956 3057 10,
970 3020 1024 3060 24)

174 3078 329 3109 Naturam
352 3075 494 3117 expellas
508 3075 619 3116 furca,
642 3076 746 3104 tamen
768 3082 863 3114 usque
875 3075 1026 3110 recurret,

174 3138 207 3165 et
230 3131 380 3164 Catullus
407 3132 519 3171 (carm.
541 3127 625 3168 XV)
649 3128 761 3159 Musae
776 3126 924 3167 furcillis
934 3137 1026 3167 prae-

173 3184 293 3226 cipitem
318 3184 447 3214 eiieiuni
458 3188 488 3215 et
499 3181 738 3221 Aristophanes
751 3181 784 3211 iu
798 3180 927 3216 Pace<v
951 3180 1026 3220 (3237)
1052 3192 1053 3201 ¹

1118 2700 1239 2731 Planco
1261 2702 1291 2731 et
1317 2699 1413 2741 Oppio
1434 2700 1556 2740 scripsi.
1579 2699 1659 2731 Sine
1675 2699 1777 2730 dubio
1789 2699 1829 2729 de
1841 2706 1939 2728 causa

1076 2753 1261 2785 Buthrotia.
1294 2753 1443 2794 Epistola
1474 2753 1515 2783 ad
1544 2752 1708 2783 Plancum
1737 2760 1869 2782 annexa
1890 2755 1940 2782 est

1076 2816 1126 2847 ep.
1152 2806 1191 2836 16
1212 2806 1245 2836 11.
1267 2806 1301 2843 1,
1325 2806 1456 2846 signata
1478 2805 1527 2836 lit.
1554 2804 1604 2842 B„
1623 2803 1820 2845 adoppium
1831 2802 1938 2844 periit.

1076 2859 1164 2890 Nam
1186 2868 1269 2900 quae
1290 2859 1361 2890 sola
1376 2859 1505 2889 adeum
1517 2862 1665 2898 superest
1677 2856 1817 2898 epistola
1829 2855 1938 2886 (Fam.

1076 2911 1139 2942 XI.
1162 2912 1216 2948 29)
1239 2911 1325 2942 hanc
1347 2920 1418 2942 rem
1441 2920 1508 2942 non
1532 2911 1650 2951 tangit.
1684 2909 1784 2950 Oppii
1805 2918 1937 2949 respon-

1076 2977 1148 2999 sum
1170 2967 1324 2998 laudatur
1346 2976 1396 3007 ep.
1421 2967 1470 3004 12,
1494 2967 1522 2997 1.

1118 3020 1260 3052 Reddere
1283 3038 1324 3043 —
1345 3031 1435 3062 quum
1458 3019 1537 3050 enim
1552 3042 1665 3050 ......
1687 3018 1884 3049 arbitrentur
1897 3035 1937 3041 --

1080 3073 1176 3115 Oppio
1206 3079 1267 3105 cet.
1301 3072 1356 3104 Sic
1386 3073 1487 3104 verba
1509 3071 1658 3109 distinxi,
1681 3081 1723 3102 ne
1746 3081 1829 3112 opus
1853 3075 1937 3102 esset

1077 3126 1192 3161 dui-am
1216 3129 1347 3170 ellipsin
1371 3133 1513 3160 statuere
1536 3129 1577 3158 ad
1599 3127 1676 3158 illa:
1706 3126 1802 3167 Oppio
1816 3125 1936 3168 quidem

1078 3183 1192 3224 ulique.
1214 3183 1282 3222 Qui
1305 3188 1415 3214 autem
1438 3183 1598 3219 Moserus,
1632 3181 1744 3222 Symh.
1771 3180 1851 3212 (trit.
1873 3179 1936 3211 VI.
