2062 3565
220 142 273 182 72

618 140 700 181 ΕΡ.
736 140 810 179 AD
843 140 888 179 T.
925 135 1273 179 POMPONIUM
1308 135 1570 201 AT'HCUM.

218 274 402 318 scribere.
437 274 534 316 Misi
567 273 617 316 ad
650 278 689 315 te
719 272 960 328 exemplum.
994 271 1166 313 Miseros
1197 285 1284 322 nos,
1326 284 1397 312 cur
1428 284 1511 312 non
1544 284 1681 312 omnes
1713 270 1841 314 fatum
1870 271 1980 314 illius

218 362 300 390 una
344 347 521 389 exsecuti
566 346 734 388 sumus?
788 345 892 386 Ecce
935 348 1070 385 autem

1119 359 1142 385 a
1183 343 1313 385 Matio
1357 348 1397 385 et
1428 342 1615 385 Trebatio
1648 344 1800 396 eadem,
1834 344 1981 401 quibus

218 420 441 463 Minturnis
475 418 584 460 obvii
617 418 795 461 Caesaris
828 417 1041 459 tabellarii.
1073 417 1277 472 Torqueor
1309 416 1464 468 infelix,
1498 421 1545 459 ut
1575 417 1655 459 iam
1688 418 1802 460 illum
1825 418 1981 462 Mucia-

213 508 311 535 num
344 493 496 534 exitum
529 497 730 548 exoptem.
786 492 843 532 At
875 506 993 545 quam
1038 490 1220 541 honesta,
1255 495 1296 532 at
1329 506 1448 546 quam
1481 490 1666 547 expedita
1697 496 1768 533 tua
1801 491 1982 546 consilia,

183 579 333 621 squam
367 565 554 620 evigilata
586 565 667 606 tuis
701 563 1015 619 cogitationibus
1049 578 1127 619 qua
1160 563 1331 615 itineris,
1370 579 1448 618 qua
1480 563 1764 619 navigationis,
1790 578 1869 618 qua
1888 579 1981 606 con-

211 653 371 694 gressus
405 638 679 692 sermonisque
712 652 804 678 611111
837 637 1026 679 Caesare!
1073 636 1221 678 Omnia
1253 651 1377 691 quum
1409 636 1592 688 honesta,
1627 641 1715 678 tum
1748 642 1879 678 cauta.
1930 637 1981 679 In

213 710 383 766 Epirum
416 724 509 751 vero
542 709 729 751 invitatio
765 725 884 764 quam
918 709 1065 760 suavis,
1101 724 1220 764 quam
1253 707 1445 760 liberalis,
1480 723 1598 764 quam
1631 709 1828 752 fraterna!
1857 713 1898 752 2.
1921 710 1983 753 De

211 782 406 838 Dionysio
440 797 529 824 sum
562 782 797 834 admiratus,
833 783 902 838 qui
936 782 1042 838 apud
1077 797 1139 823 me
1173 781 1404 823 honoratior
1437 781 1515 823 fuit
1546 797 1665 837 quam
1699 782 1806 838 apud
1830 783 1984 840 Scipio-

210 872 301 898 nem
335 856 573 908 Panaetius3
609 872 632 898 a
665 872 743 912 quo
775 856 1044 913 impurissime
1078 856 1175 897 haec
1207 860 1344 897 nostra
1377 854 1538 897 fortuna
1572 854 1759 911 despecta
1792 855 1982 899 estdei

160 936 193 964 10
210 929 413 971 hominem
461 934 500 971 et
541 929 660 971 odero
670 948 681 982 ;
731 930 883 971 utinam
926 929 1066 971 ulcisci
1101 929 1276 985 possem!
1314 928 1391 971 Sed
1427 928 1542 969 illum
1576 928 1821 970 ulciscentur
1854 944 1983 971 mores

212 1002 288 1044 sui.
333 1004 374 1044 3.
418 1003 493 1055 Tu,
543 1019 705 1059 quaeso,
751 1019 860 1045 nunc
907 1003 966 1044 vel
1018 1003 1188 1045 maxime
1239 1002 1335 1057 quid
1370 1002 1569 1057 agendum
1602 1000 1719 1043 nobis
1753 1002 1805 1043 sit
1837 1001 1984 1058 cogita.

214 1075 359 1131 Populi
393 1075 564 1118 Romani
599 1076 798 1118 exercitus
831 1076 906 1118 Cn.
942 1076 1179 1132 Pompeium
1214 1074 1484 1125 circumsidet,
1519 1074 1626 1116 fossa
1662 1079 1703 1115 et
1738 1074 1840 1116 vallo
1874 1067 1984 1131 saep·

211 1154 298 1190 tum
343 1153 468 1200 tenet,
514 1149 610 1205 fuga
644 1149 849 1206 prohibet:
885 1166 958 1192 nos
992 1150 1179 1191 vivimus.
1232 1150 1285 1191 Et
1318 1154 1398 1191 stat
1429 1147 1526 1190 urbs
1559 1148 1651 1199 ista,
1691 1152 1891 1204 praetores
1922 1149 1986 1190 ius
2060 1135 2062 1146 Ι

212 1221 368 1273 dicunt,
403 1221 552 1264 aediles
584 1221 702 1263 ludos
737 1228 891 1278 parant,
925 1223 999 1264 viri
1034 1222 1130 1263 boni
1163 1237 1305 1264 usuras
1341 1220 1616 1277 perscribunt:
1649 1236 1722 1276 ego
1745 1221 1829 1277 ipse
1852 1221 1984 1264 sedeO.

162 1304 195 1331 15
212 1294 342 1336 Coner
387 1294 483 1336 illuc
526 1295 598 1346 ire,
649 1300 695 1336 ut
737 1295 930 1338 insanus?
974 1296 1186 1351 implorare
1233 1294 1353 1336 fidem
1394 1294 1734 1350 municipiorum?
1766 1294 1871 1336 Boni
1903 1309 1986 1336 non

212 1373 444 1423 sequentur,
495 1368 601 1409 leves
648 1367 890 1418 irridebunt,
931 1383 1063 1410 rerum
1106 1383 1299 1409 novarum
1347 1367 1499 1423 cupidi,
1551 1367 1721 1409 victores
1754 1367 1987 1423 praesertim

213 1446 253 1482 et
296 1442 452 1492 armati,
487 1442 566 1484 vim
613 1447 653 1483 et
686 1457 829 1484 manus
863 1444 1042 1484 afferent.
1079 1444 1120 1483 4.
1154 1441 1264 1494 Quid
1297 1456 1434 1483 censes
1467 1441 1622 1496 igitur?
1654 1440 1896 1496 ecquidnam
1928 1445 1989 1484 est

212 1514 274 1556 tui
319 1514 476 1556 consilii
523 1514 572 1556 ad
619 1516 737 1556 finem
787 1515 909 1556 huius
953 1515 1197 1556 miserrimae
1247 1514 1382 1556 vitae?
1430 1514 1554 1555 Nunc
1603 1512 1732 1565 doleo,
1766 1528 1876 1556 nunc
1907 1518 1987 1556 tor-

215 1602 352 1642 queor,
395 1602 518 1642 quum
569 1588 730 1630 cuidam
777 1594 847 1630 aut
881 1589 1039 1644 sapiens
1073 1587 1224 1638 videor,
1259 1588 1366 1643 quod
1400 1602 1482 1629 una
1513 1602 1595 1629 non
1627 1587 1756 1639 ierim,
1791 1592 1862 1630 aut
1891 1587 1989 1630 felix

165 1667 198 1692 20
215 1660 352 1702 fuisse.
389 1661 496 1702 Mihi
529 1667 681 1703 contra.
716 1662 940 1716 Nunquam
974 1661 1081 1703 enim
1114 1661 1224 1703 illius
1261 1661 1450 1703 victoriae
1483 1661 1615 1703 socius
1648 1676 1732 1703 esse
1766 1660 1889 1713 volui,
1924 1676 1988 1703 ca-

215 1732 408 1776 lamitatis
456 1735 615 1776 mallem
648 1736 785 1776 fuisse.
836 1735 946 1787 Quid
981 1750 1054 1791 ego
1087 1750 1197 1777 nunc
1231 1739 1321 1777 tuas
1353 1735 1502 1786 literas,
1539 1735 1636 1789 quid
1668 1740 1780 1776 tuam
1814 1733 1988 1790 pruden-
2032 1738 2046 1790 J

216 1806 314 1847 tiam
342 1812 413 1848 aut
446 1806 766 1848 benevolentiam
798 1808 1035 1863 implorem?
1062 1809 1211 1849 Actum
1235 1812 1307 1849 est.
1343 1807 1468 1849 Nulla
1490 1823 1531 1849 re
1553 1808 1634 1849 iam
1657 1822 1820 1863 possum
1841 1807 1986 1858 iuvari,

218 1879 287 1934 qui
320 1895 369 1921 ne
404 1879 511 1935 quod
545 1886 679 1936 optem
713 1880 875 1935 quidem
909 1880 987 1922 iam
1021 1879 1164 1932 habeo,
1198 1880 1277 1922 nisi
1310 1885 1357 1923 ut
1379 1880 1513 1935 aliqua
1534 1880 1690 1923 inimici
1712 1880 1985 1923 misericordia

218 1951 446 1996 liberemur.

261 2106 300 2137 13
322 2116 378 2137 nos
401 2106 558 2138 vivimus?
580 2125 620 2130 —
643 2108 683 2138 14
704 2117 760 2149 eqo
782 2107 846 2148 ipse
869 2107 992 2139 sedeo?
1019 2126 1060 2132 —
1082 2108 1121 2139 19
1145 2107 1324 2150 quibusdam
1347 2125 1388 2130 —
1409 2106 1449 2138 23
1471 2105 1547 2149 quid
1569 2108 1670 2147 optem
1697 2124 1733 2130 -

219 2240 277 2280 qui
305 2239 452 2271 codicem
480 2241 635 2278 correxit,
665 2240 741 2272 fecit
763 2240 911 2281 [effebum.
944 2240 1079 2273 Similes
1127 2241 1226 2273 VIII.
1256 2244 1285 2279 4,
1317 2252 1383 2273 non
1413 2247 1541 2283 poterat
1573 2241 1684 2272 mirari
1706 2241 1748 2272 ab
1770 2250 1810 2273 eo
1831 2250 1866 2272 se
1899 2250 1988 2272 nune

219 2293 421 2334 corruptelas
442 2294 578 2335 collegit
599 2294 858 2335 Wesenbergius
881 2295 1020 2326 Emend.
1047 2305 1081 2336 p.

220 2345 260 2379 27
283 2356 371 2388 seqq.

263 2400 375 2432 Fatum
398 2419 437 2423 ——-
460 2401 597 2432 mecum·
619 2411 732 2432 summ.
748 2402 977 2443 Compositum
996 2413 1081 2433 exse-

221 2455 272 2497 qui
306 2455 428 2496 legitur
459 2455 494 2486 in
530 2455 701 2486 simillium
732 2457 804 2487 loco
839 2457 926 2487 Phil.
962 2457 1007 2494 ΙΙ,
1041 2457 1082 2487 22

221 2518 341 2546 onmes,
375 2508 428 2549 qui
453 2518 514 2549 per
551 2500 763 2539 valetudinem
800 2510 925 2550 exsequi
961 2509 1082 2540 cladem

222 2561 309 2593 illam
333 2561 506 2602 fiaqamqae
520 2562 710 2602 potuissent.
734 2563 793 2594 Est
808 2569 917 2594 autem
934 2563 979 2594 ad
981 2563 1080 2603 finem

222 2628 318 2659 usque
339 2617 435 2659 sequi.

264 2669 359 2700 Illum
382 2669 565 2700 Mucianum
587 2669 715 2700 exitum.
738 2670 908 2701 Pontificis
931 2671 1081 2708 maximi,

223 2724 279 2764 qui
307 2723 399 2755 iussu
428 2723 528 2755 Marii
557 2722 696 2754 iunioris
719 2723 753 2754 111
776 2724 865 2766 curia
887 2729 961 2754 ante
983 2724 1082 2755 simu—

223 2778 348 2809 lacrum
384 2777 506 2808 Vestae
539 2776 720 2807 trucidatus
754 2782 812 2808 est.
845 2776 886 2808 ef.
923 2776 992 2808 Cic.
1025 2777 1079 2810 Or.

224 2830 288 2867 ΙΠ,
312 2829 342 2861 9.
366 2828 508 2870 Appian.
531 2828 570 2859 B.
595 2828 632 2859 C.
656 2828 682 2865 Ι,
707 2829 756 2859 88.

268 2884 407 2916 Consilia
435 2883 587 2925 evigilata
616 2893 649 2914 o:
682 2884 882 2922 elucubrata,
906 2885 1080 2917 elaborata.

224 2939 371 2970 Genitivi
398 2936 536 2975 itineri-r,
567 2937 789 2978 naviqationis,
813 2948 994 2979 conyressus
1015 2949 1081 2970 ser-

225 2993 381 3033 nmwirque
402 2991 548 3033 pendent
571 3001 589 3021 a
612 3000 682 3021 voc.
706 2990 848 3021 consilia.

267 3046 285 3086 ἓ
308 3047 338 3078 2.
360 3046 408 3077 De
430 3044 583 3086 Dionysio
603 3053 671 3074 sum
691 3044 876 3082 admiratus,
900 3053 962 3076 cet.
985 3046 1026 3076 cf.
1049 3046 1081 3077 h.

228 3100 248 3130 l.
273 3100 320 3136 15,
352 3101 369 3129 5
393 3102 425 3130 et
447 3097 491 3135 X,
515 3098 544 3134 2,
567 3097 595 3128 2.
626 3096 738 3135 Quum
763 3097 876 3128 Cicero
899 3097 964 3128 iam
987 3102 1081 3129 antea

1125 2294 1278 2336 relinqui.
1293 2294 1529 2326 Admirabatur
1548 2294 1656 2335 potius
1669 2293 1867 2334 Dionysium
1883 2293 1988 2325 Attici

1147 2348 1251 2380 literis
1272 2348 1404 2380 defendi
1427 2348 1479 2379 vel
1502 2347 1662 2379 excusari.

1169 2402 1234 2433 Nos
1257 2403 1383 2433 vicimus
1406 2421 1445 2424 —
1469 2412 1524 2443 eqo
1546 2401 1612 2443 ipse
1633 2401 1738 2432 sedeo.
1754 2399 1985 2441 Inter-rogandi

1127 2456 1233 2497 signa,
1261 2457 1429 2496 flagitante
1454 2457 1628 2494 sententia,
1668 2455 1798 2487 sustuli.
1837 2454 1903 2486 Pro
1923 2453 1990 2494 ipse

1129 2510 1242 2541 malim
1264 2510 1325 2541 hic.

1171 2565 1189 2604 ξ
1212 2565 1240 2595 4.
1264 2563 1455 2605 Ecquidaam
1479 2566 1525 2595 est
1540 2563 1587 2594 tui
1602 2562 1727 2594 consilii
1739 2561 1884 2602 adfinem
1896 2561 1989 2592 huius

1129 2617 1320 2649 miserrimae
1355 2617 1449 2648 vitae.
1485 2618 1526 2648 In
1556 2617 1627 2648 cod.
1660 2616 1749 2648 Med.
1783 2621 1832 2647 est
1863 2615 1989 2656 adfinis.

1129 2671 1228 2710 Quod
1261 2671 1369 2702 editur
1401 2671 1459 2702 vix
1493 2670 1651 2701 Latinum
1681 2675 1740 2707 est,
1763 2673 1850 2701 certe
1873 2668 1987 2700 Tullio

1129 2723 1316 2764 indignum.
1354 2723 1530 2764 Scripsisse
1563 2723 1702 2754 videtur:
1735 2720 1912 2763 ecquisnam
1941 2722 1989 2751 est

1129 2776 1159 2807 vi
1193 2777 1320 2808 consilii
1345 2776 1427 2817 finis
1461 2776 1555 2807 huius
1583 2775 1777 2806 miserrimae
1808 2773 1922 2805 vitae?
1953 2783 1988 2805 οε

1128 2834 1277 2871 potestne
1305 2829 1448 2861 inveniri
1477 2828 1662 2865 consilium,
1685 2837 1750 2868 quo
1771 2827 1824 2858 his
1846 2826 1988 2858 miseriis

1129 2886 1303 2923 quaeratur
1323 2881 1426 2913 finis?

1174 2936 1362 2977 Quibusdam
1394 2937 1532 2967 debetur
1560 2935 1719 2967 victorio.
1755 2935 1795 2965 In
1830 2934 1919 2965 Med.
1942 2939 1990 2965 est

1129 2988 1264 3030 quidam,
1286 2989 1321 3019 in
1344 2998 1409 3029 quo
1431 2988 1540 3029 potius
1562 2988 1641 3019 latet
1662 2987 1795 3018 cnidum.
1818 2986 1859 3017 cs.
1878 2985 1992 3027 Klotz.

1130 3042 1171 3072 ad
1191 3042 1224 3072 h.
1247 3041 1270 3072 1.
1870 3037 1872 3039 ’

1172 3094 1219 3125 Ne
1252 3093 1332 3135 quod
1364 3096 1462 3133 optem
1492 3093 1613 3135 quidem
1643 3093 1703 3124 iam
1734 3092 1840 3123 liabeo.
1877 3091 1990 3131 Vulgo

196 3180 199 3181 .
227 3152 322 3183 illum
345 3151 513 3182 hominem
536 3150 743 3189 cognovisset
759 3151 1028 3189 ingratissimum.
1042 3152 1079 3182 cs.
1130 3148 1211 3190 qaid.
1237 3149 1389 3180 Correxit
1408 3149 1576 3179 Ernestus.
