2062 3565
237 138 286 176 16
640 140 723 180 ΕΡ.
758 140 833 180 AD
867 140 913 179 Τ.
955 133 1301 179 POMPONIUM
1334 135 1598 177 ATTICUM.

844 351 940 391 VII.
1008 352 1072 403 (A.
1115 349 1159 389 U.
1199 350 1240 390 C.
1280 349 1396 403 705.)

298 480 335 518 l.
371 479 507 519 Unum
542 478 661 519 etiam
698 483 822 518 restat
856 477 984 518 amico
1016 481 1152 518 nostro
1187 476 1236 517 ad
1271 491 1387 517 omne
1421 477 1609 528 dedecus,
1643 483 1691 519 ut
1714 479 1893 520 Domitio
1917 493 1997 520 non

232 550 455 592 subveniat.
497 578 517 602 ,s
532 553 589 592 At
621 565 737 592 nemo
772 549 948 599 dubitat,
985 550 1083 604 quin
1117 548 1298 591 subsidio
1323 555 1516 592 venturus
1539 552 1637 592 sit.’'
1671 553 1758 607 Ego
1781 567 1862 594 non
1884 558 1997 608 puto.

238 625 434 674 ,JDeseret
476 624 601 678 igitur
641 624 761 664 talem
807 624 934 664 civem
977 628 1018 664 et
1058 638 1138 674 eos,
1181 638 1281 678 quos
1325 639 1408 665 una
1442 624 1518 666 scis
1552 640 1651 676 esse,
1691 640 1817 681 quum
1851 625 1998 668 habeat

195 717 207 740 ῑ,
231 698 459 752 praesertim
495 702 535 737 et
572 698 656 753 ipse
691 697 873 737 cohortes
908 711 1002 738 XXX
1012 696 1061 738 ’.Ψ
1095 697 1188 738 Ν181
1203 712 1266 738 1110
1301 698 1433 738 01111110
1467 698 1626 749 fallunt,
1661 699 1831 740 deseret.
1864 699 1998 740 Incre-

175 1082 209 1107 11)

179 1444 211 1469 15

230 769 406 810 dibiliter
439 770 661 824 pertimuit.
696 768 812 810 Nihil
847 774 1001 824 spectat
1034 769 1112 810 nisi
1146 769 1303 824 fugam3
1340 770 1404 811 cui
1439 776 1484 811 tu
1519 795 1575 801 —
1611 771 1726 812 video
1760 773 1866 813 enim
1901 773 1998 826 quid

231 842 379 883 sentias
421 867 477 871 —
524 858 585 883 me
630 842 817 883 comitem
860 849 978 897 putas
1012 841 1155 883 debere
1189 856 1287 883 esse.
1341 845 1380 883 τὶ.
1416 843 1503 896 Ego
1538 858 1630 883 vero
1679 858 1797 897 quem
1846 845 2000 900 fugiam

230 915 371 965 lia-beo,
406 931 523 969 quem
559 931 701 971 sequar
751 931 830 957 non
868 914 1010 956 habeo.
1062 914 1179 966 Quod
1217 916 1325 957 enim
1358 925 1403 957 tu
1438 931 1571 957 meum
1606 915 1747 957 laudas
1779 921 1820 957 et
1852 929 1998 956 memo-

231 989 399 1030 randum
441 989 570 1038 ducis,
615 989 729 1029 malle¹
775 987 883 1042 quod
929 987 1098 1028 dixerim
1143 1003 1205 1028 me
1250 1003 1341 1028 011111
1387 989 1578 1043 Pompeio
1615 988 1720 1030 vinci
1753 1002 1873 1043 quani
1907 1002 1999 1028 cum

230 1061 318 1103 istis
359 1062 530 1112 vincere,
584 1076 657 1116 ego
702 1076 792 1102 vero
834 1059 952 1110 malo,
996 1060 1064 1101 sed
1110 1075 1201 1100 cum
1244 1060 1312 1100 1110
1346 1061 1552 1115 Pompeio,
1588 1061 1657 1114 qui
1690 1064 1778 1100 tum
1812 1065 1896 1100 erat
1929 1064 2000 1100 aut

231 1136 301 1190 qui
345 1135 445 1176 mihi
485 1151 569 1176 esse
610 1134 844 1185 videbatur;
888 1149 978 1175 cum
1024 1134 1097 1175 hoc
1145 1150 1248 1185 vero,
1282 1135 1352 1189 qui
1386 1139 1478 1175 ante
1512 1134 1631 1188 fugit,
1666 1148 1788 1188 quam
1821 1133 1897 1174 scit
1930 1138 2000 1174 aut

233 1224 349 1264 (1110111
383 1209 514 1264 fugiat
547 1214 617 1250 aut
658 1224 750 1262 quo,
793 1208 861 1263 qui
904 1223 976 1249 nos
1009 1207 1191 1257 tra-didit,
1227 1208 1297 1261 (1111
1331 1208 1501 1262 patriam
1535 1207 1711 1261 reliquit,
1746 1206 1908 1247 Italiam
1941 1220 1999 1246 re-

232 1281 394 1336 linquit,
440 1283 472 1323 si
519 1282 657 1332 malui,
703 1281 888 1335 contigit,
931 1281 1062 1321 victus
1104 1295 1206 1321 sum.
1256 1280 1374 1332 Quod
1419 1284 1614 1335 superest,
1650 1293 1721 1320 nec
1754 1278 1832 1319 ista
1866 1277 2000 1319 videre

234 1369 409 1409 possum,
452 1370 551 1410 quae
594 1369 799 1410 nunquam
836 1354 954 1395 timui
988 1368 1037 1394 ne
1073 1353 1264 1404 viderem,
1299 1369 1373 1394 nec
1407 1352 1632 1394 mehercule
1665 1353 1804 1403 istum,
1840 1355 2000 1407 propter

233 1442 351 1481 quein
386 1428 485 1469 mihi
519 1444 598 1470 11011
634 1428 750 1468 modo
784 1428 896 1476 meis,
933 1426 998 1468 sed
1034 1433 1180 1468 memet.
1211 1428 1298 1482 ipso
1332 1426 1546 1468 carendum
1582 1432 1654 1467 cst.
1692 1430 1732 1466 3.
1769 1425 1830 1466 Λᾶ
1866 1424 2001 1466 Philo-

278 1625 315 1655 12
336 1625 389 1665 qui
410 1626 517 1656 nostra
540 1625 676 1657 tradidit
698 1645 738 1649 -
763 1626 802 1657 13
825 1636 881 1657 nec
903 1626 950 1657 ita
973 1626 1079 1657 videre
1102 1635 1211 1657 errore
1233 1626 1431 1666 typothetae.

279 1810 297 1848 ς’
321 1810 348 1840 l.
372 1808 442 1847 Eos,
465 1818 538 1851 qnos
560 1820 624 1840 una
645 1809 708 1840 scis
730 1818 807 1839 esse.
832 1824 844 1833 υ
857 1808 1023 1839 Senatorii
1047 1817 1095 1837 or-

233 1863 321 1893 dinis
343 1868 436 1893 erant
458 1861 495 1893 P.
524 1861 688 1893 Lentulus
719 1860 885 1902 Spinther,
910 1861 949 1891 L.
974 1860 1092 1891 Vibul-

234 1915 297 1946 lius
319 1914 434 1952 Rufus,
459 1913 494 1946 S.
518 1914 704 1953 Quintilius
736 1913 855 1950 Varus,
877 1914 917 1944 L.
940 1913 1095 1949 Rubrius,

235 1975 402 2008 praeterea-
423 1968 512 1998 filius
527 1967 667 1998 Domitii
681 1966 803 2007 aliique
819 1966 1006 2007 complures
1022 1966 1096 1996 ado-

236 2022 396 2053 lescentes
420 2027 453 2053 et
474 2030 617 2061 magnus
639 2030 799 2052 numerus
815 2020 965 2060 equitum
980 2019 1097 2051 Roma-

237 2084 356 2106 norum
391 2079 422 2106 et
456 2074 681 2110 decurionum,
719 2083 800 2114 quos
836 2082 879 2104 ex
907 2072 1097 2113 municipiis

239 2128 405 2159 Domitius
429 2127 652 2158 evocaverat?
677 2125 770 2158 Caes.
792 2126 831 2157 B.
857 2126 894 2158 C.
917 2127 944 2163 Ι,
969 2126 1018 2157 23.

285 2181 385 2222 Quum
407 2181 522 2212 habeat
529 2190 564 2222 p.
579 2180 686 2220 etipse
700 2180 842 2211 cohortes
853 2179 955 2210 XXX.
978 2180 1098 2211 Latine

239 2237 400 2273 nesciunt,
424 2236 481 2277 qui
494 2235 558 2266 hoc
572 2235 612 2266 de
628 2234 772 2265 Domitio
786 2234 910 2265 dictum
922 2233 1097 2274 accipiunt.

239 2289 405 2320 Domitius
421 2287 488 2319 fere
502 2286 608 2318 XXX
624 2286 773 2317 cohortes
788 2286 940 2322 habebat,
957 2292 995 2316 ut
1009 2290 1098 2316 certo

240 2342 393 2373 novimus
423 2350 465 2372 ex
494 2339 646 2380 Pompeii
674 2339 765 2379 epist.
795 2338 827 2369 h.
858 2338 880 2369 l.
907 2338 944 2368 11
968 2338 1001 2369 Α
1026 2343 1057 2369 et
1079 2348 1096 2369 e

241 2395 388 2428 Caesaris
413 2394 600 2426 narratione
623 2394 662 2424 B.
687 2392 725 2424 C.
748 2393 775 2423 I.
800 2391 848 2424 17.
872 2391 1051 2432 Pompeius
1068 2394 1099 2422 et

240 2448 306 2489 ipse
328 2448 471 2479 eundem
493 2446 559 2478 fere
582 2445 725 2476 militnm
755 2454 932 2475 numerum
954 2445 1100 2484 coegisse

241 2503 295 2534 hic
319 2503 467 2534 traditur.

286 2556 341 2587 Cui
375 2558 409 2587 tu
446 2574 487 2579 —
520 2565 566 2586 me
593 2553 733 2584 comitem
754 2555 852 2593 putas
881 2553 992 2583 debere
1023 2562 1101 2584 esse.

242 2610 383 2641 Dativus
404 2609 525 2650 pendet
547 2617 566 2638 a
586 2617 639 2638 vv.
662 2617 708 2636 me
728 2606 865 2636 comitem
878 2614 953 2642 esse,
971 2610 1007 2636 ut
1021 2605 1102 2642 Vn,

245 2665 273 2701 9,
297 2665 315 2694 3
339 2662 368 2693 ei
390 2672 409 2693 a
429 2661 539 2692 verbis
561 2659 728 2690 remedium
751 2660 797 2688 est
820 2657 928 2689 ullum.
952 2658 1103 2699 Utroque

245 2719 318 2748 loco
340 2720 466 2758 poterat
489 2723 619 2755 quoque
641 2712 806 2753 genitivus
828 2713 906 2752 poni
921 2721 940 2742 a
955 2713 1104 2743 substan-

250 2772 319 2803 tivo
341 2771 497 2812 pendens.
845 2770 851 2772 “

289 2825 308 2864 ξ
330 2823 360 2854 2.
382 2821 448 2864 qu
471 2829 542 2852 vero
563 2836 603 2843 --
626 2828 688 2849 non
705 2818 813 2849 habeo.
826 2818 957 2849 Acerbe
973 2818 1105 2853 dictum,

249 2878 340 2918 quod
370 2886 412 2908 ex
443 2873 612 2907 Ciceronis
640 2872 803 2903 dictorum
830 2872 923 2902 libris
952 2871 1107 2912 repetive-

252 2934 330 2962 runt
351 2929 520 2961 Domitius
542 2927 673 2958 Marsus
695 2925 780 2965 apud
803 2924 918 2963 Quint.
949 2925 976 2955 1.
991 2924 1030 2957 O.
1045 2924 1107 2955 VI.

250 2987 280 3023 3,
298 2985 367 3016 109.
383 2983 474 3014 Plut.
490 2981 525 3012 in
540 2979 765 3021 Apophtegm.
780 2989 809 3019 p.
825 2978 894 3009 205.
911 2978 946 3009 C.
962 2978 1108 3009 Maerob.

251 3039 321 3070 Sat.
345 3037 408 3075 VI,
432 3037 462 3068 3.
484 3035 587 3076 Apud
608 3032 724 3072 Quint.
748 3032 770 3062 l.
792 3032 814 3062 l.
844 3032 945 3062 verba
981 3032 1026 3062 sic
1063 3031 1109 3062 di-

253 3097 454 3133 sponuntur:
479 3087 588 3119 Habeo
609 3095 695 3128 quem
708 3084 854 3126 fuqiam;
884 3094 969 3125 quem
992 3093 1108 3125 sequar

1145 1809 1172 1840 is
1195 1810 1283 1846 ordo,
1307 1818 1407 1849 quem
1425 1808 1501 1839 libri
1519 1808 1600 1839 Mss.
1616 1816 1732 1839 omnes
1749 1810 1873 1844 tenent,
1888 1805 2008 1837 melior

1145 1868 1203 1899 est,
1227 1871 1268 1892 ne
1292 1861 1353 1892 tria
1376 1861 1530 1901 deinceps
1554 1860 1713 1891 vocabula
1738 1860 1771 1890 in
1791 1859 1907 1890 eodem
1921 1867 2004 1889 sono

1143 1915 1306 1946 desinant.

1186 1966 1315 1998 Laudas
1337 1969 1368 1997 et
1389 1965 1619 1997 memorandum
1641 1964 1740 1996 ducis.
1762 1964 1864 1996 Recte
1885 1963 2006 1995 Bosius

1144 2019 1250 2055 ducis,-
1275 2019 1361 2050 male
1385 2019 1419 2050 in
1441 2019 1531 2050 Med.
1553 2017 1645 2051 dicis.
1666 2018 1783 2058 Neque
1806 2017 1896 2048 enim
1917 2024 2007 2047 nunc

1145 2073 1185 2104 de
1207 2073 1352 2109 nomine,
1376 2072 1464 2112 quod
1485 2072 1573 2102 dicto
1596 2070 1765 2102 Ciceronis
1786 2069 1915 2111 imponi
1936 2077 2009 2110 pos·

1145 2130 1202 2163 set,
1227 2127 1284 2157 sed
1305 2126 1346 2156 de
1367 2125 1524 2166 opinione
1555 2129 1586 2156 et
1608 2124 1730 2155 iudicio
1753 2123 1859 2155 Attici
1881 2131 2007 2155 sermo-

1146 2188 1223 2210 nem
1245 2187 1315 2209 esse
1337 2183 1487 2218 apertum
1510 2181 1567 2208 est.
1590 2177 1632 2208 cf.
1655 2177 1696 2207 de
1713 2175 1904 2207 discrimine
1921 2175 2008 2206 inter

1147 2242 1194 2269 ea,
1217 2241 1301 2272 quae
1324 2231 1471 2262 dicuntur
1488 2235 1520 2262 et
1542 2230 1700 2262 ducuntur
1722 2229 1848 2261 Ba-kius
1871 2229 1913 2259 ad
1935 2227 2005 2260 Cic.

1147 2284 1230 2324 Leg.
1253 2294 1283 2325 p.
1307 2285 1368 2315 383
1392 2289 1424 2315 et
1444 2284 1516 2314 453.

1192 2336 1252 2377 Qui
1288 2339 1397 2368 nostra
1427 2335 1562 2368 tradidit
1602 2346 1669 2367 non
1698 2336 1868 2376 integrum
1899 2333 2009 2366 existi-

1148 2401 1242 2422 mans
1272 2391 1403 2432 scripsi:
1435 2391 1489 2432 qni
1521 2399 1577 2421 nos
1599 2388 1748 2421 tradidit.
1770 2389 1865 2419 Idem
1887 2386 2011 2428 placuit

1149 2444 1326 2483 Gronovio,
1363 2445 1419 2486 qui
1454 2444 1640 2484 adscripsit:
1675 2458 1688 2467 n
1702 2442 1760 2483 qui
1788 2451 1850 2473 nos
1878 2445 2009 2472 tantum

1151 2508 1218 2528 non
1248 2497 1380 2529 Caesari
1411 2498 1444 2528 in
1475 2506 1614 2527 manum
1635 2495 1758 2526 dedit.'''
1797 2493 1896 2534 Seqq.
1921 2492 2012 2524 idem

1151 2554 1261 2581 tuetur
1281 2550 1344 2581 hac
1373 2548 1660 2589 interpretatione:
1692 2561 1706 2572 u
1718 2546 1775 2587 qui
1796 2545 1878 2576 urbe
1899 2553 2011 2576 exces-

1152 2604 1203 2640 sit,
1227 2603 1261 2633 in
1285 2612 1324 2634 eo
1347 2607 1395 2633 est
1417 2606 1453 2632 ut
1475 2601 1575 2632 etiarn
1598 2600 1735 2631 excedat
1756 2598 1889 2629 Italia.”

1194 2656 1228 2686 Si
1250 2655 1358 2693 malui,
1382 2655 1523 2696 contiqit,
1547 2665 1580 2684 a:
1604 2654 1632 2685 si
1654 2653 1757 2684 malui
1773 2652 1873 2689 vinci,
1888 2650 2012 2682 factum

1153 2715 1210 2747 est,
1234 2709 1324 2750 quod
1344 2708 1446 2739 volui.

1194 2761 1260 2792 Nec
1280 2761 1343 2792 ista
1367 2760 1471 2792 videre
1493 2769 1616 2801 possum
1638 2778 1679 2782 —
1700 2768 1758 2790 nee
1779 2757 1874 2788 istum
1894 2766 1928 2788 o:
1952 2764 2014 2788 nec

1156 2827 1203 2854 ea,
1226 2826 1310 2857 quae
1331 2825 1422 2847 nunc
1437 2816 1562 2847 Romae
1576 2819 1747 2855 geruntur,
1762 2822 1822 2845 nec
1838 2811 2013 2844 Caesarem

1156 2870 1322 2911 adspicere
1344 2879 1487 2910 possum.

1200 2924 1219 2963 ξ
1251 2923 1280 2954 3.
1309 2923 1338 2952 A
1369 2922 1509 2954 Moneta.
1541 2922 1742 2953 uMandarat
1763 2918 1956 2956 Philotimo,
1978 2921 2015 2948 ut

1157 2981 1213 3008 aut
1235 2986 1253 3007 a
1274 2975 1420 3013 Moneta,
1443 2976 1502 3007 ubi
1524 2975 1618 3006 numi
1632 2974 1844 3010 cudebantur,
1856 2971 2015 3003 viaticum

1158 3029 1221 3061 sibi
1248 3033 1386 3070 pararet,
1416 3038 1496 3059 auro
1531 3032 1711 3068 argentove
1738 3024 1861 3056 infecto
1889 3033 1949 3064 pro
1979 3031 2017 3054 ea

1157 3086 1350 3123 permutato,
1379 3085 1435 3111 aut
1461 3085 1499 3111 ut
1530 3080 1572 3110 ab
1600 3077 1794 3120 argentariis
1823 3074 1929 3107 fenori
1963 3083 2015 3105 00-

242 3156 315 3186 ‘non
346 3145 452 3176 habeo.
475 3142 541 3175 Sed
568 3141 599 3172 h.
624 3141 656 3177 1.,
679 3139 733 3171 ubi
765 3149 820 3179 eqo
841 3148 913 3169 vero
934 3138 1108 3178 praecedit,
1160 3137 1315 3177 ciperet.'’'
1337 3134 1468 3166 Bosius.
1491 3135 1570 3165 Erat
1593 3138 1701 3164 autem
1723 3131 1819 3163 aedes
1840 3132 1872 3161 et
1894 3128 2019 3171 qffi'cina
