2062 3565
135 156 219 195 408
415 150 597 193 INDEX
631 144 1060 190 VOCABULORUM
1093 144 1162 185 ET
1195 142 1620 185 GRAMMATICUS.

1038 275 1093 308 Sic
1115 275 1283 306 minuentis
1306 274 1378 305 XV.
1403 273 1452 312 13,
1475 274 1504 304 3.

538 306 575 338 δ’
1041 329 1155 361 Sicubi
1177 329 1275 360 XIII.
1298 329 1329 367 2,
1352 328 1381 359 1.

134 396 272 427 Salvum
295 393 422 425 venisse
448 391 576 431 gaudeo
600 389 639 420 V.
664 388 715 426 21,
740 388 769 418 1.
1040 385 1165 416 Sidere.
1187 384 1264 415 Eius
1284 384 1368 424 perf.
1391 384 1454 415 sidi
1477 383 1526 414 vel
1547 383 1617 415 sedi
1639 383 1699 415 IV.
1723 383 1772 421 17,
1797 383 1824 414 3.

133 447 250 480 Sanari
274 444 391 486 tropice
414 444 481 474 III.
506 443 555 478 12,
581 441 601 472 2
1045 439 1187 480 Signare
1210 439 1382 481 epistolam
1405 438 1478 470 XV.
1501 438 1554 476 29,
1576 438 1606 469 3.

131 502 219 533 Sane
242 501 306 531 iam
330 500 360 529 et
383 507 460 529 sane
483 506 583 537 quam
605 495 653 525 II.
680 494 708 524 1.
733 494 762 523 6.
1037 493 1144 525 Silere
1167 493 1248 523 XII.
1271 493 1323 530 43,
1346 493 1375 524 1,

129 556 256 587 Sanum
278 563 347 585 esse
369 552 417 583 II.
440 551 471 586 2,
495 550 524 581 3.
1039 547 1147 579 Simul
1170 551 1201 578 et
1214 556 1274 587 pro
1297 545 1398 577 simul
1420 545 1519 577 etiam
1542 545 1569 576 I.
1595 545 1624 584 1,
1654 545 1691 584 43
1724 546 1806 576 male
1835 555 1896 586 pro

131 608 220 640 Satis
242 615 339 648 agere
361 605 423 636 IV.
447 604 498 643 15,
521 603 551 634 9.
1172 600 1273 631 simul
1304 607 1341 631 ut
1376 599 1417 631 X.
1446 600 1477 638 4,
1506 599 1564 639 123
1599 598 1813 640 corriyendum
1847 599 1898 629 II.

133 661 219 694 Satis
242 658 419 691 consilium
444 666 506 688 non
532 654 710 686 Tullianum
734 653 815 684 XII.
842 654 891 683 50.
1175 653 1228 692 20,
1249 653 1285 692 23
1307 652 1350 684 X.
1372 654 1402 690 4,
1425 652 1478 691 12;
1503 651 1545 683 X.
1569 652 1620 689 16,
1647 653 1678 682 4.

133 713 374 747 satisdationes
396 710 579 742 secundum
601 707 803 748 mancipium
839 706 878 737 V.
912 707 941 743 1,
964 705 993 736 2.
1041 706 1205 738 Simulare
1227 714 1265 732 =
1288 707 1397 738 simile
1419 706 1526 737 faeere
1549 706 1606 736 Ιχ,
1631 706 1661 742 8,
1681 705 1712 736 2,

131 768 296 801 Satisdato
318 765 438 797 debere
460 762 555 794 XVI.
580 762 610 798 6,
635 763 665 791 3.
963 787 970 793 ,
1041 760 1102 792 Sin
1126 761 1207 791 male
1224 770 1285 800 pro
1307 761 1335 791 si
1358 760 1398 791 Χ,
1422 761 1452 797 8,
1478 759 1510 790 2,

130 821 318 855 Satisfactio
342 819 401 851 IV.
426 819 455 856 6,
479 817 511 849 3.
1041 814 1121 846 Sine
1145 825 1205 845 non
1227 813 1296 844 sine
1318 813 1458 844 ablativo
1477 813 1607 853 ponitur
1629 812 1729 843 VIII.
1754 811 1787 847 3,
1809 813 1837 841 5.

129 877 227 909 Scida
248 875 276 907 I.
300 875 353 910 20,
375 874 405 906 7.
1042 868 1122 900 Sine
1144 873 1231 899 sorte
1255 867 1314 898 VI.
1338 867 1368 906 6,
1390 868 1429 903 4;
1453 866 1529 898 fuco
1554 866 1581 898 I.
1605 866 1634 903 1,
1658 866 1687 896 1.

131 931 246 962 Sciens
268 928 478 970 prudensque
501 925 541 956 X.
566 926 584 956 9
607 926 652 962 A,
684 926 713 955 5.
1043 922 1253 962 Singillatim
1275 921 1305 952 1.
1327 921 1378 959 14,
1402 922 1431 952 5.

133 983 291 1015 Scindere
313 980 461 1011 dolorem
482 989 525 1009 an
547 978 733 1010 rescindere
755 977 822 1008 ΙΙΙ.
848 976 898 1012 15,
921 975 951 1006 2.
1042 975 1095 1007 815
1120 975 1177 1005 VI.
1201 974 1232 1013 1,
1253 973 1305 1005 23.

131 1036 209 1068 Scio
230 1032 442 1074 interponitur
464 1031 540 1062 aliis
566 1030 664 1062 verbis
687 1030 787 1061 VIII.
813 1030 849 1060 15
874 1030 919 1065 A,
944 1030 971 1061 3.
1042 1029 1120 1061 Sive
1143 1039 1180 1055 =
1202 1029 1256 1060 vel
1278 1029 1387 1070 potins
1410 1026 1473 1059 IX.
1497 1028 1529 1064 1,
1554 1028 1585 1058 3.

133 1090 500 1121 Sciveram-statueram
524 1086 581 1116 XI.
606 1085 634 1123 9,
658 1085 689 1116 1.
1042 1082 1100 1114 Sol
1124 1092 1213 1114 assus
1235 1084 1266 1113 et
1288 1087 1407 1113 unctus
1430 1080 1500 1111 XII
1535 1080 1565 1118 6,
1587 1080 1618 1111 2.

129 1143 298 1184 Scriptura
320 1139 456 1180 vectiyal
479 1138 520 1170 V.
547 1139 601 1175 15,
625 1138 654 1169 3.
1042 1135 1141 1167 Soleo
1162 1135 1303 1166 absolute
1318 1134 1454 1174 positum
1477 1133 1506 1165 1.
1532 1133 1584 1164 19.
1611 1133 1639 1164 1.

132 1198 324 1240 Scripulum
344 1207 386 1227 an
409 1195 602 1236 scriptulum
626 1194 686 1225 IV.
713 1195 764 1225 16.
787 1194 814 1226 ἵ.
1042 1188 1195 1220 Solitudo
1217 1194 1250 1219 et
1271 1187 1468 1219 solitudines
1490 1186 1574 1217 XII.
1597 1185 1648 1217 23.
1676 1186 1689 1216 l
1715 1192 1747 1218 et
1770 1185 1857 1216 Add.

136 1253 260 1294 Scopae
283 1251 409 1282 solutae
434 1248 513 1280 VII.
537 1249 576 1279 13
603 1249 631 1281 b,
659 1248 686 1278 1⁴
1043 1242 1159 1275 soluta
1181 1251 1374 1273 ancora-ora
1397 1240 1426 1271 I.
1451 1240 1502 1279 13,
1529 1240 1557 1270 1.

135 1307 237 1338 Scuta
260 1305 294 1335 in
316 1304 395 1334 ludo
419 1301 567 1334 Caesaris
589 1301 669 1331 VII.
697 1301 746 1339 14,
770 1302 799 1332 2.
1043 1297 1179 1329 Solvere
1201 1296 1242 1327 ab
1263 1296 1374 1337 aliquo
1396 1295 1438 1326 V.
1460 1295 1512 1333 21,
1535 1295 1585 1325 11.

135 1361 255 1400 Secum
277 1377 319 1382 —
340 1356 507 1399 speculam
534 1355 574 1386 X.
598 1355 649 1394 13,
674 1355 701 1385 1.
1043 1349 1178 1381 Sonitus
1200 1349 1230 1379 I.
1255 1348 1305 1385 14,
1330 1349 1358 1378 4.

133 1412 298 1446 Securitas
323 1412 374 1443 ΙΙ.
396 1413 425 1444 5.
447 1411 478 1441 2.
1045 1404 1123 1436 Sors
1144 1404 1182 1434 de
1196 1403 1334 1444 pecunia
1358 1402 1435 1433 xn.
1460 1402 1511 1438 18,
1539 1402 1568 1432 3.

133 1469 233 1500 Secus
255 1467 285 1498 Ι.
309 1466 359 1503 19,
384 1465 433 1495 11.
1044 1457 1210 1499 Spectatio
1234 1457 1333 1487 XIII.
1359 1458 1410 1494 44,
1435 1456 1466 1486 2.

135 1522 201 1553 Sed
223 1520 367 1552 vitiosum
382 1529 444 1560 pro
469 1523 501 1550 et
524 1518 552 1549 I.
576 1518 626 1557 20,
646 1517 686 1556 23
711 1517 770 1548 IV.
793 1517 822 1553 2,
837 1517 873 1553 (53
890 1516 995 1547 delen·
1045 1512 1169 1553 Specus
1192 1512 1266 1543 XV.
1289 1511 1342 1549 26,
1365 1513 1395 1541 4.

220 1575 292 1606 dum
314 1574 363 1605 II.
389 1574 417 1611 1,
442 1575 471 1604 5.
500 1573 551 1610 22,
573 1573 610 1608 2;
634 1572 662 1601 V
701 1572 730 1602 S.
753 1571 787 1607 3,
811 1581 867 1610 pro
883 1570 925 1601 sit
938 1569 997 1600 IV.
1045 1565 1126 1606 Spes
1150 1565 1190 1595 ad
1213 1565 1392 1595 vivendum
1415 1562 1487 1594 XV.
1511 1563 1562 1602 20,
1587 1563 1618 1594 2.

216 1631 246 1667 5,
279 1628 319 1664 2;
353 1626 535 1658 restituitur
566 1625 626 1656 VI.
659 1624 688 1663 1,
717 1624 774 1661 263
814 1623 854 1654 X.
886 1623 934 1659 12,
968 1623 998 1654 5.
1047 1618 1178 1660 Spissus
1203 1620 1239 1649 X.
1264 1618 1313 1654 18,
1337 1617 1366 1649 2.

218 1682 272 1720 16,
294 1682 324 1712 4.
1047 1671 1265 1712 spureissime
1287 1673 1461 1711 suspectum
1483 1670 1543 1700 XI.
1568 1669 1617 1707 13,
1640 1669 1671 1701 2.

135 1738 202 1770 Sed
225 1736 336 1772 etiam,
360 1745 422 1765 non
446 1731 658 1774 praecedente
685 1741 752 1763 non
785 1731 894 1762 solum
931 1730 995 1761 III.
1047 1724 1094 1756 St.
1120 1727 1297 1765 corruptum
1319 1724 1353 1755 in
1375 1724 1403 1755 si
1426 1723 1474 1754 ΙΙ.
1495 1723 1526 1762 1,
1550 1723 1599 1753 10.

344 1788 391 1825 15,
417 1787 446 1818 5,
1047 1777 1142 1810 Stare
1163 1776 1416 1818 impersonaliter
1436 1776 1506 1808 111.
1529 1776 1580 1813 14,
1605 1775 1642 1812 2;
1676 1775 1906 1807 animo-manu

135 1843 257 1875 Sedere
276 1853 320 1869 =
341 1840 484 1871 otiosum
506 1848 577 1870 esse
601 1837 660 1869 VI.
685 1837 714 1873 3,
738 1839 772 1876 4;
801 1835 859 1866 ΙΧ.
884 1836 933 1867 13.
960 1837 998 1872 4;
1164 1833 1202 1864 V.
1226 1832 1277 1871 18,
1299 1831 1337 1870 23
1368 1833 1399 1862 et
1420 1831 1533 1862 sedere
1555 1829 1714 1860 translate
1736 1828 1795 1861 VI.
1821 1828 1848 1866 3,
1870 1830 1905 1864 4,

277 1907 319 1923 Ξ
341 1897 530 1934 exspectare
553 1891 644 1922 XIV.
669 1891 698 1925 1,
723 1890 751 1921 2.
1172 1886 1292 1917 iudicio
1314 1884 1452 1916 alicuius
1477 1884 1572 1915 VIII.
1595 1885 1626 1921 4,
1651 1883 1681 1915 1.

137 1949 299 1980 Seducere
323 1947 364 1978 V.
387 1946 441 1983 21,
465 1945 517 1976 12.
1051 1939 1159 1971 Statio
1182 1939 1244 1969 VI.
1267 1939 1295 1975 9,
1321 1939 1349 1969 5.

137 2002 249 2034 Semel
273 2001 302 2032 I.
326 2001 377 2038 19,
400 2003 429 2031 6.
1019 2007 1022 2044 Ι
1047 1993 1199 2024 Statuere
1217 1993 1318 2023 finem
1340 1991 1421 2022 VII.
1447 1990 1497 2027 12,
1520 1992 1551 2021 4.

137 2055 303 2088 Sementis
325 2052 572 2095 proscriptionis
596 2051 653 2082 IX.
681 2051 708 2087 8,
737 2051 764 2081 1.
1020 2047 1022 2056 “
1047 2047 1159 2079 Status
1182 2045 1355 2086 dignitatis
1379 2045 1408 2076 Ι.
1433 2045 1485 2082 20,
1508 2036 1548 2074 2.ι

139 2109 317 2140 Semiliber
341 2107 437 2137 XIII.
461 2106 510 2142 31,
535 2105 563 2136 3.
1047 2099 1197 2132 Strictim
1219 2099 1269 2130 ΙΙ.
1291 2099 1321 2136 1,
1345 2099 1375 2129 1.

138 2161 291 2194 Semissis
313 2160 346 2191 in
369 2159 491 2190 nomine
514 2158 594 2189 XII.
619 2158 648 2195 3,
672 2158 701 2188 2.
1047 2153 1198 2185 Structor
1219 2152 1312 2183 XIV.
1335 2151 1364 2188 3,
1387 2151 1416 2181 1.

137 2215 260 2247 Sensus
283 2214 344 2245 IX.
368 2214 407 2244 16
431 2213 473 2250 A,
497 2213 531 2251 3;
554 2213 594 2243 de
616 2221 651 2243 re
674 2211 805 2252 publica
829 2210 900 2240 XV.
926 2211 956 2242 7.
1047 2208 1162 2240 strues
1184 2208 1327 2239 laterum
1351 2207 1391 2238 V.
1415 2206 1465 2238 12.
1489 2206 1520 2236 3.

139 2270 279 2301 Sentina
302 2268 392 2299 urbis
415 2268 445 2298 Ι.
470 2267 521 2303 19,
544 2268 576 2296 4.
1048 2261 1184 2293 Struma
1206 2260 1254 2290 ΙΙ.
1279 2261 1307 2298 9,
1333 2259 1362 2290 2.

138 2321 337 2363 Septemtrio
361 2320 399 2351 de
420 2319 576 2361 reqionum
599 2317 664 2348 sisu
686 2317 746 2349 IX.
771 2318 800 2355 9,
824 2318 853 2348 2.
1048 2315 1178 2347 Stultus
1200 2313 1344 2344 vitiosum
1368 2313 1450 2344 VII.
1471 2313 1503 2348 1,
1528 2313 1557 2342 5.

140 2375 372 2416 Sequanorum
393 2382 509 2403 momen
533 2372 615 2401 male
636 2371 788 2400 invectum
814 2371 837 2400 I.
865 2371 913 2405 19,
940 2370 969 2400 2.
1048 2369 1117 2400 Sub
1139 2369 1173 2399 in
1196 2367 1415 2408 compositione
1438 2367 1548 2398 minuit
1573 2367 1598 2397 I.
1625 2367 1653 2404 5,
1676 2367 1706 2396 4.

139 2429 241 2470 Sequi
263 2428 390 2469 aliquid
412 2427 472 2457 IV.
496 2427 525 2463 2,
547 2427 584 2462 43
615 2424 758 2465 fugam?
794 2424 891 2454 VIII.
918 2425 945 2461 3,
972 2426 1000 2454 5.
1048 2423 1310 2455 Subdebilitatus
1334 2422 1395 2452 XI.
1419 2423 1448 2457 5,
1475 2422 1504 2452 1.

267 2492 303 2509 =
328 2487 439 2522 petere
461 2479 503 2510 X.
530 2480 578 2516 18,
601 2479 632 2509 2.
1050 2477 1238 2509 Subdoeere
1265 2477 1367 2509 VIII.
1389 2480 1420 2512 4,
1443 2477 1470 2506 1.

142 2535 258 2567 Sermo
279 2534 455 2566 hominum
473 2532 532 2563 XI.
558 2532 587 2568 6,
612 2531 641 2562 2.
1049 2530 1166 2561 Subire
1189 2529 1349 2561 offensam
1373 2529 1415 2559 X.
1439 2529 1457 2560 9
1479 2529 1522 2565 A,
1546 2528 1575 2558 2.

141 2592 349 2633 Serperastra
373 2589 452 2621 VII.
476 2589 504 2626 3,
528 2590 559 2619 8.
1048 2583 1207 2624 Subringi
1228 2583 1288 2614 IV.
1313 2584 1342 2620 5,
1366 2583 1397 2613 2.

147 2645 280 2677 Servire
302 2643 403 2675 alicui
424 2642 472 2674 rei
495 2641 575 2672 XII.
599 2642 650 2675 31,
672 2641 704 2671 2.
1048 2635 1280 2667 substantivum
1304 2636 1443 2667 iteratur
1449 2637 1522 2676 post
1528 2646 1622 2675 pron.
1640 2636 1733 2666 relat.
1753 2635 1798 2665 11.
1816 2635 1863 2671 11,
1878 2635 1905 2666 1,

142 2698 253 2729 Sessio
277 2697 464 2738 Capitolina
486 2693 580 2726 XIV.
605 2695 655 2732 14,
683 2695 712 2729 2,,
1049 2691 1187 2723 Subtilis
1209 2691 1238 2721 I.
1265 2691 1311 2727 13,
1336 2692 1365 2720 4.

142 2750 214 2782 Sex
236 2754 361 2791 septem
383 2749 452 2780 dies
475 2748 516 2779 X.
540 2749 571 2785 8,
594 2748 625 2778 2.
1048 2746 1286 2778 Suburbanum
1313 2744 1484 2777 Ciceronis
1507 2744 1556 2775 IV
1594 2745 1623 2783 2,
1647 2744 1676 2776 Τ.

143 2803 180 2835 81
203 2813 264 2834 non
283 2802 413 2843 ponitur
427 2812 488 2842 pro
511 2801 667 2842 quoniam
700 2800 747 2831 II.
776 2800 806 2837 1,
842 2800 900 2837 103
929 2802 1002 2839 posl
1048 2800 1239 2841 Suggerere
1260 2800 1375 2830 ludum
1398 2799 1501 2830 alicui
1523 2798 1603 2829 XII.
1627 2800 1679 2835 44,
1703 2798 1733 2829 2.

200 2857 293 2888 verba
316 2855 491 2896 temptandi
513 2855 574 2886 IX.
599 2854 616 2887 'i‘
641 2854 678 2891 C,
703 2855 734 2885 1.
1047 2852 1122 2884 Suis
1145 2852 1292 2883 humeris
1315 2852 1376 2883 VI.
1399 2852 1428 2887 2,
1454 2852 1486 2881 5.

145 2909 182 2941 Si
204 2910 303 2941 etiam
325 2919 387 2940 non
403 2918 463 2949 pro
485 2907 614 2939 etiamsi
638 2906 725 2937 VIII
762 2906 798 2937 11
823 2906 865 2943 D,
888 2906 915 2936 3.
1047 2905 1186 2937 Sumere
1199 2905 1399 2945 legationem
1417 2903 1509 2935 IV.2
1523 2903 1570 2942 ,6;
1585 2903 1647 2934 sibi
1662 2903 1758 2933 VIII.
1777 2903 1810 2932 11
1825 2903 1861 2939 D¹
1878 2904 1908 2933 (2.

145 2963 182 2994 81
204 2963 287 2994 forte
310 2963 404 2994 XIV.
429 2962 478 3001 13,
503 2962 533 2992 2.
1047 2959 1185 2991 Summa
1208 2958 1249 2989 X.
1273 2959 1302 2996 5,
1324 2958 1355 2989 2.

146 3018 183 3050 Si
206 3018 272 3049 iam
297 3024 328 3039 =
355 3017 481 3048 etiamsi
504 3016 545 3048 V.
567 3018 597 3053 4,
623 3017 651 3047 1.
1112 3027 1126 3039 u
1213 3021 1296 3052 resp.
1319 3021 1379 3041 non
1402 3011 1482 3051 reip.
1507 3011 1535 3041 I.
1562 3011 1611 3047 16,
1637 3011 1666 3041 9.

147 3071 185 3103 Si
206 3071 317 3102 minus
338 3070 407 3101 111.
427 3070 477 3108 19,
508 3070 536 3100 3.
1048 3065 1219 3097 Summam
1245 3065 1316 3099 (ad)
1339 3063 1431 3094 XIV.
1459 3063 1488 3100 1,
1513 3063 1540 3093 1.

148 3125 184 3160 Si
207 3125 291 3156 nihil
314 3124 404 3156 aliud
426 3124 475 3155 II.
500 3124 551 3163 15,
574 3123 603 3155 2.
1022 3127 1026 3170 Ι
1050 3121 1226 3152 Summum
1248 3119 1348 3150 XIII.
1373 3120 1425 3158 21,
1447 3119 1476 3151 2.
