2062 3565
67 952 101 978 10

70 1330 102 1356 15

125 147 207 186 236
467 147 550 187 ΕΡ.
586 146 661 187 AD
693 146 740 186 T.
774 145 1124 187 POMPONIL'M
1158 142 1421 184 ATTICUM.

122 281 182 323 illi
225 282 300 322 iter
340 281 507 322 instaret
551 288 591 322 et
635 279 817 321 subitum
860 285 900 320 et
941 280 1122 335 longum,
1167 283 1207 320 et
1255 278 1482 319 mehercule
1516 293 1638 330 nunc,
1672 292 1800 333 quum
1833 279 1890 320 ita

123 357 247 397 simus
296 355 441 406 affecti,
490 359 537 396 ut
577 369 658 396 non
706 354 905 409 possimus
955 353 1074 410 plane
1115 353 1235 395 simul
1273 352 1406 394 vivere
1453 376 1510 381 —
1555 351 1749 405 intelligis
1782 351 1886 393 enim

122 429 298 484 profecto
342 427 385 468 in
429 442 508 483 quo
554 427 725 469 maxime
771 427 902 482 posita
936 427 989 468 sit
1022 421 1314 484 συμβίωσις
1348 450 1421 475 —,
1454 425 1570 466 facile
1603 423 1784 481 patiebar
1817 440 1889 466 nos

122 501 256 557 potius
297 501 444 542 Romae
485 515 568 542 una
611 515 695 541 esse
740 514 858 554 quam
891 499 935 540 iu
967 500 1210 542 Tusculano.
1248 502 1287 540 2.
1322 498 1437 540 Libri
1469 497 1520 539 ad
1552 498 1774 540 Varronem
1809 513 1887 540 non

121 572 394 615 morabantur.
448 574 552 615 Sunt
598 573 704 615 enim
752 573 896 623 effecti,
947 579 993 614 ut
1041 573 1200 624 vidisti3
1248 577 1407 614 tantum
1450 571 1705 613 librariorum
1745 572 1890 614 menda

120 646 333 688 tolluntur.
368 647 428 687 De
462 646 610 702 quibus
642 646 756 688 libris
790 647 868 688 scis
901 662 962 688 me
997 646 1220 697 dubitasse,
1254 646 1323 688 sed
1355 652 1403 687 tu
1436 645 1597 688 videris.
1636 645 1756 696 Item,
1791 660 1890 700 quos

121 722 249 763 Bruto
282 721 493 771 mittimus,
528 720 571 762 in
604 719 792 762 manibus
823 719 976 762 habent
1008 720 1175 762 librarii.
1212 722 1253 761 3.
1291 720 1384 762 Mea
1416 719 1619 770 mandata,
1656 724 1700 760 ut
1732 717 1888 768 scribis,

122 794 296 850 explica;
347 808 587 848 quamquam
634 793 713 834 ista
761 792 983 834 retentione
1027 807 1165 834 omnes
1209 792 1266 834 ait
1304 792 1365 833 uti
1408 790 1643 832 Trebatius:
1695 791 1793 848 quid
1845 796 1890 833 tu

122 868 220 909 istos
264 867 406 922 putas?
454 867 574 908 Nosti
619 866 797 908 domum.
848 865 984 912 Quare
1029 866 1178 907 confice
1222 864 1500 925 ev'ocyu'Jng.
1555 865 1797 907 Incredibile
1831 871 1892 907 est

123 956 243 996 quam
287 955 360 994 ego
403 939 481 981 ista
524 955 603 981 non
653 955 802 981 curem.
855 941 978 981 Omni
1011 939 1088 981 tibi
1122 939 1413 981 asseveratione
1448 940 1614 990 affirmo,
1649 938 1757 995 quod
1791 939 1890 981 mihi

124 1013 261 1055 credas
308 1012 439 1062 velim,
474 1013 574 1054 mihi
607 1013 747 1054 maiori
782 1014 992 1055 offensioni
1025 1028 1110 1055 esse
1144 1028 1265 1068 quam
1298 1012 1557 1054 delectationi
1591 1012 1890 1068 possessiuncu-

123 1088 181 1130 las
221 1102 343 1128 meas.
394 1086 527 1142 Magis
567 1087 675 1128 enim
715 1087 829 1128 doleo
879 1102 941 1128 me
983 1102 1062 1128 non
1112 1086 1257 1128 habere
1291 1087 1357 1128 cui
1390 1086 1560 1137 tradam,
1596 1101 1715 1141 quam
1746 1084 1891 1127 habere

123 1163 193 1218 qui
225 1166 314 1203 utar
348 1161 516 1216 (laetor).
550 1163 685 1216 Atque
719 1160 821 1202 illud
853 1159 1065 1202 Trebatius
1099 1158 1239 1201 se‘tibi
1264 1159 1412 1201 dixisse
1437 1158 1639 1201 narrabat.
1672 1159 1735 1200 Tu
1757 1162 1890 1200 autem

124 1237 273 1278 veritus
307 1250 348 1276 es
381 1234 561 1285 fortasse,
596 1250 645 1276 ne
679 1250 752 1289 ego
785 1235 939 1276 invitus
972 1234 1168 1275 audirem.
1205 1233 1300 1275 Fuit
1331 1233 1374 1274 id
1407 1232 1570 1288 quidem
1604 1232 1890 1283 humanitatis3

124 1310 208 1360 sed,
242 1309 342 1350 mihi
377 1309 505 1360 crede,
540 1310 617 1350 iam
653 1310 731 1350 ista
764 1323 846 1350 non
879 1323 989 1349 curo.
1035 1308 1168 1359 Quare
1201 1309 1252 1348 cla
1287 1313 1324 1348 te
1357 1307 1397 1348 7'22
1429 1321 1635 1348 sermonem
1667 1311 1705 1347 et
1731 1321 1891 1360 perseca

124 1389 162 1427 et
205 1387 355 1439 confice,
399 1389 440 1424 et
471 1382 528 1424 ita
572 1398 663 1424 cum
699 1381 812 1424 Polla
844 1381 1020 1437 loquere,
1055 1388 1102 1422 ut
1132 1386 1171 1422 te
1205 1395 1297 1422 cum
1330 1380 1399 1422 illo
1433 1380 1581 1422 Scaeva
1614 1380 1725 1435 loqui
1758 1385 1889 1435 putes,

123 1473 173 1500 ne
217 1457 420 1498 existimes
464 1472 545 1507 eos,
590 1457 659 1512 qui
704 1472 784 1498 non
835 1455 969 1497 debita
1006 1455 1227 1497 consectari
1261 1455 1428 1503 soleant,
1465 1454 1571 1508 quod
1605 1453 1799 1496 debeatur
1834 1469 1892 1496 re-

125 1532 328 1574 missuros.
364 1531 422 1572 De
457 1530 520 1572 die
554 1535 711 1572 tantum
748 1530 896 1576 videto,
931 1536 970 1571 et
1003 1529 1044 1571 id
1079 1530 1211 1585 ipsum
1246 1527 1350 1569 bono
1384 1527 1517 1569 modo.

166 1668 204 1699 15
231 1666 336 1708 Quare
358 1685 398 1689 —
420 1685 461 1690 —
481 1664 523 1696 da
547 1667 577 1696 te
599 1665 632 1696 in
654 1675 822 1696 sermonem
846 1667 876 1696 et
896 1674 1026 1705 persecu
1049 1668 1078 1697 et
1105 1665 1229 1704 conjice,
1252 1664 1370 1701 excita,
1393 1663 1554 1704 compella,
1578 1663 1702 1705 loquere
1725 1681 1766 1685 —
1789 1662 1826 1695 17
1846 1661 1893 1693 Ne

123 1722 280 1754 existimes
302 1740 338 1745 -

125 1837 320 1870 Ciceronem
343 1836 376 1866 in
400 1835 627 1866 Tusculanum
649 1834 827 1865 convenire
841 1834 984 1865 volebat.
1007 1862 1009 1871 ,
1031 1834 1164 1864 Nobbio
1202 1834 1353 1864 inventos
1390 1831 1530 1863 removit
1567 1837 1599 1862 et
1628 1835 1741 1871 aperto
1774 1829 1894 1860 mendo

166 1892 184 1932 ξ
206 1891 236 1922 2.
258 1889 382 1932 Effeeti.
398 1888 537 1920 Mallem
548 1887 985 1928 descnptiemargfflamb„
1007 1882 1008 1886 ¹
1031 1887 1095 1927 (Ne
1123 1887 1284 1918 emistizues
1314 1897 1372 1927 pro
1395 1886 1460 1916 noli
1484 1885 1679 1924 existimare)
1703 1883 1894 1924 scriptorem

124 1944 187 1976 nisi
209 1944 272 1975 hoc
295 1943 405 1974 minus
428 1952 446 1972 a
468 1942 561 1972 codd.
586 1941 619 1972 in
643 1941 763 1982 quibus
786 1946 835 1972 est
856 1939 983 1981 desecti,
1030 1942 1194 1973 liberavit.
1227 1941 1294 1973 Sed
1322 1941 1380 1972 illa
1409 1940 1452 1970 da
1475 1942 1506 1970 te
1528 1939 1562 1970 in
1583 1948 1753 1970 sermonem
1775 1939 1807 1968 et
1826 1947 1894 1978 per-

124 1997 289 2030 recederet
311 2001 342 2027 et-
364 1994 524 2036 explicari
546 2003 665 2035 posset.
691 1993 810 2025 Paullo
832 1999 908 2025 ante
932 2003 984 2034 ap·
1007 1993 1009 2033 ἱ
1030 2006 1101 2028 seca
1132 1999 1161 2027 et
1190 1996 1305 2037 confice
1338 2005 1381 2027 ex
1417 1995 1528 2035 aliqua
1560 1993 1674 2024 fabula
1701 1992 1803 2034 petita
1824 2000 1894 2023 esse

123 2052 187 2083 tius
208 2057 288 2092 Puto
309 2049 520 2080 ''wrabunlw-
1007 2047 1009 2072 ἶ
1031 2051 1222 2082 etiamnunc
1244 2057 1333 2091 puto,
1348 2050 1446 2090 idque
1458 2041 1587 2080 diversa
1603 2047 1771 2078 literarum
1789 2044 1894 2076 forma

167 2108 185 2146 ξ
209 2106 237 2136 3.
262 2104 436 2136 Debitores
459 2104 593 2144 quidam
617 2103 786 2135 Ciceronis
800 2113 866 2134 non
882 2108 983 2134 totam
1007 2125 1009 2134 ,.
1031 2104 1185 2135 indicavi.
1210 2103 1276 2134 Pro
1294 2112 1424 2143 persea-a
1448 2101 1593 2133 Orellius
1615 2099 1736 2130 frustra
1749 2098 1894 2129 malebat

123 2169 288 2192 summam
319 2157 446 2188 solvere
477 2157 644 2194 volebant,
673 2158 730 2188 sed
753 2157 801 2187 uti
826 2156 984 2187 beneficio
1007 2147 1009 2189 f
1028 2165 1152 2195 persece
1176 2166 1208 2187 a:
1226 2165 1426 2196 persequere.
1448 2153 1621 2184 persecare
1634 2151 1758 2183 indicat
1769 2151 1894 2182 nodum

124 2214 208 2254 legis
231 2212 345 2249 Iuliae,
369 2211 462 2242 euius
485 2211 637 2242 meminit
659 2210 839 2242 Suetonius
863 2211 898 2241 in
919 2209 983 2240 Iul.
1007 2211 1009 2243 -ζ
1030 2211 1172 2242 secando
1195 2210 1322 2241 solvere
1344 2214 1498 2249 recteque
1514 2207 1645 2238 videtur
1658 2205 1819 2246 usurpari,
1837 2205 1893 2236 ubi

124 2268 176 2299 42.
208 2267 317 2306 Negat
348 2265 465 2297 Cicero
493 2274 528 2296 se
556 2264 617 2296 ista
642 2274 755 2296 curare
787 2270 818 2296 et
840 2264 984 2294 amicum
1007 2264 1009 2302 ζ
1031 2263 1141 2303 agitur
1162 2263 1202 2294 de
1226 2272 1259 2294 re
1283 2262 1433 2294 celeriter
1455 2259 1677 2300 transigenda.
1702 2257 1797 2289 Polla
1811 2267 1894 2299 quae

125 2325 226 2362 rogat,
248 2325 285 2350 ut
294 2329 363 2351 rem
385 2316 569 2362 εὐαγὼγως
600 2327 632 2347 o:
666 2327 765 2358 quam
787 2316 983 2348 commodis·
1006 2316 1009 2355 ξ
1030 2317 1073 2348 sit
1093 2317 1276 2357 ignoratur.
1299 2315 1417 2346 Scaeva
1439 2319 1545 2355 potest
1566 2322 1636 2344 esse
1658 2311 1808 2344 centurio
1835 2311 1895 2343 ille

125 2379 207 2410 sime
228 2377 339 2418 possit,
363 2375 524 2406 conficiat.
1006 2381 1008 2411 ξ
1032 2370 1255 2407 Caesarianus,
1278 2378 1378 2410 quem
1401 2368 1444 2399 ob
1473 2367 1641 2407 insignem
1666 2364 1894 2397 fortitudinem

167 2431 262 2462 Istos.
293 2444 306 2455 υ
319 2428 484 2459 Homines
516 2433 583 2458 tani
617 2433 759 2458 attentos
794 2432 825 2457 et
859 2426 984 2457 nullius
1006 2420 1008 2454 ἒ
1031 2425 1186 2455 maximis
1201 2423 1354 2465 praemiis
1368 2421 1488 2454 Caesar
1500 2421 1581 2452 olim
1596 2424 1771 2451 ornaverat
1782 2418 1893 2459 (Caes.

125 2484 207 2516 lucri
228 2481 471 2523 negligentes.”
493 2478 594 2511 Gron.
663 2501 666 2503 Α
1007 2457 1009 2485 Ι
1031 2480 1073 2511 Β.
1098 2478 1134 2510 C.
1158 2479 1223 2509 ΠΙ.
1247 2479 1310 2517 53),
1335 2484 1367 2508 et
1388 2477 1445 2518 qui
1468 2476 1509 2507 ab
1531 2485 1570 2506 eo
1593 2480 1739 2515 tempore
1751 2473 1892 2504 maiores

166 2536 258 2568 Nosti
279 2535 408 2566 domum.
433 2533 610 2574 Perperam
632 2533 710 2563 hine
723 2532 886 2573 colligunt
905 2542 984 2562 non·
1007 2541 1010 2577 1
1031 2534 1163 2575 spiritus
1186 2532 1362 2573 sumpsisse
1384 2531 1526 2562 videtur.
1541 2528 1591 2560 Cf.
1606 2538 1656 2570 ep.
1668 2528 1708 2559 10
1721 2527 1778 2559 lib.
1793 2526 1894 2558 XIV.

125 2591 212 2623 nulli
234 2590 429 2630 interpretes
451 2587 506 2628 agi
521 2587 562 2618 de
577 2587 728 2618 mercede
745 2586 983 2617 conductionis.
1006 2582 1010 2616 Ι
1031 2587 1098 2619 Sed
1129 2587 1238 2628 potius
1267 2591 1377 2616 tamen
1410 2582 1606 2615 crediderim
1628 2580 1766 2612 indicari
1788 2579 1894 2611 homi-

124 2645 200 2676 Hoc
237 2642 345 2684 potius
375 2640 472 2672 dicit:
506 2640 603 2670 Nosti
634 2648 676 2671 ex
708 2649 772 2680 qua
802 2639 901 2670 domo
931 2639 984 2670 isti
1031 2651 1107 2672 nem
1138 2646 1254 2671 notum
1284 2649 1301 2671 e
1331 2637 1510 2674 comoedia,
1539 2635 1633 2667 cuius
1664 2633 1773 2665 verbis
1795 2633 1894 2664 modo

125 2699 208 2735 Sintg
231 2697 318 2728 nosti
341 2705 440 2737 quam
462 2694 547 2725 nihil
569 2694 701 2725 honesti
725 2694 984 2734 exspectandum
1006 2686 1009 2699 ι
1033 2706 1111 2728 usus
1143 2696 1195 2727 sit,
1238 2695 1334 2727 Certe
1357 2704 1424 2725 non
1448 2698 1497 2724 est
1519 2690 1733 2732 cogitandum
1753 2689 1794 2720 de
1816 2688 1894 2719 Tre-

125 2751 167 2783 sit
188 2751 229 2782 ab
250 2748 436 2781 istiusmodi
454 2746 654 2778 hominibus·
1032 2749 1120 2780 batio
1148 2749 1256 2784 Testa,
1289 2757 1387 2788 quem
1419 2746 1539 2777 Bosius
1562 2745 1716 2784 deceptus
1740 2745 1893 2782 corrupta

168 2803 295 2834 Habere
308 2802 360 2844 qui
375 2803 449 2832 utar
464 2800 642 2837 ozhabere,
657 2801 744 2831 unde
762 2800 850 2831 laute
862 2800 983 2831 vivam.
1032 2804 1191 2845 scriptura
1222 2803 1256 2834 in
1285 2812 1335 2843 ep,
1363 2801 1427 2833 IX,
1465 2801 1502 2831 15
1526 2801 1569 2831 A,
1592 2798 1692 2830 etiam
1724 2795 1894 2827 Scaevolae

125 2858 251 2894 Laetor,
283 2855 371 2896 quod
401 2864 420 2884 a
452 2853 579 2889 Lamb„
610 2852 663 2883 vel
687 2853 820 2891 qamleo,
858 2854 985 2894 quoda
1031 2867 1217 2899 cognomen
1241 2857 1382 2897 gessisse
1404 2855 1551 2897 putabat..

125 2909 293 2942 GrOHOViO
324 2907 463 2944 additur,
496 2906 537 2936 fid
572 2906 770 2937 seutentiam
802 2906 900 2946 Plane
931 2915 985 2937 ne·
1008 2918 1009 2937 l
1076 2911 1167 2953 Quod
1186 2911 1336 2942 debeatur
1358 2909 1544 2941 remissuros
1560 2918 1594 2939 οε
1610 2917 1677 2938 non
1690 2915 1760 2938 esse
1776 2915 1893 2937 usuros

125 2962 303 2994 cessarium
340 2965 398 2992 θεῖ·
435 2959 553 3000 Neque
589 2958 678 2989 enim
717 2958 832 2990 Cicero
860 2963 985 2999 poterat
1008 2998 1009 3003 ,
1031 2967 1214 2998 retentione
1247 2966 1321 3006 lege
1351 2964 1500 2996 Caesaris
1522 2962 1584 2994 sibi
1616 2970 1756 3002 quoque,
1778 2965 1816 2991 ut
1837 2969 1893 3000 pu-

126 3017 267 3049 scribere
289 3024 324 3046 se
345 3014 452 3045 docere
474 3013 546 3044 hoc.
1007 3013 1010 3064 j
1031 3025 1111 3057 tant,
1134 3028 1299 3050 concessa,

171 3069 276 3110 Qum
297 3068 340 3098 ‘la
362 3070 393 3098 ‘⁶'
414 3067 447 3097 m
470 3075 637 3096 'mmmmm
662 3072 722 3098 cet·
746 3066 786 3096 1¹1
809 3066 860 3097 his
876 3067 984 3098 verbis
1007 3065 1010 3114 l
1075 3074 1164 3106 Bono
1197 3073 1284 3104 modo
1314 3083 1347 3104 02
1382 3072 1518 3103 modice.
1553 3070 1591 3102 ο(
1626 3070 1729 3100 Acad.
1752 3068 1799 3099 11.
1824 3068 1892 3105 137,

127 3120 365 3154 conStimendis
403 3120 520 3151 ducem
562 3118 662 3149 habm
705 3118 984 3159 wesenberg-'ium
1008 3127 1009 3130 '
1030 3131 1087 3162 ubi
1109 3129 1254 3160 additur:
1279 3129 1410 3164 lantum,
1433 3127 1579 3167 quantum
1603 3122 1768 3160 videbitur,
1800 3127 1831 3154 et
1853 3123 1893 3153 ad

127 3175 268 3210 Emend.
292 3184 320 3215 p.
344 3174 393 3211 26,
417 3172 474 3214 qui
497 3177 529 3204 et
551 3172 696 3204 senarios
718 3183 737 3203 a
758 3172 933 3204 Tunstallo
954 3179 985 3204 et
1032 3183 1073 3223 Q¹
1098 3183 1135 3214 fr,
1159 3182 1206 3214 Π,
1230 3182 1257 3218 ὅ,
1281 3183 1307 3211 3

2034 1659 2055 1850 ...κώ-ἵ·
2035 1560 2051 1618 2⁴1?
2036 1508 2043 1520 ‘
