2062 3565
768 149 876 192 LIB.
913 150 1033 193 VIII.
1069 150 1152 192 ΕΡ.
1191 152 1229 191 1.
1268 154 1307 190 2.
1862 150 1883 187 5

117 286 372 330 concordiam
406 286 609 330 hortabar.
654 288 732 330 Eas
770 288 804 329 si
837 302 916 343 quo
950 287 1017 329 ille
1049 286 1174 338 misit,
1209 287 1251 328 111
1295 285 1458 342 publico
1509 292 1705 341 proponat
1754 285 1885 326 veliin.

118 361 276 403 Alteras
308 360 448 403 eodem
482 361 548 403 die
581 361 689 413 dedi,
723 376 804 416 quo
838 361 909 402 has
943 361 993 403 ad
1026 367 1080 403 te.
1136 360 1231 402 Non
1265 360 1381 416 potui
1420 374 1502 401 non
1534 358 1642 408 dare,
1688 374 1813 414 quum
1847 365 1887 400 et

115 435 201 490 ipse
233 434 285 477 ad
317 450 379 477 me
414 435 641 491 scripsisset
674 440 715 476 et
748 434 916 477 Balbus.
952 436 1101 477 Earum
1135 434 1362 490 exemplum
1396 433 1446 475 ad
1480 438 1519 475 te
1553 433 1659 474 misi.
1696 435 1733 474 2.
1767 431 1884 474 Nihil

117 507 287 550 arbitror
320 509 418 560 fore,
453 508 562 564 quod
595 508 872 564 reprehendas.
906 509 948 550 Si
982 524 1062 564 qua
1095 513 1227 560 erunt,
1262 508 1360 549 doce
1393 523 1470 558 me,
1506 522 1585 562 quo
1609 505 1727 547 modo
1751 506 1776 550 †
1800 521 1884 547 esse

116 582 290 637 effugere
323 582 489 638 possim.
524 581 655 632 Nihil,
690 582 863 637 inquies,
898 582 1063 624 omnino
1096 582 1317 638 scripseris.
1351 582 1434 634 Qui
1463 581 1590 637 magis
1613 581 1780 636 effugias
1803 596 1883 630 005,

116 656 186 710 qm·
218 655 355 698 volent
387 655 564 710 fingere?
619 654 904 696 Verumtamen
937 655 996 696 ita
1038 655 1197 706 faciam,
1244 654 1376 710 quoad
1419 654 1504 696 fieri
1549 653 1710 710 poterit.
1761 653 1884 704 Nam,

115 729 223 785 quod
256 744 320 771 me
353 728 526 771 hortaris
559 727 610 769 ad
644 728 875 769 memoriam
898 728 1110 779 factorum,
1134 728 1348 780 dictorum,
1372 728 1613 784 scriptorum
1634 727 1757 769 etiam
1780 742 1885 768 meo-

115 818 217 854 rum,
252 802 350 845 facis
384 802 511 845 amice
544 807 591 843 tu
624 801 787 856 quidem
819 802 1000 856 mihique
1033 803 1321 858 gratissimum,
1356 802 1425 844 sed
1458 801 1560 843 mihi
1593 800 1740 842 videris
1774 799 1884 842 aliud

114 883 159 918 tu
193 877 407 919 honestum
443 891 584 931 meque
619 875 787 930 dignum
821 877 864 918 in
898 877 972 917 hac
1006 891 1126 918 causa
1159 876 1337 918 iudicare
1387 881 1506 930 atque
1539 890 1612 930 ego
1646 874 1884 916 existimem.

116 950 221 992 Mihi
255 951 362 992 enim
395 949 499 991 nihil
532 949 615 990 ulla
647 949 690 990 in
722 953 842 1004 gente
875 964 1068 1003 unquam,
1103 948 1153 990 ab
1187 949 1270 990 ullo
1304 954 1465 991 auctore
1509 949 1566 990 rei
1610 947 1795 1004 publicae
1840 961 1885 988 ac

115 1024 217 1066 duce
249 1024 410 1080 turpius
443 1024 594 1065 factum
628 1038 713 1064 esse
747 1022 920 1074 videtur,
956 1038 1076 1078 quam
1109 1038 1131 1064 a
1164 1029 1301 1064 nostro
1335 1023 1463 1064 amico
1487 1023 1637 1064 factum
1661 1027 1735 1073 est,
1771 1022 1886 1063 cuius

115 1113 189 1153 ego
223 1098 350 1140 vicem
385 1097 514 1147 doleo,
562 1097 633 1151 qui
665 1095 808 1138 urbem
842 1096 1018 1152 reliquit,
1053 1096 1095 1137 id
1129 1102 1189 1138 est
1221 1096 1406 1152 patriam,
1440 1111 1512 1152 pro
1545 1111 1625 1151 qua
1658 1101 1698 1144 et
1729 1097 1772 1137 in
1806 1110 1886 1150 qua

116 1171 216 1213 mori
249 1171 495 1228 praeclarum
530 1170 620 1212 fuit.
679 1172 720 1211 3.
757 1170 949 1225 Ignorare
981 1169 1084 1211 mihi
1116 1169 1278 1220 videris,
1313 1168 1411 1210 haec
1445 1174 1597 1224 quanta
1641 1169 1694 1209 sit
1737 1168 1885 1211 clades.

117 1245 172 1286 Es
205 1244 313 1285 enim
345 1243 578 1284 etiamnunc
612 1241 721 1283 domi
754 1248 862 1293 tuae,
905 1242 974 1284 sed
1019 1242 1158 1284 invitis
1201 1241 1481 1298 perditissimis
1524 1241 1758 1283 hominibus
1801 1257 1886 1284 esse

117 1316 272 1358 diutius
304 1331 387 1358 non
421 1320 550 1373 potes,
587 1316 679 1357 Hoc
713 1315 912 1366 miserius,
946 1315 1023 1357 hoc
1055 1315 1215 1370 turpius
1248 1314 1496 1370 quidquam?
1530 1315 1736 1370 Vagamur
1769 1330 1887 1370 egen-

116 1394 176 1431 tes
209 1404 302 1431 cum
349 1387 591 1444 coniugibus
640 1394 681 1430 et
725 1387 876 1440 liberis,
929 1389 971 1431 in
1021 1388 1144 1430 unius
1185 1387 1361 1429 hominis
1405 1388 1621 1442 quotannis
1665 1387 1887 1443 periculose

116 1462 360 1518 aegrotantis
393 1462 528 1504 anima
561 1462 712 1518 positas
745 1477 885 1504 omnes
918 1468 1075 1504 nostras
1109 1477 1198 1518 spes
1230 1460 1441 1513 habemus,
1485 1476 1568 1503 non
1602 1460 1773 1518 expulsi,
1818 1461 1887 1503 sed

115 1535 269 1578 evocati
302 1550 351 1577 ex
382 1535 526 1591 patria,
561 1550 682 1591 quam
715 1550 798 1577 non
843 1536 1082 1578 servandam
1126 1535 1176 1577 ad
1218 1535 1392 1577 reditum
1434 1539 1631 1586 nostrum,
1677 1534 1747 1576 sed
1792 1534 1887 1576 diri-

115 1608 303 1664 piendam
337 1614 377 1650 et
408 1608 736 1651 inflammandam
772 1608 1024 1664 reliquimus.
1082 1610 1148 1651 Ita
1179 1608 1298 1650 multi
1331 1606 1543 1650 nobiscum
1578 1613 1687 1659 sunt,
1730 1622 1811 1649 non
1843 1608 1885 1650 in

116 1680 373 1732 suburbanis,
408 1696 489 1723 non
521 1682 566 1724 in
599 1681 740 1733 hortis,
776 1697 859 1724 non
893 1682 937 1724 in
970 1681 1236 1739 ipsa·(urbe)‚
1272 1686 1312 1723 et
1344 1682 1379 1723 si
1412 1696 1494 1723 non
1516 1687 1624 1733 sunt,
1648 1697 1731 1724 11011
1755 1688 1888 1725 erunt.

158 1874 178 1902 4
200 1882 259 1914 quo
281 1870 368 1902 modo
387 1873 403 1907 †
431 1881 450 1900 a
472 1880 506 1901 Se
527 1887 569 1893 -
591 1869 631 1901 20
654 1869 689 1900 in
710 1871 780 1910 ipsa
805 1870 896 1906 urbe;
921 1872 951 1900 et
973 1870 1001 1899 ,η’
1024 1880 1107 1902 nunc
1128 1874 1202 1902 sunt
1226 1890 1264 1895 —

117 2039 186 2070 cuit
206 2038 335 2070 Faerno
358 2044 390 2070 et
414 2038 575 2070 Martinio
609 2038 773 2079 Lagunae
803 2038 836 2068 in
870 2038 980 2069 adnot.
1002 2047 1004 2096 1.
1026 2040 1136 2081 peium
1161 2050 1188 2071 a.
1212 2040 1273 2072 704
1296 2041 1330 2072 in
1354 2050 1489 2081 gravem
1513 2040 1667 2071 morbum
1683 2039 1842 2071 incidisse
1856 2040 1889 2070 in

115 2091 157 2123 ad
178 2090 271 2122 Fam.
295 2091 322 2122 1.
346 2091 374 2129 1,
397 2091 427 2122 3.
1002 2097 1005 2135 ᾗ
1028 2093 1211 2136 Campania
1235 2100 1266 2126 et
1288 2095 1421 2136 publice
1443 2101 1514 2126 tum
1535 2094 1718 2135 municipia
1739 2101 1817 2125 vota
1831 2103 1890 2134 pro

156 2144 190 2175 Si
211 2154 269 2186 quo
290 2144 348 2175 ille
370 2144 464 2176 misil-
488 2144 596 2176 Immo
618 2144 646 2175 Si
668 2145 749 2186 quoi,
772 2144 801 2174 δι’
825 2144 887 2176 vui·
929 2144 981 2176 Gi·
1002 2139 1005 2174 1
1025 2149 1096 2180 eius
1119 2149 1224 2180 salute
1245 2148 1362 2180 fecisse
1384 2148 1480 2179 multi
1496 2152 1641 2185 narrant,
1657 2152 1694 2178 ut
1711 2146 1780 2179 Cic.
1796 2146 1889 2178 Tusc.

117 2209 192 2230 cero
214 2208 282 2230 non
311 2203 450 2237 recusat,
485 2199 666 2239 quominus
697 2207 735 2230 ea
764 2197 912 2239 epistola,
953 2198 982 2230 si
1003 2187 1005 2194 Α
1025 2202 1051 2234 Ι,
1077 2202 1128 2233 86,
1150 2202 1240 2234 Vell.
1263 2202 1310 2233 Π,
1333 2202 1384 2232 48.
1407 2201 1524 2233 Iuven.
1548 2199 1619 2232 Sat.
1642 2199 1688 2231 X.
1711 2201 1772 2231 283
1799 2209 1888 2241 seqq.

116 2261 193 2282 cum
226 2251 293 2282 alio
321 2251 566 2283 communicata
596 2251 648 2290 sit,
677 2251 902 2293 pei-vulgetur.
941 2251 981 2282 Id
1004 2266 1006 2289 ι
1026 2255 1076 2287 Eo
1110 2255 1243 2297 respicit
1275 2254 1392 2286 Cicero
1427 2254 1499 2286 Att.
1530 2253 1630 2285 VIII.
1661 2253 1710 2291 16,
1743 2254 1759 2283 1
1795 2258 1889 2290 extr„

116 2305 240 2337 factum
262 2314 332 2338 esse
356 2305 487 2336 nuntiat
509 2305 625 2338 Attico
647 2304 735 2337 infra
757 2305 785 2343 9,
810 2306 840 2336 1.
1003 2294 1006 2343 Ι
1026 2309 1090 2341 ΙΧ.
1114 2311 1131 2340 5
1157 2315 1242 2341 extr,

159 2360 178 2400 ξ
201 2360 230 2391 2.
256 2359 322 2401 Quo
343 2359 432 2390 modo
453 2361 471 2398 †
493 2369 561 2390 esse
582 2360 720 2401 effuqere
736 2359 866 2400 possim.
900 2358 981 2391 Sen-
1003 2366 1006 2418 Ι
1068 2363 1139 2395 Non
1162 2363 1286 2405 expulsi
1308 2373 1327 2394 a
1349 2362 1498 2400 Caesare,
1526 2362 1584 2393 sed
1605 2362 1728 2393 evocati
1750 2371 1766 2392 a
1791 2362 1889 2392 Poni-

117 2413 220 2445 tentia
243 2413 336 2444 salva
358 2418 416 2451 est,
452 2412 480 2444 si
502 2423 562 2454 pro
583 2422 651 2444 esse
673 2423 749 2444 cum
771 2413 912 2454 Malasp.
933 2421 980 2443 re-
1003 2422 1005 2435 ³
1025 2416 1109 2458 poio,
1135 2415 1220 2448 Cum
1242 2415 1404 2457 proximis
1425 2414 1488 2452 effi,
1525 2423 1609 2455 quae
1644 2413 1761 2446 Cicero
1792 2414 1889 2454 scrip-

116 2466 250 2507 ponitur
271 2475 319 2496 ea.
343 2464 411 2496 Sed
432 2474 500 2496 esse
523 2470 556 2497 et
577 2475 661 2496 corr.
682 2465 772 2497 Med.
803 2464 886 2496 enim
914 2474 981 2495 ma-
1027 2470 1068 2501 Sit
1089 2469 1188 2511 paulo
1211 2473 1287 2500 ante
1309 2469 1351 2500 ad
1372 2469 1543 2505 Tironem,
1562 2467 1655 2499 Fam,
1673 2467 1835 2501 XV1,12‚
1853 2468 1887 2498 1:

118 2519 169 2559 gis
193 2519 428 2550 commendant
449 2519 478 2550 I.
499 2518 539 2550 F.
563 2517 725 2550 Gronovii
758 2518 982 2559 suspicionem
1004 2559 1007 2567 ι
1025 2524 1129 2555 domos
1152 2525 1279 2555 nostras
1302 2525 1333 2553 et
1352 2522 1492 2563 patriam
1518 2522 1619 2563 ipsam
1653 2522 1703 2552 vel
1736 2521 1888 2562 diripient-

117 2581 186 2604 esse
207 2572 288 2604 haee
317 2572 458 2613 vestigia
490 2571 645 2603 vocabuli
674 2571 804 2610 Graeci,
835 2572 979 2603 scriben-
1004 2575 1007 2581 ”
1026 2577 1098 2609 dam
1121 2577 1171 2608 vel
1191 2576 1446 2618 inflammandam
1469 2575 1660 2618 reliquimus.

117 2626 279 2666 dumque:
321 2635 379 2666 quo
415 2624 503 2656 modo
529 2621 654 2670 μέμψιν
687 2625 824 2667 qffuyere
853 2623 978 2665 p088im·
1004 2656 1007 2684 Ι
1069 2629 1123 2660 Ita
1145 2629 1236 2660 multi
1259 2629 1412 2660 nobiscum
1437 2647 1477 2652 —-—
1499 2630 1603 2659 erunt.
1626 2628 1738 2660 Verba
1755 2628 1840 2665 dedi,
1855 2632 1889 2658 ut

118 2681 169 2714 Cf.
191 2680 294 2712 XIII.
318 2681 368 2719 49,
393 2681 422 2712 1.
1004 2684 1063 2714 *in
1096 2683 1185 2715 Med.
1216 2682 1360 2714 inveniri
1388 2682 1553 2719 dicuntur,
1585 2681 1641 2712 sed
1672 2681 1824 2712 victorio
1859 2686 1891 2711 et

159 2735 206 2766 Ab
227 2735 293 2766 uuo
315 2737 444 2766 auctore
465 2737 513 2767 rei
528 2736 604 2777 pub.
626 2746 662 2768 o:
703 2736 744 2767 ab
777 2736 857 2773 ullo,
886 2736 981 2767 cuius
1004 2725 1005 2731 ἵ
1028 2740 1167 2771 Ernesto
1190 2739 1350 2770 assentior
1371 2748 1410 2770 ea
1432 2743 1500 2770 tam
1523 2737 1662 2769 obscura
1683 2745 1762 2774 esse,
1783 2742 1819 2767 ut
1834 2737 1889 2767 du-

117 2789 256 2821 consilio
285 2789 429 2830 plurima
458 2789 493 2820 in
521 2799 592 2831 rep.
627 2794 797 2830 geruntur.
828 2790 870 2820 In
899 2793 979 2820 orat.
1029 2792 1126 2823 bitari
1149 2801 1216 2822 non
1240 2791 1342 2832 possit
1363 2791 1444 2832 quin
1468 2795 1621 2831 corrupta
1654 2790 1730 2821 sint.
1763 2788 1889 2820 Partim

117 2851 148 2882 p.
169 2841 278 2872 Flacc.
303 2841 343 2872 36
376 2841 591 2883 Asclepiades
623 2841 847 2873 Acmonensis
870 2841 979 2882 appel·
1004 2866 1005 2871 ,
1026 2844 1046 2875 I
1079 2843 1118 2875 F.
1141 2843 1349 2876 Gronovium
1382 2849 1510 2875 secutus
1543 2844 1589 2874 sic
1619 2843 1775 2874 emendo:
1812 2856 1825 2867 n
1839 2842 1890 2872 Ita

119 2895 203 2925 latur
224 2904 282 2935 per
303 2894 413 2925 iocum
434 2895 622 2934 praeclarus
644 2897 754 2926 auctor
776 2905 854 2926 suae
871 2894 979 2925 civita-
1003 2879 1006 2907 Ι
1029 2898 1126 2928 multi
1148 2898 1324 2928 nobiscum
1347 2902 1434 2934 sunt,
1459 2899 1495 2927 ut
1518 2907 1602 2927 nunc
1624 2896 1658 2927 in
1682 2894 1889 2932 suburbanis,

119 2946 160 2976 lis
182 2951 214 2978 et
236 2947 270 2977 in
301 2946 385 2978 Sest.
416 2947 476 2978 139
512 2956 529 2978 e
561 2946 720 2979 Gulielmi
749 2947 980 2978 emendatione
1004 2936 1005 2960 ἢ
1029 2960 1112 2980 nunc
1133 2950 1167 2981 in
1190 2950 1303 2987 hortis,
1326 2960 1409 2981 nunc
1431 2950 1466 2981 in
1490 2950 1561 2990 ipsa
1583 2948 1657 2979 urbe
1677 2948 1751 2985 sint,
1787 2952 1818 2978 et
1838 2946 1892 2988 qui

121 3000 295 3030 laudantur
316 3001 461 3030 auclore-5
476 2998 569 3029 huius
585 2999 726 3030 civitatis
739 3002 833 3041 atque
847 2999 980 3040 imperii.
1004 2988 1007 3052 ξ
1029 3013 1112 3034 mmo
1140 3009 1217 3035 sunt
1250 3004 1460 3045 (nobiscum),
1494 3013 1562 3034 non
1596 3003 1727 3034 emnt.'’'
1759 3000 1891 3040 Quibus

160 3052 203 3084 Id
223 3055 270 3083 2⁸3
281 3053 435 3093 pluria-⁷²²·
471 3051 603 3086 Omissa
625 3063 723 3085 nemo
747 3055 958 3085 desideraret.
1006 3054 1007 3058 ’
1031 3057 1139 3088 verbis
1163 3057 1312 3097 queritur
1335 3057 1473 3098 scriptor
1494 3056 1616 3087 multos
1639 3064 1723 3092 esse,
1745 3054 1802 3095 qui
1818 3063 1891 3084 cau-

163 3107 181 3146 §
208 3107 237 3136 3.
263 3104 439 3146 Quotannis
454 3106 631 3147 periculose
657 3107 864 3148 aeqrotantis.
908 3107 982 3138 Hoc
1032 3120 1102 3141 sam
1126 3110 1276 3151 Pompeii
1299 3121 1365 3141 non
1389 3111 1468 3142 satis
1487 3115 1618 3141 strenue
1642 3107 1891 3148 amplectantur,

123 3160 188 3191 alio
211 3165 291 3192 teste
313 3161 506 3192 confirmare
530 3172 597 3193 non
621 3171 762 3202 possum.
797 3160 863 3194 Sed
886 3161 982 3193 Pom·
1033 3164 1090 3196 sed
1118 3164 1232 3195 crebro
1263 3163 1407 3195 revisant
1443 3163 1572 3194 relicta:
1622 3172 1675 3192 eos
1706 3171 1801 3202 porro
1836 3161 1892 3202 qui

1907 952 1941 979 10

1909 1327 1941 1353 15

1909 1690 1944 1716 20
