2062 3565
248 170 302 206 60

644 167 728 208 ΕΡ.
763 166 838 207 AD
872 167 917 206 T.
953 163 1303 206 POMPONIL‘M
1338 164 1599 205 ATTICUM.

247 302 357 343 Haec
401 316 501 342 nova
547 301 598 341 sit
642 300 743 341 ratio
777 298 978 349 vincendi,
1013 304 1059 339 ut
1092 297 1366 339 misericordia
1398 302 1438 339 et
1469 296 1711 340 liberalitate
1743 314 1817 340 nos
1850 301 2006 342 munia·
2060 317 2062 319 ¹

244 390 347 415 mus.
388 374 437 415 Id
483 371 817 427 quemadmodum
859 371 942 412 fieri
994 371 1132 426 possit,

1177 370 1374 412 nonnulla
1415 370 1517 412 mihi
1550 371 1593 412 in
1627 376 1800 413 mentem
1836 373 2005 414 veniunt
2060 376 2062 422 ζ

244 451 284 487 et
316 446 442 486 multa
486 444 650 500 reperiri
682 448 866 500 possunt.
911 444 971 485 De
1001 443 1065 484 his
1099 443 1218 484 rebus
1250 458 1347 498 rogo
1380 459 1449 485 vos
1481 449 1530 486 ut
1562 445 1845 500 cogitationem
1881 447 2004 488 susci-

245 519 377 574 piatis.
437 521 476 559 2.

529 518 583 558 N.
628 515 826 570 Magium,
868 516 1049 571 Pompeii
1094 515 1353 572 praefectum,
1399 516 1660 572 deprehendi.
1715 517 1877 559 Scilicet
1919 533 2007 560 meo
2060 577 2062 579 ι

207 610 221 634 5
245 591 433 633 instituto
466 605 562 632 usus
597 604 684 630 sum
718 594 758 630 et
791 604 883 630 eum
917 589 1053 630 statim
1086 589 1253 630 missum
1286 589 1376 630 feci.
1413 590 1498 631 [am
1531 589 1611 630 duo
1634 590 1825 645 praefecti
1847 589 2007 633 fabrum

245 663 427 719 Pompeii
465 663 508 704 in
550 677 677 704 meam
722 666 958 717 potestatem
1000 667 1197 704 venerunt
1238 667 1277 703 et
1317 677 1339 703 a
1380 678 1441 704 me
1485 663 1596 704 missi
1637 668 1746 704 sunt.
1797 664 1839 705 Si
1873 664 2008 706 volent

245 737 349 791 grati
382 751 480 787 esse,
514 734 721 776 debebunt
754 736 992 791 Pompeium
1025 735 1190 786 hortari,
1225 741 1271 777 ut
1304 736 1417 778 malit
1449 736 1550 778 mihi
1587 752 1671 778 esse
1705 737 1857 779 amicus
1890 752 2008 792 quam

245 810 308 859 iis,
359 810 429 864 qui
468 815 508 850 et
550 809 609 858 illi
654 814 694 849 et
736 808 837 850 mihi
878 824 1032 864 semper
1082 810 1245 850 fuerunt
1285 809 1568 861 inimicissimi,
1619 824 1788 864 quorum
1830 810 2008 853 artificiis

247 884 430 924 effectum
464 887 537 932 est,
571 885 618 922 ut
651 895 712 921 res
746 880 908 936 publica
939 881 982 923 in
1016 880 1125 923 hunc

1159 885 1309 923 statum
1342 882 1584 937 perveniret.

289 1046 306 1085 ξ
329 1047 357 1078 2.
380 1046 422 1078 Ν.
450 1046 596 1088 Jlaqz'um.
619 1047 659 1077 cf.
683 1046 768 1078 infra
794 1047 841 1084 13,
864 1048 882 1076 8
902 1053 935 1077 et
954 1046 992 1077 13
1005 1046 1058 1083 A.,
1076 1047 1102 1076 l.
1125 1048 1127 1052 '
1150 1045 1256 1085 (Plut.
1280 1045 1395 1086 Pomp.
1419 1047 1473 1087 63)
1497 1047 1530 1077 in
1555 1046 1758 1088 frequentius
1783 1048 1836 1078 Cn.
1859 1049 1952 1080 abiit.
1967 1066 2008 1071 —-

252 1100 355 1141 Apud
369 1099 462 1131 Caes.
486 1100 524 1131 B.
549 1098 585 1130 C.
612 1100 638 1130 Ι.
662 1100 712 1137 24,
735 1099 792 1130 ubi
814 1099 875 1129 hoc
899 1098 986 1130 idem
996 1108 1104 1129 narra·
1150 1099 1306 1131 Alterum
1329 1100 1528 1141 praefectum
1553 1100 1681 1132 fabrum
1705 1100 1806 1133 fuisse
1827 1102 1868 1133 L.
1891 1102 2009 1133 Vibul-
2043 1112 2046 1113 ⁷

248 1159 300 1183 t-ur
322 1152 517 1194 additurque
534 1152 686 1192 Magium
701 1162 766 1182 cum
780 1151 939 1182 mandalis
952 1152 992 1182 ad
1008 1151 1104 1181 Pom·
1151 1153 1233 1184 lium
1268 1153 1392 1185 Rufum
1424 1154 1577 1185 novimus
1608 1164 1625 1186 e
1664 1154 1812 1186 Caesaris
1839 1155 2009 1194 relatione,

247 1206 357 1247 peium
387 1215 458 1238 esse
486 1206 670 1244 remissum,
708 1215 907 1247 praenomen
939 1204 1106 1236 Numerius
1152 1206 1191 1237 B.
1217 1205 1253 1237 C.
1277 1206 1342 1237 III.
1366 1206 1415 1244 10,
1438 1206 1513 1237 coll.
1537 1207 1563 1238 1.
1587 1207 1638 1238 23.

850 1311 973 1353 Vm.
1039 1313 1104 1365 (A.

1146 1313 1191 1354 U.
1226 1310 1268 1353 C.
1307 1313 1424 1367 705.)

316 1431 353 1469 1.
405 1427 679 1469 Coenantibus
729 1427 855 1483 pridie
901 1427 999 1468 Idus
1045 1426 1174 1477 nobis,
1226 1442 1270 1468 ac
1315 1432 1438 1468 noctu
1483 1428 1659 1482 quidem,
1706 1429 1858 1470 Statius
1902 1444 1925 1469 a
1970 1434 2009 1470 te

248 1500 457 1555 epistolam
503 1500 661 1541 brevem
705 1501 857 1542 attulit.
907 1500 966 1541 De
1000 1501 1047 1541 L.
1082 1501 1284 1555 Torquato
1319 1500 1425 1555 quod
1457 1502 1628 1555 quaeris,
1663 1517 1745 1543 11011
1778 1501 1896 1542 1110ᾱο
1929 1502 2009 1543 Lu-

248 1574 348 1625 cius,
383 1574 452 1615 sed
486 1575 606 1616 etiam
641 1575 771 1616 Aulus
804 1573 1006 1630 profectus
1040 1579 1100 1615 est
1110 1593 1120 1625 ,-

1158 1574 1256 1616 alter
1290 1575 1437 1616 multos
1473 1575 1602 1629 (dies).
1652 1575 1712 1617 De
1747 1575 2009 1617 Reatinorum

210 1667 223 1690 5
248 1663 393 1690 corona
427 1648 532 1703 quod
565 1647 720 1699 scribis,
755 1648 919 1689 moleste
954 1648 1035 1688 fero
1068 1648 1111 1688 in
1145 1662 1239 1701 agro
1273 1647 1422 1689 Sabino
1456 1653 1672 1690 sementem
1705 1648 1790 1690 fieri
1813 1648 2009 1704 proscrip-

247 1721 382 1763 tionis.
435 1723 644 1763 Senatores
695 1721 842 1762 multos
889 1735 972 1762 esse
1019 1721 1166 1761 Romae
1210 1735 1282 1761 nos
1327 1735 1484 1775 quoque
1525 1720 1794 1762 audieramus
1849 1721 2008 1776 Ecquid

249 1800 361 1850 potes
405 1795 549 1845 dicere,
592 1810 662 1836 0111·
708 1795 904 1836 exierint?
951 1797 991 1834 2.
1038 1794 1086 1835 In
1131 1794 1194 1834 his
1227 1794 1325 1835 locis
1359 1793 1493 1849 opinio
1527 1800 1588 1835 est
1620 1794 1850 1836 coniectura
1883 1796 2010 1851 magis

191 2033 224 2058 10

249 1884 368 1923 quam
400 1869 544 1910 nuntio
579 1873 648 1910 aut
680 1868 821 1918 literis,
856 1868 1064 1909 Caesarem
1103 1868 1269 1914 Formiis
1303 1883 1338 1909 a.
1374 1867 1414 1908 d.
1450 1881 1511 1908 XI.
1548 1867 1639 1909 Kal.
1675 1870 1773 1923 Apr.
1796 1867 1893 1909 fore.
1929 1868 2009 1909 Hic

247 1957 319 1997 ego
362 1941 502 1984 vellem
546 1940 691 1982 habere
737 1940 905 1982 Homeri
947 1940 1057 1982 illam
1102 1941 1328 1982 Minervam
1363 1941 1589 1982 simulatam
1624 1940 1815 1992 Mentori,
1850 1941 1917 1983 cui
1950 1941 2008 1982 di-

245 2031 395 2058 cerem:

326 2095 546 2154 Μέντορ,
580 2096 684 2145 πῶς
721 2092 758 2136 τ>
795 2091 859 2153 ἀρ
894 2095 970 2149 ico,
1006 2095 1110 2145 πῶς

1146 2092 1184 2135 τ’
1219 2090 1283 2152 ἀρ
1316 2091 1688 2152 προςιττύξομαι
1726 2092 1885 2140 αὐτόν
1899 2113 1919 2149 ,·

244 2176 409 2218 Nullam
451 2191 532 2216 rem
576 2189 753 2229 unquam
799 2174 1062 2215 difficiliorem
1114 2174 1300 2228 cogitavi.
1352 2173 1429 2215 Sed
1475 2174 1607 2228 cogito
1637 2180 1786 2225 tamen,
1820 2190 1893 2217 nec
1926 2192 2006 2227 ere,

242 2250 287 2289 111-
320 2248 361 2289 111
396 2247 524 2297 malis,
559 2248 793 2302 imparatus.
838 2246 915 2288 Sed
949 2261 1043 2287 cura
1077 2251 1123 2287 ut

243 2321 379 2362 fuisse.

283 2475 301 2514 ξ
336 2475 363 2504 1.
395 2473 444 2504 De
472 2473 507 2504 L.
540 2472 703 2515 Torquato.
736 2473 846 2504 Huius
869 2474 994 2505 mentio
1017 2475 1123 2505 facta'*

240 2537 337 2568 supra
361 2527 442 2557 VII.
466 2526 514 2564 12,
537 2527 558 2556 4
580 2531 613 2557 et
634 2527 683 2562 23,
708 2527 736 2556 1.
763 2526 837 2557 Hoc
860 2537 948 2557 anno
970 2532 1101 2568 praetor
1120 2549 1123 2560 2

240 2587 316 2620 erat,
351 2581 445 2614 Caes.
483 2582 521 2613 B.
556 2580 591 2613 C.
629 2582 656 2612 Ι.
685 2582 737 2612 24.
771 2581 932 2623 Sequenti
964 2581 1099 2615 Oricum
1120 2566 1123 2605 1

240 2636 372 2667 Caesari
393 2635 519 2667 dedidit
541 2635 620 2666 ibid.
643 2635 707 2666 111.
732 2635 781 2666 11.
798 2636 841 2666 Α.
855 2635 915 2668 708
933 2636 966 2667 in
982 2635 1099 2668 Africa

241 2690 346 2731 periit.
365 2689 494 2720 Hirtius
516 2689 556 2720 de
579 2689 618 2720 Β.
642 2688 747 2719 Afric.
762 2699 789 2720 c.
803 2689 854 2720 96.
873 2708 914 2712 —
927 2690 1040 2720 Aulam
1055 2690 1097 2728 T„

240 2744 336 2775 Lucii
382 2743 517 2774 fratrem
557 2743 750 2783 patruelem,
789 2743 893 2774 Attici
929 2749 961 2775 et
1002 2753 1098 2775 sumn

239 2797 381 2827 amicum
418 2795 562 2827 Athenis
601 2795 810 2827 exsulantem
840 2796 972 2828 Tullius
994 2796 1098 2829 literis

238 2849 427 2880 consolatus
455 2854 514 2885 est,
548 2858 576 2878 a.
609 2847 679 2885 709,
715 2858 796 2889 quae
826 2849 984 2890 leguntur
1012 2851 1099 2882 inter

239 2912 292 2933 eas
315 2903 355 2933 ad
376 2901 469 2932 Fam.
493 2901 555 2932 VI.
579 2901 670 2932 1—4.
694 2902 758 2933 vid.
782 2903 823 2934 de
846 2912 884 2934 eo
907 2904 1098 2945 Madvigius

239 2957 279 2986 ad
302 2956 339 2986 ΙΙ
362 2956 402 2986 de
423 2955 535 2986 Finib.
558 2954 606 2987 72.

281 3008 372 3039 Alter
400 3007 521 3040 multos.
551 3007 604 3038 Ex
626 3008 814 3039 coniectura
837 3009 934 3048 (dies)
957 3011 1098 3041 additur.

239 3060 306 3092 Sed
328 3070 431 3102 quum
453 3060 614 3092 incertum
638 3060 688 3098 sit,
714 3066 786 3092 nter
808 3062 849 3092 sit
871 3061 964 3099 alter,
994 3062 1034 3093 L.
1057 3072 1098 3093 an

239 3116 293 3152 A.,
316 3114 429 3146 malim
457 3124 530 3145 cum
561 3113 716 3145 Schutzio
746 3114 856 3156 legere
884 3117 959 3146 {crde
989 3116 1100 3147 multos
1121 3105 1124 3157 1

243 3166 319 3197 dies.

1148 3169 1233 3201 Aen.
1256 3169 1283 3200 1.
1309 3179 1339 3210 p.
1365 3169 1433 3199 188.

1155 2246 1299 2287 valeas.
1347 2246 1451 2287 Puto
1487 2246 1593 2287 enim
1629 2246 1734 2288 diem
1769 2252 1886 2289 tuum
1919 2248 2005 2290 11011

1189 2474 1236 2504 De
1260 2474 1462 2506 Reatinorum
1487 2485 1600 2506 corona.
1624 2480 1675 2506 eet
1703 2475 1907 2515 Accipienda
1928 2475 2007 2506 hacc

1147 2528 1187 2558 de
1222 2527 1413 2559 venditione
1444 2527 1682 2558 nonnullorum
1718 2527 1923 2568 captivorum
1946 2528 2008 2559 sub

1146 2591 1276 2619 corona,
1307 2590 1390 2622 quae
1421 2591 1438 2611 a
1465 2580 1669 2612 Caesarianis
1692 2581 1793 2612 Reate
1815 2580 1902 2612 facta
1922 2581 2008 2613 dice·

1148 2635 1251 2665 batur.
1285 2634 1376 2665 Male
1406 2633 1464 2665 alii
1496 2633 1643 2674 cogitant
1674 2633 1714 2665 de
1743 2633 1948 2665 sermonibus
1972 2634 2006 2665 in

1143 2686 1359 2718 Reatinorum
1382 2686 1515 2717 circulis
1538 2686 1676 2718 iactatis.
1699 2685 1803 2725 Quasi
1824 2695 1903 2717 vero
1923 2686 2005 2717 mul-

1144 2746 1212 2772 tum
1237 2741 1452 2772 tribuendum
1475 2745 1558 2771 esset
1580 2740 1647 2771 illis
1670 2739 1898 2771 sermonibus!

1184 2792 1436 2833 Semenlemfieri
1445 2791 1687 2833 proscriptionis
1702 2801 1737 2822 0:
1758 2791 2004 2833 proscriptionis

1142 2846 1273 2878 initium
1302 2847 1383 2878 fieri.
1424 2847 1473 2877 Ita
1502 2846 1640 2878 Plautus
1672 2846 1707 2876 in
1742 2845 1880 2886 Epidico
1909 2845 1952 2882 V,
1987 2847 2007 2877 2

1143 2898 1271 2940 scripsit
1299 2898 1375 2929 mali
1404 2908 1527 2929 messem
1557 2901 1671 2929 metere
1694 2897 1860 2928 maximam
1882 2902 1915 2929 et
1937 2897 2005 2929 Cic.

1143 2952 1186 2983 N.
1208 2952 1250 2983 D.
1272 2953 1318 2989 II,
1343 2952 1380 2984 75
1404 2953 1489 2983 lianc
1508 2963 1527 2983 α.
1551 2952 1622 2982 Diis
1644 2951 1838 2982 arbitramur
1854 2951 2003 2982 malorum

1143 3010 1305 3040 sementem
1329 3018 1396 3040 esse
1409 3009 1548 3050 factam.

1187 3062 1206 3102 ξ
1229 3062 1257 3093 2.
1280 3060 1463 3092 Simulatam
1488 3072 1520 3093 o:
1548 3061 1691 3093 similem
1706 3061 1835 3092 factam.
1865 3060 1951 3091 Vide
1964 3061 2004 3090 de

1144 3115 1206 3146 hoc
1216 3115 1316 3146 verbo
1329 3115 1553 3155 disputantem
1566 3114 1835 3155 Peerlkampium
1848 3113 1888 3144 ad
1901 3113 2004 3153 Verg.
