2062 3565
216 166 301 206 118
611 164 697 205 ΕΡ.
731 163 807 204 AD
841 162 887 203 T.
922 158 1273 202 POMPONl‘UM
1306 157 1570 200 ATTICUM.

214 314 324 355 spem
373 298 533 353 poteris,
582 311 632 337 ne
674 295 886 336 dimiseris.
931 294 993 334 Tu
1041 291 1212 333 Antonii
1243 291 1378 332 leones
1411 291 1668 346 pertimescas
1700 307 1809 334 cave.
1858 293 1977 335 Nihjl

213 379 274 415 est
306 373 375 414 illo
408 371 570 413 homine
602 367 836 411 iucundius.
870 365 1048 408 Attende
1081 364 1266 423 πρᾶξιν
1298 359 1570 407 πολιτικοῦ.
1625 365 1820 407 Evocavit
1851 365 1977 408 literis

211 463 232 488 e
248 444 482 500 municipiis
501 443 638 484 decem
655 441 806 497 pn’mos
839 444 880 481 et
903 437 1197 495 quatuorviros.
1232 437 1444 478 Venerunt
1476 436 1527 478 ad
1560 436 1695 478 villam
1728 438 1814 479 eius
1847 452 1976 480 mane.

210 518 390 560 Primum
423 515 588 557 dormiit
620 514 671 555 ad
705 514 761 555 H.
795 526 866 555 111.
914 510 1086 562 Deinde,
1121 525 1246 565 quum
1278 515 1383 551 esset
1414 510 1648 552 nuntiatum
1681 512 1836 553 venisse
1870 512 1977 554 Nea-

175 605 190 630 5
208 591 408 647 politanos
442 594 482 630 et
514 588 731 638 Cumanos,
767 612 825 616 —
858 586 922 627 his
956 585 1063 627 enim
1104 589 1164 626 est
1197 584 1342 626 Caesar
1373 584 1500 626 iratus
1535 610 1593 615 —
1626 586 1819 641 postridie
1851 586 1980 629 redire

207 664 347 706 iussit:
382 662 507 704 lavari
539 676 580 702 se
613 659 713 701 velle
747 663 788 700 et
820 655 926 717 περὶ
960 653 1309 702 κοιλιολυσίαν
1340 657 1596 716 γίνεσθαι.
1635 658 1726 700 Ηο0
1759 659 1853 701 here
1887 661 1979 702 effe-

208 738 276 778 cit.
312 735 445 778 Hodie
479 740 612 776 autem
645 734 689 775 in
722 732 939 774 Aenariam
971 731 1141 773 transire
1175 731 1400 773 constituit.
1452 732 1653 774 Exuiibus
1685 732 1860 774 reditum
1893 733 1978 789 pol-

207 810 363 852 licetur.
409 808 488 850 Sed
532 807 630 848 haec
674 806 921 856 omittamus,
968 804 1017 846 de
1062 803 1178 846 nobis
1223 804 1377 859 ahquid
1418 820 1597 860 agamus.
1643 809 1682 847 2.
1716 808 1754 847 A
1787 806 1839 858 Q.
1873 807 1978 848 Axio

209 883 342 938 accepi
390 882 540 923 literas.
590 881 651 922 De
695 880 854 930 Tirone,
899 884 1073 934 gratum.
1118 877 1355 919 Vettienum
1400 877 1539 934 dih‘go.
1588 879 1773 921 Vestorio
1805 879 1979 922 reddidi.

155 974 189 999 10
209 955 370 998 Servius
413 954 542 1010 pridie
587 954 728 995 Nonas
773 951 905 993 Maias
939 950 1164 992 Minturnis
1197 950 1389 992 mansisse
1424 950 1587 1002 dicitur,
1623 952 1742 994 hodie
1774 953 1817 994 in
1849 952 1980 994 Liter-

207 1028 305 1069 nino
338 1042 550 1068 mansurus
584 1026 690 1082 apud
724 1025 770 1067 C.
806 1024 1058 1066 Marcellum.
1092 1024 1190 1065 Cras
1221 1025 1347 1079 igitur
1380 1040 1453 1066 nos
1486 1030 1641 1067 mature
1674 1025 1829 1068 videbit
1862 1025 1979 1068 mihi-

209 1115 284 1155 que
318 1099 432 1141 dabit
465 1104 748 1155 argumentum
781 1098 832 1142 ad
865 1102 904 1138 te
938 1097 1144 1153 epistolae.
1185 1097 1273 1138 Iam
1307 1097 1414 1139 enim
1447 1113 1528 1140 non
1561 1099 1728 1154 reperio,
1764 1099 1870 1153 quod
1901 1098 1980 1141 tibi

209 1173 393 1215 scribam.
428 1173 536 1214 fflud
572 1172 759 1223 admiror,
796 1171 903 1227 quod
940 1170 1143 1213 Antonius
1177 1170 1227 1212 ad
1262 1186 1322 1212 me
1357 1187 1407 1213 ne
1440 1173 1632 1214 nuntium
1656 1172 1835 1228 quidem,
1855 1188 1979 1227 quum

209 1247 442 1302 praesertim
474 1262 536 1288 me
571 1245 685 1287 valde
720 1244 954 1286 observarit.
990 1243 1190 1285 Videlicet
1222 1249 1293 1286 aut
1326 1245 1478 1299 aliquid
1521 1245 1696 1287 atrocius
1729 1244 1778 1287 de
1812 1260 1875 1288 me
1907 1247 1980 1288 im-

157 1337 189 1363 15
209 1326 391 1377 peratum
426 1324 500 1369 est,
537 1321 635 1373 (aut)
671 1333 803 1359 coram
848 1331 993 1372 negare
1026 1316 1126 1358 mihi
1159 1333 1241 1359 11011
1276 1317 1376 1373 vult,
1412 1317 1519 1373 quod
1555 1333 1628 1373 ego
1662 1333 1736 1360 nec
1770 1325 1981 1375 rogaturus

252 1500 270 1529 8
293 1498 339 1529 Ab
361 1497 444 1529 Ario
467 1514 508 1520 -—-
531 1496 571 1527 12
594 1506 654 1526 non
677 1494 809 1535 reperio,
832 1494 910 1536 quid
933 1513 972 1518 —
995 1495 1036 1525 14
1058 1497 1105 1526 est
1127 1513 1169 1518 —
1193 1505 1298 1526 coram
1320 1505 1438 1535 neqare
1462 1512 1500 1519 —-

210 1681 275 1702 cum
299 1671 416 1712 afferre
438 1670 503 1701 dici
533 1679 600 1700 non
631 1669 724 1700 solet.
762 1667 871 1699 Secum
909 1667 1074 1707 corrigen-

210 1726 299 1761 dum,
323 1729 353 1755 et
376 1733 435 1764 pro
458 1733 496 1754 eo
518 1722 677 1762 speculam
701 1721 882 1762 legendum
906 1725 994 1761 puto.
1033 1719 1074 1751 cf.
1121 1713 1272 1753 OCCUPal‘i
1306 1714 1339 1744 5¹1
1363 1712 1439 1744 ⁸1V0
1462 1714 1632 1746 solvenda·

210 1778 303 1809 Fam.
327 1778 364 1808 11
398 1777 445 1814 16,
471 1778 487 1807 5
511 1776 543 1807 in
568 1775 702 1807 miseriis
728 1775 789 1805 hac
811 1776 923 1805 tamem
939 1773 1075 1805 delecta-
1163 1765 1261 1798 Here·
1293 1768 1406 1806 Quum
1435 1768 1468 1799 in
1492 1768 1554 1799 110⁰
1577 1769 1749 1807 vocabulo,
1774 1774 1856 1801 teste
1879 1768 1984 1808 031ίῦ-

213 1832 269 1862 bar
290 1830 430 1871 specula.
456 1829 551 1868 Quae
573 1834 758 1870 sequuntur
779 1827 807 1858 si
833 1826 909 1868 quid
929 1826 974 1857 ad
993 1837 1074 1867 spem
1121 1822 1256 1853 ctiliano
1280 1823 1306 1853 I.
1331 1825 1359 1860 4,
1383 1823 1402 1854 9
1424 1833 1525 1855 sonus
1548 1833 1655 1865 neque
1678 1834 1693 1854 e
1721 1824 1819 1865 plane
1842 1834 1950 1866 neque
1969 1825 1980 1855 i

1163 1664 1244 1711 Περὶ
1284 1663 1517 1700 κοιλιολυσίαν
1568 1664 1731 1713 γίνεσθαι
1778 1668 1831 1699 vel
1875 1662 1984 1713 ἔχειν,

208 1884 330 1926 poteris
351 1884 413 1914 hoc
436 1894 502 1914 non
527 1883 718 1914 excludunt.
741 1881 874 1912 Literae
896 1889 992 1922 saepe
1009 1880 1075 1912 exi·

215 1950 315 1980 guam
337 1949 428 1980 spem
452 1937 686 1972 ostendebaut;
712 1935 829 1966 Cicero
852 1935 926 1975 plus
948 1940 1053 1975 rogat.

259 1994 303 2024 Tu
326 1992 458 2024 Antonii
479 1992 584 2022 leones
599 1990 807 2031 pertimescas
830 1999 916 2020 cave.
956 1989 1072 2030 Expli-

214 2053 289 2078 cant
312 2047 417 2087 vulgo
441 2055 484 2076 ex
505 2054 553 2082 eo,
575 2044 664 2084 quod
686 2042 818 2074 Plinius
839 2041 884 2073 H.
906 2041 949 2073 N.
973 2041 1075 2072 VIII.

216 2103 253 2131 55
288 2105 320 2132 et
355 2100 445 2131 Plut.
483 2098 518 2128 in
554 2098 637 2128 Ant.
670 2097 688 2127 9
718 2095 909 2127 Antonium
941 2100 1075 2126 narrant

214 2161 346 2188 vectum
383 2163 453 2185 esse
475 2163 572 2184 curru
595 2151 748 2183 leonibus
779 2151 904 2181 iuncto.
949 2149 1016 2181 Sed
1038 2150 1075 2180 il-

216 2209 273 2240 lud
293 2208 416 2239 factum
448 2206 567 2237 diserte
589 2203 730 2235 refertur
752 2203 793 2234 ad
810 2209 949 2243 tempus,
972 2212 1076 2243 quum

1124 1875 1299 1913 audiretur,
1322 1881 1460 1917 utraque
1482 1876 1586 1907 forma
1612 1884 1739 1909 veteres
1761 1878 1811 1908 usi
1834 1882 1925 1915 sunt,
1949 1884 1986 1910 ut

1123 1929 1158 1960 in
1181 1939 1306 1969 vespere
1328 1935 1360 1962 et
1383 1930 1512 1971 vesperi,
1535 1933 1669 1971 tempore
1681 1937 1713 1963 et
1725 1931 1868 1972 tempori.
1883 1932 1986 1972 Apud

1124 1981 1318 2014 Ciceronem
1342 1989 1452 2015 tamen
1476 1984 1578 2016 altera
1611 1984 1717 2015 forma
1738 1985 1915 2026 praevalet.
1939 1983 1983 2015 cf.

1122 2036 1233 2067 Hand.
1256 2037 1290 2068 in
1321 2037 1415 2068 Turs.
1440 2038 1504 2069 III.
1526 2041 1556 2078 p.
1581 2037 1621 2068 62
1643 2048 1689 2079 sq.

1166 2092 1318 2124 Exulibus
1339 2103 1374 2124 o:
1398 2094 1473 2134 lege
1503 2094 1663 2135 Pompeia
1685 2095 1725 2125 de
1748 2094 1874 2126 ambitu
1895 2095 1984 2126 dam-

1122 2147 1218 2178 natis.
1239 2146 1280 2178 cf.
1303 2146 1366 2178 IX.
1392 2148 1440 2185 14,
1464 2148 1492 2178 2.

1168 2200 1307 2230 Aenaria
1321 2207 1369 2232 est
1384 2201 1492 2232 insula
1507 2202 1707 2242 Campaniae
1721 2203 1880 2243 opposita,
1897 2211 1983 2243 quae

216 2263 280 2293 iam
314 2261 509 2292 dimicatum
540 2264 609 2290 erat
642 2258 676 2288 in
706 2256 906 2288 Pharsalicis
941 2256 1075 2296 campis.
1098 2280 1100 2282 ,
1123 2253 1188 2284 alio
1211 2254 1346 2285 nomine
1361 2254 1537 2286 Pithecusa
1549 2255 1740 2296 appellatur,
1754 2255 1851 2287 hodie
1867 2255 1985 2286 [sebia.

215 2316 267 2347 eff.
290 2316 361 2346 intr.
386 2314 427 2345 ad
449 2312 517 2344 Cic.
540 2311 629 2342 Phil.
654 2311 702 2341 11.
734 2311 783 2346 58,
819 2309 875 2340 ubi
908 2309 1076 2340 victorius
1098 2288 1101 2338 l

216 2370 302 2401 male
325 2367 442 2399 rhedae
463 2375 527 2396 cum
552 2364 714 2395 lenonibus
737 2363 843 2395 voluit
876 2362 1076 2394 substituere
1123 2360 1265 2391 restituit
1294 2360 1500 2392 Buchelerus
1530 2361 1552 2392 l.
1581 2372 1598 2391 0
1637 2372 1666 2402 p.
1693 2362 1764 2392 535.
1800 2361 1916 2401 Vulgo
1938 2360 2002 2391 Ab,

217 2421 343 2453 rhedam
366 2420 504 2451 iunctam
538 2416 689 2449 leonibus.
719 2416 775 2447 Ex
795 2416 858 2446 hoc
878 2421 989 2447 autem
1003 2415 1076 2446 loco
1124 2412 1206 2444 Axio
1229 2414 1346 2445 editur.
1369 2414 1409 2445 In
1428 2414 1516 2445 Med.
1539 2420 1588 2445 est
1609 2414 1647 2444 A.
1671 2413 1787 2445 Dasio.
1811 2432 1852 2437 —
1874 2413 1985 2444 Vettie-

217 2474 322 2507 effieio
345 2471 533 2505 Antonium
556 2470 622 2500 iam
645 2475 722 2501 ante
745 2468 867 2499 aluisse
890 2468 1012 2505 leones,
1032 2467 1076 2498 id-

217 2536 280 2569 que
292 2524 464 2557 nonnullis
476 2523 583 2554 visum
593 2521 694 2553 fuisse
712 2520 893 2552 ferocitatis
904 2520 1076 2551 indicium.

258 2578 443 2611 Iun-mulius.
480 2576 521 2607 Ei
551 2576 726 2616 respondet
765 2579 915 2605 nostrum
951 2573 1076 2615 aardiq,

217 2633 344 2664 ioviaal.
368 2630 520 2662 Ceterum
542 2628 623 2659 haec
646 2633 677 2658 et
700 2636 782 2668 quae
806 2631 987 2667 sequuntur
1012 2626 1077 2657 iro·
1098 2646 1101 2655 .

218 2688 290 2718 nice
311 2687 397 2717 dicta
420 2693 490 2716 esse
512 2682 690 2719 neminem,
714 2681 841 2722 opinor,
865 2681 955 2711 latet.

260 2739 372 2770 Decem
391 2736 516 2778 primos.
538 2735 585 2765 Hi
607 2734 687 2765 alibi
705 2742 835 2775 quoque
851 2733 1077 2770 nominantur,

218 2799 252 2823 ut
275 2803 304 2833 p.
338 2791 434 2822 Rosc.
462 2788 579 2819 Amer.
612 2787 662 2818 25.
696 2786 791 2817 Verr.
820 2785 867 2816 11.
897 2785 967 2823 162,
1001 2785 1076 2817 Liv.

218 2843 354 2876 XXIX.
379 2843 415 2873 15
438 2841 527 2872 unde
550 2845 682 2881 apparet
704 2849 772 2870 non
794 2839 895 2870 fuisse
907 2839 1076 2879 magistra-

217 2905 277 2934 tus,
300 2897 358 2928 sed
380 2906 423 2927 ex
437 2894 552 2926 ordine
564 2893 784 2924 decurionum
795 2892 969 2933 principes.
996 2892 1078 2932 Qua-

217 2952 351 2984 rum-viri
373 2955 467 2983 erant
490 2949 703 2989 magistratus
726 2948 761 2978 in
784 2947 984 2988 municipiis,
1020 2948 1077 2989 qui

218 3010 442 3038 memorantur
463 3014 493 3044 p.
518 3002 650 3033 Cluent.
674 3003 692 3032 8
724 3006 756 3032 et
785 3001 819 3032 in
851 3000 998 3041 inscript.
1028 3011 1077 3042 ep.

219 3059 268 3091 ῖὸ.
294 3057 386 3089 XIII
409 3057 450 3087 ad
470 3055 565 3086 Fam.

1098 2660 1102 2856 i

1166 2307 1184 2346 ξ
1204 2307 1232 2337 2.
1265 2308 1302 2338 A.
1331 2306 1365 2348 Q.
1397 2308 1488 2338 Ario.
1513 2307 1554 2339 cf.
1577 2318 1626 2349 ep.
1650 2308 1699 2346 11,
1723 2309 1752 2339 2.
1775 2308 1985 2339 Praenomen

1125 2477 1194 2497 num
1217 2466 1315 2506 diliyo
1337 2476 1370 2497 o:
1396 2467 1541 2498 multum
1575 2477 1658 2504 amo,
1682 2467 1722 2497 de
1749 2476 1787 2497 eo
1809 2471 1986 2498 contentus

1124 2530 1208 2551 sum.
1231 2519 1272 2551 cf.
1296 2520 1329 2551 h.
1352 2520 1374 2551 1.
1398 2520 1446 2557 15,
1471 2525 1554 2551 extr.
1575 2520 1664 2558 Quid
1685 2519 1824 2551 Vestorio
1840 2520 1985 2552 reddide-

1124 2575 1177 2611 rit,
1198 2575 1401 2615 ignoramus.
1426 2574 1534 2606 Credo
1556 2580 1667 2605 tamen
1691 2583 1808 2605 numos,

1165 2628 1235 2659 Non
1264 2628 1394 2668 reperio,
1425 2627 1507 2669 quod
1532 2627 1588 2658 tibi
1617 2627 1761 2658 scribam.
1783 2627 1884 2659 Recte
1905 2626 1985 2658 Ern.

1123 2684 1266 2716 correxit
1295 2684 1350 2720 ita,
1382 2684 1542 2724 probante
1577 2682 1820 2723 Wesenbergio
1845 2682 1985 2714 Emend-

1123 2748 1154 2778 p.
1177 2737 1226 2768 56.
1252 2736 1365 2775 Vulgo
1390 2738 1453 2776 leg.
1477 2735 1561 2778 quid.

1169 2789 1360 2821 Observarit.
1392 2789 1508 2821 uFort.
1537 2789 1722 2820 asservarit.
1759 2789 1800 2820 cf.
1823 2798 1874 2830 ep.
1899 2788 1947 2825 16,
1967 2788 1985 2818 2

1124 2849 1157 2876 et
1187 2843 1235 2880 18,
1267 2843 1318 2873 1.”
1348 2841 1449 2875 Orell.
1485 2842 1584 2873 Male.
1608 2841 1773 2872 observare
1795 2847 1845 2873 est
1866 2841 1984 2877 colere,

1125 2897 1232 2928 officia
1254 2896 1357 2927 alicui
1378 2901 1552 2936 praestare.

1172 2949 1333 2986 Videlicet,
1357 2952 1413 2979 aut
1435 2968 1476 2972 —
1497 2949 1682 2990 imperatum
1704 2951 1760 2985 est,
1784 2950 1863 2987 (aut)
1881 2957 1985 2978 coram

1126 3016 1156 3036 n.
1179 3015 1242 3034 non
1263 3004 1341 3035 vult.
1370 3004 1527 3035 Alterum
1548 3005 1605 3034 aut
1628 3002 1748 3039 addidi,
1776 3003 1877 3043 quod¹
1885 3002 1984 3042 plane

1126 3057 1346 3088 necessarium
1383 3063 1442 3093 est,
1476 3061 1512 3087 ut
1549 3055 1695 3096 aequalis
1728 3055 1771 3086 sit
1812 3053 1982 3095 oppositio.

262 3110 395 3142 Dor-mii!
429 3109 474 3140 ad
507 3108 614 3138 7¹0711³⁷²
655 3106 720 3144 ῙῙῙ,
758 3108 847 3147 quoa
879 3111 972 3147 turpe
1010 3114 1079 3138 erat
1100 3113 1102 3158 ξ
1127 3111 1324 3152 Saepissime
1353 3110 1438 3141 hanc
1469 3110 1664 3151 particulam
1685 3109 1788 3140 altero
1810 3108 1884 3139 loco
1905 3107 1986 3138 omi-

220 3164 362 3200 vuilihet,
388 3162 442 3194 sed
465 3160 611 3192 maxime
636 3159 706 3190 viro
728 3155 909 3205 πολιτικῷ.

1101 3182 1103 3184 -
1125 3168 1236 3196 serunt
1259 3163 1400 3195 librarii:
1426 3163 1478 3194 hic
1502 3168 1664 3194 corrector
1685 3162 1755 3193 cod.
1780 3155 1984 3192 Med.‘etiam
