2062 3565
5 139 27 209 ἶ·
714 159 815 201 ΜΗ.
852 161 927 201 xi.
969 162 1047 203 sp,
1085 166 1139 202 zm
1166 168 1218 202 4..
1753 165 1829 204 1:51

2 233 29 289 ἃ

0 292 26 341 Ϊῖ
74 292 193 354 etiam
237 292 450 348 praecipua
497 294 622 335 multa
667 301 775 343 sunt,
822 310 922 348 quae
966 302 1009 337 tu
1055 298 1230 351 profecto
1273 297 1381 338 vides
1411 308 1455 338 et
1486 298 1719 352 gravissima
1754 313 1837 339 ess«-

0 352 29 422 ξ’,
75 371 117 409 et
157 380 220 407 mc
261 365 450 407 facillime
501 368 624 409 vitare
669 368 871 422 potuisse;
918 384 963 409 ea
1008 375 1142 410 tamen
1186 377 1305 411 crunt
1347 371 1513 422 minora,
1547 371 1595 422 si,
1631 376 1677 413 ut
1709 371 1839 412 adhuc

0 427 26 492 ’,
74 438 224 481 factum
259 444 334 489 est,
368 439 717 482 administratione
751 440 1041 496 diligentiaque
1074 448 1145 484 tua
1178 443 1433 485 levabantur.
1470 446 1511 486 3.
1532 444 1710 486 Pecunia
1732 445 1837 500 apud

74 511 296 567 Egnatium
328 517 403 554 est.
438 513 500 554 Sit
533 528 556 554 a
588 528 664 563 me,
700 518 746 554 ut
775 519 860 564 est3
896 539 952 543 -—
990 530 1118 570 neque
1151 516 1258 557 enim
1294 516 1382 567 hoc,
1418 517 1524 571 quod
1559 517 1706 572 agitur,
1731 517 1839 558 vide.-

74 589 141 627 tur
172 584 412 628 diuturnum
445 602 530 627 esse
564 602 692 641 posse,
728 593 774 628 ut
806 587 906 628 scire
941 588 1019 628 iam
1054 589 1217 643 possim,
1251 590 1349 645 quid
1383 591 1553 632 maxime
1587 605 1687 645 opus
1711 591 1763 631 sit
1784 615 1838 620 -n
1881 597 1895 621 ὅ

35 664 37 666 ’
75 653 164 699 ets?
181 671 279 712 egeo
311 656 431 699 rebus
465 657 666 708 omnibus,
702 658 808 712 quod
842 660 876 700 is
909 674 1066 714 quoque
1100 661 1141 701 in
1176 662 1374 715 angustiis
1407 668 1481 712 est,
1506 664 1667 717 quicum
1687 679 1838 713 sumus,

75 730 141 772 cui
185 745 372 786 magnam
427 731 612 774 dedimus
658 733 868 788 pecuniam
922 739 1117 783 mutuam,
1165 735 1376 790 opinantes
1425 736 1556 787 nobis,
1607 737 1840 778 constitutis

74 801 208 854 rebus,
253 818 340 845 eam
385 820 467 846 rem
510 805 631 846 etiam
675 805 816 846 honori
862 807 958 846 fore.
1007 807 1082 855 Tu,
1132 815 1174 848 ut
1207 813 1325 848 antea
1357 808 1502 858 fecisti,
1538 809 1669 860 velim,
1704 810 1736 850 si
1770 811 1836 865 qui

22 915 39 932 .-
75 881 207 928 erunt,
252 877 302 918 ad
346 893 445 933 quos
492 878 643 934 aliquid
678 878 935 920 scribendum
968 895 991 920 a
1026 895 1086 921 me
1121 881 1339 931 existimes,
1375 882 1459 937 ipse
1493 883 1693 924 conficiam.
1743 884 1840 924 'l'uis

76 948 245 991 salutem
294 949 374 992 dic.
418 952 526 992 Cura
558 957 605 993 ut
639 951 784 994 valeas.
837 952 1040 1007 Imprimis
1073 953 1129 1003 id,
1165 954 1272 1008 quod
1308 954 1466 1005 scribis,
1502 956 1689 997 omnibus
1724 956 1841 997 rebus
1862 970 1896 996 ιο

77 1037 172 1064 cura
205 1029 246 1065 et
279 1023 442 1079 provide
476 1039 526 1065 ne
561 1024 657 1078 quid
692 1025 727 1065 ei
762 1024 879 1074 desit,
915 1024 962 1065 de
997 1039 1076 1079 qua
1110 1025 1186 1065 scis
1222 1041 1282 1066 me
1319 1027 1581 1069 miserrimum
1617 1044 1715 1069 esse.
1765 1029 1842 1069 ldi-

25 1104 28 1106 “
78 1094 154 1137 bus
187 1096 281 1137 Iun.
317 1112 363 1138 ex
398 1097 553 1138 castris.

120 1285 134 1315 l
159 1283 256 1322 vides,
279 1287 313 1314 ui
336 1287 420 1322 sunt,
443 1287 473 1315 el
492 1285 682 1326 yranissimu
711 1304 743 1308 -

1496 1319 1540 1374 τὶ

78 1469 252 1502 Manutius
287 1474 405 1510 arguta
432 1468 654 1509 explicatione
685 1469 770 1499 tueri
803 1468 937 1500 studuit.
964 1467 1172 1508 ÷Sequeutia
1194 1479 1293 1510 prava
1315 1470 1528 1501 distinctione
1552 1470 1754 1501 laborabant.
1788 1471 1848 1500 lta-

79 1521 146 1554 Sed
166 1521 334 1563 praeclare
355 1521 543 1562 Malaspina
565 1521 707 1552 ostendit
722 1526 809 1552 recte
824 1521 940 1561 egisse,
991 1532 1054 1562 que
1077 1524 1218 1554 correxi.

79 1576 135 1617 qui
159 1575 306 1606 nonnihil
327 1575 519 1615 corrigeret.
554 1574 709 1606 Solamen
743 1574 870 1606 miseris
894 1584 941 1604 so·
964 1575 967 1588 ¹
1036 1575 1068 1605 Is
1091 1595 1131 1599 —
1152 1577 1273 1618 quicum
1296 1587 1402 1608 sumus
1426 1589 1459 1609 n:
1483 1579 1670 1620 Pompeius.

78 1628 146 1660 cios
181 1627 304 1659 haber'e
339 1628 513 1659 malorum.
547 1627 640 1666 Quae
664 1633 737 1668 post
770 1627 856 1658 vides
890 1628 943 1658 ad·
964 1639 966 1674 j
1034 1630 1221 1661 constitutis
1244 1631 1334 1662 rebus
1351 1642 1385 1662 o:
1410 1633 1437 1663 si
1453 1632 1613 1674 Pompeio
1628 1632 1751 1663 victore
1763 1636 1848 1662 tran-

27 1688 30 1692 '
79 1684 202 1715 duntur
224 1685 258 1714 ut
282 1685 356 1714 sunt
380 1693 398 1714 e
433 1684 526 1714 codd.
556 1682 678 1714 Faerni
707 1689 740 1714 et
762 1683 808 1720 Z.,
833 1683 942 1714 delevi
964 1694 967 1726 i
990 1684 1137 1724 quillitas
1174 1685 1306 1724 publica
1344 1686 1406 1716 erit
1435 1686 1590 1717 stabilita.
1634 1686 1673 1716 cf.
1705 1684 1768 1716 Off.
1803 1686 1848 1716 Il.

79 1745 155 1768 cum
178 1735 364 1768 Buchelero
395 1736 482 1767 Mus.
504 1735 612 1767 Rhen.
635 1735 700 1766 XI.
721 1746 752 1776 p.
776 1735 847 1766 526.
963 1730 966 1771 Ι
989 1738 1030 1767 40
1053 1738 1086 1767 in
1109 1737 1281 1768 conslifnla
1305 1749 1340 1769 re
1356 1739 1494 1779 publica.

121 1790 140 1831 ξ
163 1789 192 1822 3.
214 1788 264 1821 Sit
290 1801 310 1820 a
347 1800 404 1828 me,
434 1791 470 1820 ut
499 1792 556 1820 est.
604 1789 818 1830 Ambiguitas
845 1789 942 1820 huius
963 1782 966 1799 '
1032 1789 1079 1820 De
1099 1801 1159 1831 qua
1183 1790 1246 1820 scis
1269 1802 1314 1822 me
1336 1791 1539 1822 miserrimum
1565 1801 1631 1823 esse
1653 1802 1686 1822 o:
1718 1798 1850 1833 propter

80 1844 146 1877 loci
167 1845 272 1876 oritur
293 1854 337 1876 ex
358 1844 485 1876 incerta
508 1844 542 1875 vi
556 1854 666 1886 praep.
682 1855 713 1875 a.
736 1844 851 1875 Placet
862 1843 943 1874 haec
989 1852 1098 1884 quam.
1122 1842 1276 1874 Similem
1290 1844 1492 1876 locutionem
1505 1844 1616 1876 attulit
1629 1844 1740 1875 Hand.
1752 1845 1848 1875 Turs.

80 1898 274 1940 explicatio:
307 1899 398 1940 quod
419 1899 462 1930 ad
483 1908 537 1930 me
561 1898 687 1936 attinet,
710 1898 850 1939 pecunia
872 1907 940 1928 ma·
989 1895 1036 1926 11.
1071 1905 1102 1936 p.
1139 1895 1199 1929 217
1230 1906 1247 1927 e
1282 1896 1376 1928 Verr.
1412 1897 1439 1928 I.
1480 1896 1530 1929 76.
1574 1896 1685 1928 Flebat
1720 1899 1849 1937 uterque

81 1958 158 1986 neat
179 1954 266 1994 apud
286 1953 481 1994 Egnatium,
511 1953 570 1984 ubi
602 1958 660 1984 est.
691 1953 743 1983 Ita
774 1951 868 1982 Fani.
898 1951 940 1980 V.
963 1963 966 1988 2
990 1959 1051 1979 non
1073 1949 1113 1979 cle
1133 1959 1189 1980 suo
1211 1950 1371 1990 supplicio,
1394 1950 1452 1981 sed
1467 1953 1562 1991 pater
1583 1950 1622 1982 de
1644 1950 1713 1990 filii
1741 1953 1848 1986 morte,

81 2007 131 2044 20,
156 2007 172 2037 l
197 2017 217 2037 a
245 2016 304 2048 quo
332 1994 497 2046 (loquitur
525 2006 566 2037 de
595 2005 642 2037 M.
672 2005 787 2036 Tullio
820 2005 942 2049 scriba)
963 2005 966 2043 ι
989 2002 1029 2033 de
1043 2003 1152 2042 patris
1164 2003 1272 2045 filius.

81 2059 158 2090 milti
179 2059 376 2099 exploratum
398 2061 456 2096 est,
471 2076 512 2082 -
529 2058 612 2089 nihil
634 2068 701 2089 eum
714 2057 835 2098 fecisse
845 2057 943 2087 scien·
964 2064 966 2109 k
1036 2055 1084 2085 Eo:
1107 2056 1222 2087 castris
1245 2057 1395 2098 Pompeii
1419 2058 1459 2088 ad
1483 2057 1703 2098 Dyrrachium
1725 2057 1848 2098 positi&

81 2115 151 2150 tem,
173 2119 236 2144 cet.
258 2113 337 2144 Alia
361 2113 497 2151 collegit
520 2113 675 2144 Handius
694 2112 789 2142 Turs.
809 2112 836 2142 1.
848 2122 878 2152 p.
895 2111 943 2143 57.
964 2115 966 2140 ,¹
990 2108 1081 2140 Caes.
1106 2110 1144 2140 B.
1169 2113 1206 2141 C.
1232 2111 1293 2141 ΙΙΙ.
1319 2111 1369 2141 13.

703 2270 784 2310 JV.
851 2269 915 2321 (A.
958 2267 1002 2308 U.
1041 2268 1082 2307 (J.
1122 2267 1239 2319 706.)

151 2432 190 2472 l.
224 2431 374 2487 Accepi
408 2431 457 2473 ab
490 2431 646 2473 Isidoro
679 2430 814 2472 literas
847 2436 888 2471 et
920 2434 1058 2486 postea
1081 2428 1194 2471 (latas
1218 2428 1347 2470 binas.
1383 2430 1445 2471 Ex
1468 2429 1659 2484 proximis
1682 2431 1847 2484 cognovi

84 2503 248 2559 praedia
289 2519 372 2546 non
412 2504 580 2545 venisse.
631 2502 799 2545 Videbis
843 2518 936 2558 ergo
969 2507 1017 2545 ut
1049 2507 1297 2544 sustentetur
1330 2518 1400 2558 pei·
1431 2507 1486 2543 te.
1537 2503 1598 2544 De
1632 2503 1848 2551 Frusinati,

75 2577 120 2618 'si
153 2576 271 2618 modo
302 2576 431 2618 futuri
463 2591 617 2628 sumus,
651 2577 727 2618 erit
759 2576 859 2618 mihi
891 2591 953 2618 res
985 2581 1226 2632 opportuna.
1262 2576 1376 2618 Meas
1408 2576 1545 2618 literas
1579 2576 1685 2631 quod
1719 2576 1848 2630 requi-

79 2651 156 2702 ris,
202 2650 400 2707 impedior
429 2639 580 2706 'inopia
611 2665 759 2701 rerum,
794 2665 893 2704 quas
926 2650 1057 2692 nullas
1091 2649 1218 2691 habeo
1251 2649 1378 2691 literis
1412 2649 1568 2704 dignas,
1604 2650 1750 2704 quippe
1785 2649 1849 2689 eui
1888 2666 1902 2690 5

86 2739 160 2766 nec
204 2739 305 2778 quae
350 2722 554 2774 accidunt,
598 2738 672 2764 nec
717 2738 818 2778 quae
864 2728 1041 2778 aguntur
1104 2722 1185 2764 ullo
1233 2722 1351 2763 modo
1397 2721 1628 2778 probentur.
1684 2721 1848 2762 Utinam

87 2811 221 2840 coram
252 2802 387 2839 tecum
419 2795 515 2838 olim
547 2795 683 2851 potius
715 2810 834 2850 quam
869 2810 938 2851 per
970 2795 1181 2851 epistolas!
1218 2795 1298 2836 Hic
1331 2799 1415 2846 tua,
1450 2800 1496 2836 ut
1527 2809 1702 2849 possum,
1736 2799 1849 2834 tueor

132 3008 151 3048 ξ
173 3007 204 3038 1.
228 3007 367 3040 Praedia
389 3018 452 3040 non
470 3006 602 3038 venisse.
625 3006 803 3038 Praedium
816 3005 949 3036 nullum
969 2982 974 3047 i
1037 3004 1086 3036 De
1108 3004 1272 3036 Frusinati
1300 3005 1341 3036 cs.
1363 3005 1396 3035 h.
1427 3005 1446 3035 l.
1476 3014 1525 3045 ep.
1557 3004 1604 3041 13,
1638 3005 1667 3034 4.
1711 3003 1850 3034 Frusino

63 3088 66 3090 ,
90 3062 206 3093 venire
227 3062 371 3103 potuisse
393 3066 554 3102 cognorat
575 3061 691 3092 eodem
714 3060 782 3092 fere
804 3066 950 3100 tempore
996 3063 1066 3090 erat
1086 3058 1242 3099 oppidum
1265 3057 1354 3088 Latii
1376 3057 1462 3089 inter
1483 3057 1700 3088 Ferentinum
1722 3061 1753 3086 ct
1774 3055 1850 3087 Fre-

74 3122 113 3158 με
135 3114 310 3147 Terentiae
332 3115 448 3147 literis.
469 3113 564 3146 Fam.
586 3113 685 3145 XIV.
708 3113 739 3145 6.
996 3110 1101 3151 gellus
1123 3111 1220 3141 situm
1243 3110 1283 3139 ad
1307 3110 1402 3141 vinni.
1437 3119 1519 3149 quae
1542 3109 1645 3139 Roma
1682 3109 1850 3139 Beneven-

76 3207 77 3210 ,
139 3159 177 3198 'Ut
189 3170 383 3200 sustentetur
394 3168 517 3205 Tullia,
529 3167 581 3198 cui
590 3166 674 3198 nihil
686 3167 799 3198 deesse
809 3165 951 3197 volebat.
972 3175 973 3180 ¹
996 3170 1067 3196 tum
1089 3165 1237 3196 «lucebat.

1611 3217 1662 3254 ΕΓλζ
