2062 3565
763 170 863 211 mn.
903 170 998 210 NH.
1039 171 1117 210 ΕΡ.
1156 171 1318 208 *Ἂν-ΙΙ.
1830 172 1912 211 175,

784 367 834 406 Χ.
900 368 966 417 (Α.
1010 366 1054 406 [κ’.
1095 368 1136 405 c:
1176 367 1294 419 708.)

215 481 320 522 Male
353 479 578 522 mehercule
612 479 661 520 de
694 479 955 521 Athamante.
989 481 1100 522 Tuus
1133 485 1266 521 autem
1301 480 1413 521 dolor
1446 481 1646 523 humanus
1679 482 1713 523 is
1736 484 1913 538 quidem,

151 554 219 595 sed
254 569 397 609 magno
431 568 547 609 opere
580 552 862 594 moderandus.
896 553 1224 595 Consolationum
1260 559 1392 594 autem
1427 553 1576 595 multae
1611 555 1710 608 viae,
1745 556 1811 598 sed
1848 558 1913 599 illa

146 627 391 673 rectissima:
441 627 628 682 impetret
667 626 782 677 ratio,
812 625 925 681 'quod
959 627 1044 668 dies
1077 627 1340 682 impetratura
1371 633 1445 668 est.
1488 628 1648 670 Alexim
1681 645 1772 671 vero
1806 646 1916 672 cure-

150 716 252 751 mus,
296 699 514 754 imaginem
554 699 727 750 Tironis,
773 714 892 754 quem
926 715 1087 755 aegrum
1123 699 1290 740 Romam
1324 701 1472 751 remisi,
1507 706 1560 752 et,
1596 702 1630 743 si
1662 703 1760 758 quid
1797 704 1916 745 habet
1959 715 1970 736 -'=

150 772 261 814 collis
295 765 580 829 ἐπιδήμιον,
615 772 665 812 ad
700 786 761 812 me
795 786 887 812 cum
919 772 1132 812 Tisameno
1164 771 1464 813 transferamus.
1499 773 1600 814 Tota
1634 773 1776 816 domus
1803 784 1914 817 vacat

149 845 342 900 superior,
376 849 423 886 ut
455 845 547 886 scis.
584 844 673 886 Hoc
708 849 805 899 puto
840 844 953 885 valde
989 844 1037 885 ad
1073 859 1153 885 rem
1189 845 1401 899 pertinere.

193 1032 279 1063 Male
311 1051 344 1055 —
384 1033 424 1063 de
456 1032 658 1063 Athamante.
702 1031 790 1062 Male
823 1038 855 1063 et
882 1031 1012 1071 factum
1036 1047 1039 1074 g
1058 1030 1112 1060 Ad
1135 1040 1180 1060 me
1202 1040 1234 1061 o:
1259 1031 1394 1063 domum
1416 1042 1524 1064 meam
1547 1034 1581 1064 in
1604 1034 1757 1067 Palatino

149 1086 230 1116 male
253 1090 322 1117 erat
343 1085 485 1116 formula
501 1084 645 1125 lugentis
660 1085 788 1115 obitum
801 1084 949 1116 alicuius.
970 1085 1011 1116 cf.
1103 1075 1307 1126 Ἐπιδήμιον
1322 1088 1456 1115 vocatur
1470 1085 1667 1125 pestilentia,
1684 1097 1766 1128 quae
1780 1088 1814 1118 iu
1827 1094 1918 1119 certo

149 1148 189 1180 ep
226 1149 293 1180 seq.
317 1139 388 1170 init.
414 1145 449 1170 et
470 1138 550 1169 XV.
575 1138 590 1168 1
615 1138 686 1169 init.
718 1137 880 1170 Similiter
903 1138 1013 1170 Catul-
1036 1137 1039 1170 Ι
1059 1140 1132 1170 loco
1154 1146 1282 1179 regnat.
1318 1140 1405 1171 Usus
1427 1141 1585 1181 loquendi
1608 1152 1651 1173 ex
1674 1143 1733 1174 illo
1755 1144 1918 1175 adiectivo

150 1190 200 1222 lus
224 1191 257 1222 iu
280 1201 378 1222 carm.
403 1190 421 1221 3
439 1205 445 1221 z
472 1190 498 1220 O
510 1190 638 1230 ficetum
660 1190 753 1227 male,
774 1201 792 1221 ο
814 1190 935 1222 miselle
939 1200 1013 1231 pas·
1060 1193 1137 1224 fecit
1158 1193 1411 1230 substantivum,
1435 1195 1523 1234 quod
1543 1195 1644 1226 talem
1659 1197 1813 1227 morbum
1831 1197 1918 1228 ‹lesi-

148 1253 208 1274 ser.
243 1243 407 1274 Athamas
429 1243 562 1274 videtur
582 1242 682 1274 fuisse
705 1252 818 1274 servus
842 1243 895 1274 vel
917 1243 1013 1274 liber·
1060 1250 1149 1286 gnat,
1172 1255 1247 1276 eene
1269 1246 1429 1286 epidemie.

148 1303 201 1328 tus
223 1296 338 1328 Attico
362 1296 511 1327 dilectus.
534 1296 668 1334 Alexim,
692 1297 748 1337 qui
783 1296 898 1327 Attico
932 1296 1014 1327 Tiro
1037 1309 1040 1326 x
1105 1298 1180 1329 Cum
1206 1297 1378 1330 Tisameno.
1412 1298 1564 1330 Fortasse
1595 1297 1663 1344 &Q
1692 1310 1805 1332 servus
1829 1302 1919 1333 Cice-

149 1352 284 1393 quidam
307 1358 385 1389 erat,
410 1352 564 1382 novimus
587 1361 604 1382 e
627 1352 684 1382 lib.
715 1351 758 1382 V.
790 1352 840 1388 20,
864 1352 892 1388 9,
928 1351 1010 1382 VII.
1037 1332 1160 1389 ironis,
1183 1352 1235 1382 cui
1266 1352 1391 1391 aegroti
1421 1353 1576 1384 Alexidis
1606 1364 1717 1385 curam
1753 1356 1919 1386 committi

150 1405 180 1442 7,
204 1404 222 1436 7
259 1404 360 1436 XVI.
385 1405 435 1442 15,
460 1405 487 1435 1.
1037 1378 1040 1443 i
1061 1405 1202 1436 volebat.

194 1459 293 1490 Collis
324 1459 519 1498 QuirinaliS,
555 1459 612 1489 ubi
643 1459 747 1490 Attici
779 1460 875 1491 aedes
906 1466 1009 1491 erant.
1037 1452 1040 1485 l

767 1589 843 1629 XI.
910 1589 975 1641 (A.
1019 1589 1063 1629 U.
1103 1591 1144 1630 C.
1186 1590 1303 1643 708.)

213 1727 320 1769 Male
354 1727 402 1768 de
436 1728 541 1769 Seio.
577 1726 655 1769 Sed
688 1728 823 1769 omnia
856 1727 1032 1769 humana
1063 1728 1290 1770 tolerabilia
1323 1729 1522 1772 ducenda.
1565 1732 1648 1786 ipsi
1682 1733 1788 1774 enim
1823 1734 1919 1788 quid

151 1816 304 1852 sumuS,
355 1807 425 1843 aut
468 1801 664 1857 quamdiu
705 1801 802 1842 haec
835 1803 1014 1844 curaturi
1047 1803 1215 1844 sumus?
1279 1803 1340 1844 Ea
1373 1802 1594 1854 videamus,
1629 1819 1730 1860 quae
1764 1805 1814 1846 ad
1848 1822 1921 1847 nos

152 1874 278 1928 magis
326 1875 531 1929 pertinent
580 1888 653 1914 nec
696 1879 832 1915 tamen
877 1874 1017 1925 multo,
1063 1874 1161 1929 quid
1206 1890 1372 1930 agamus
1417 1876 1465 1918 de
1500 1883 1655 1919 senatu.
1705 1879 1759 1919 Et
1791 1883 1838 1920 ut
1871 1895 1920 1921 ne

153 1946 251 2002 quid
296 1946 624 2002 praetermittam,
670 1946 889 1988 Caesonius
930 1947 980 1988 ad
1021 1962 1084 1988 me
1126 1947 1263 1989 literas
1307 1948 1430 1999 misit,
1465 1949 1714 1992 Postumiam
1750 1952 1921 2008 Sulpicii
1961 1967 1975 1992 ⁵

154 2018 317 2061 domum
367 2019 417 2060 ad
465 2034 505 2060 se
550 2021 720 2062 venisse.
770 2020 830 2061 De
874 2020 1058 2081 Pompeii
1099 2020 1241 2076 Magni
1286 2021 1366 2062 filia
1397 2020 1474 2063 tibi
1504 2024 1691 2079 rescripsi
1724 2025 1825 2066 nihil
1860 2041 1921 2067 me

156 2093 230 2144 hoc
277 2098 454 2148 tempore.
496 2094 685 2148 cogitare.
735 2093 914 2135 Alteram
962 2109 1054 2135 vero
1085 2093 1211 2145 illam,
1245 2109 1367 2150 quam
1398 2100 1445 2136 tu
1479 2095 1634 2147 scribis,
1669 2103 1767 2152 puto
1800 2100 1921 2139 nosti.

156 2165 272 2207 Nihil
306 2165 390 2206 vidi
423 2164 595 2225 foedius.
626 2165 709 2213 ,Sed
742 2165 898 2207 adsum.
933 2166 1078 2208 Coram
1109 2166 1249 2221 igitur.

218 2238 442 2293 Obsignata
475 2239 656 2294 epistola,
691 2240 828 2294 accepi
861 2244 965 2281 tuas.
1001 2240 1162 2282 Atticae
1195 2240 1439 2282 hilaritatem
1462 2239 1636 2282 libenter
1659 2242 1793 2292 audio,
1819 2258 1924 2284 com-

157 2311 418 2353 motiunculis
451 2309 750 2369 συμπάσχω.
1117 2317 1134 2329 '
1948 2331 1982 2355 ιο

205 2522 291 2554 Male
313 2523 352 2554 de
382 2523 467 2556 Seio.
498 2525 602 2564 Apud
629 2525 772 2557 eundem
803 2535 891 2557 anno
928 2535 1020 2566 supe·
1108 2524 1198 2554 Nihil
1218 2535 1265 2555 me
1287 2544 1327 2548 —
1349 2524 1499 2566 coqitare.
1524 2525 1669 2556 Dimissa
1691 2525 1849 2557 Terentia
1869 2536 1929 2557 ιιο-

162 2577 248 2608 riore
270 2583 432 2615 coenaret,
456 2578 549 2608 Fam.
574 2578 637 2609 IX.
661 2579 689 2616 7,
714 2580 741 2616 1,
765 2586 900 2620 eratque
916 2579 1022 2611 Attici
1064 2587 1120 2609 vas
1157 2578 1285 2618 nuptias
1320 2578 1404 2609 inire
1434 2587 1451 2608 e
1482 2587 1515 2608 re
1546 2588 1603 2608 sua
1632 2578 1767 2619 putabat
1798 2578 1926 2612 Cicero·

164 2630 348 2669 familiaris,
372 2641 469 2672 supra
495 2631 537 2662 V.
562 2632 611 2668 13,
635 2633 663 2662 2.
1064 2629 1250 2668 Postumia,
1271 2637 1310 2662 ut
1332 2636 1401 2662 erat
1424 2626 1620 2675 δραστήρια
1649 2632 1778 2668 mulier,
1815 2632 1924 2662 condi-

209 2683 298 2720 Quae
330 2684 375 2714 ad
403 2694 459 2715 nos
489 2685 589 2724 maqis
614 2685 777 2726 pertinent
814 2687 873 2718 uin
903 2687 1024 2727 quibus
1064 2685 1192 2716 tionem
1229 2685 1373 2726 aliquam
1411 2684 1563 2718 Ciceroni
1598 2686 1765 2718 offerebat.
1811 2687 1851 2717 In
1881 2696 1926 2718 se-

165 2741 214 2767 est
246 2735 374 2776 aliquid
404 2736 530 2767 arbitrii
560 2738 664 2768 nostri
694 2743 725 2769 et
756 2739 833 2770 licet
862 2747 960 2778 agere
989 2739 1024 2769 in
1064 2738 1180 2778 quenti
1211 2738 1375 2770 sententia
1398 2741 1477 2778 puto
1499 2745 1609 2779 aperte
1631 2739 1756 2770 ironiae
1779 2739 1926 2776 inservit,

165 2788 251 2819 hanc
274 2789 327 2820 vel
349 2789 384 2819 in
408 2789 503 2820 illam
531 2794 658 2829 partem
664 2804 674 2826 ;
708 2801 766 2822 nec
793 2794 897 2822 tamen
919 2791 1025 2828 malm,
1065 2792 1154 2831 quod
1176 2791 1263 2822 male
1286 2792 1408 2832 negavi
1432 2792 1605 2823 ferendum
1628 2793 1733 2823 videri
1766 2793 1799 2822 in
1822 2792 1925 2822 simili

169 2850 229 2872 nec
250 2841 285 2871 id
307 2841 481 2872 arbitrium
513 2845 623 2872 tamen
656 2843 763 2874 multo
796 2843 931 2875 liberius
966 2848 1026 2879 est,
1066 2844 1139 2876 loco
1163 2845 1264 2876 VIII.
1289 2845 1318 2883 9,
1341 2846 1370 2875 4.

165 2892 243 2933 quia
265 2901 307 2924 ⁸0-
331 2902 485 2934 oppressa
507 2898 577 2924 erat
599 2895 709 2935 1¹³st
728 2895 756 2926 Ῑ·
773 2895 811 2926 F·
827 2894 1024 2927 Gronovius
1111 2907 1384 2941 Commotiunculz's
1395 2908 1591 2955 συμπάσχω
1610 2921 1637 2942 a:
1659 2910 1825 2945 febricula,
1842 2920 1926 2950 quae

210 2947 443 3030 Qf‘i'ldaq‘m'm
465 2948 504 2979 de
525 2950 645 2979 senatu.
661 2959 694 2980 :›:
720 2950 753 2981 in
774 2956 968 2982 senatumne
984 2951 1027 2982 sit
1067 2972 1140 2994 eam
1178 2969 1324 3005 temptat,
1361 2974 1414 2996 me
1449 2975 1579 3006 quoque
1603 2966 1672 2997 eius
1695 2975 1791 2996 causa
1815 2965 1925 2995 afficit.

168 3008 288 3031 venien
314 3010 372 3031 um
393 3010 435 3031 an
460 3010 539 3031 non.

209 3052 404 3084 Postumiam
437 3053 576 3094 Sulpicii
607 3064 757 3094 uxorem,
794 3057 887 3087 cuius
919 3066 1027 3088 mores

168 3114 212 3136 ex
247 3105 395 3146 epistolis
434 3106 613 3137 illustravit
654 3107 956 3148 Martyni-Laguna
993 3109 1025 3139 in

171 3157 286 3197 Epistt.
312 3158 416 3190 (finer.
442 3171 462 3199 p
500 3159 569 3190 lm.

1044 3027 1047 3031 ¹
1070 3015 1258 3047 Commoveri
1280 3017 1314 3047 in
1338 3017 1439 3048 simili
1466 3027 1500 3048 re
1523 3018 1644 3058 legitur
1668 3017 1764 3049 XIV.
1789 3018 1816 3053 5,
1844 3018 1870 3047 l.
