2062 3565
162 148 246 189 346
562 148 644 190 ΕΡ.
679 147 755 188 ΑΒ
788 147 836 188 Τ.
870 145 1222 188 POMPONIUM
1255 146 1519 188 ATTICUM.

158 285 371 325 moverint.
407 284 492 324 Has
525 283 667 339 scripsi
698 283 741 323 in
775 297 862 323 eam
894 286 1062 337 partem,
1096 296 1146 322 ne
1179 295 1242 322 me
1275 285 1430 322 motum
1462 286 1638 337 putares.
1691 283 1761 324 Dii
1794 283 1924 324 faxint

162 363 204 399 ut
236 358 357 399 faciat
389 373 448 408 ea,
483 373 584 412 quae
619 356 843 412 promittit!
879 356 1102 398 Commune
1135 355 1243 397 enim
1275 355 1485 411 gaudium.
1519 355 1597 398 Sed
1630 371 1704 410 ego
1725 389 1733 397 .
1756 389 1764 397 .
1788 389 1796 397 .
1821 355 1925 397 1111111

159 430 249 472 dico
283 430 469 485 amplius.
503 431 545 472 Is
579 430 674 472 hine
710 443 768 472 v1.
802 429 916 471 Idus.
950 429 1022 471 Ait
1055 429 1162 470 enim
1196 428 1501 471 attributionem
1523 429 1567 470 in
1588 429 1701 481 Idus,
1726 444 1766 471 se
1790 433 1923 470 autem

159 503 293 558 urgeri
326 503 484 546 acriter.
518 505 580 545 Tu
613 519 661 545 ex
694 503 793 545 meis
826 502 953 544 literis
987 517 1066 557 quo
1089 502 1208 544 modo
1226 502 1467 558 respondeas
1485 502 1753 545 moderabere.
1788 501 1924 552 Plura,

125 597 135 602 ·
159 592 283 632 quum
313 582 354 618 et
387 578 560 619 Brutum
593 577 731 618 videro
764 581 804 618 et
836 577 999 618 Erotem
1033 576 1249 617 remittam.
1289 576 1450 618 Atticae
1483 591 1593 618 meae
1626 575 1923 618 exeusationem

159 650 311 705 accipio
345 665 511 705 eamque
544 665 633 692 amo
667 649 886 705 plurimum
894 667 905 700 3
942 649 1008 690 cui
1042 654 1082 690 et
1117 648 1242 690 Piliae
1277 649 1461 692 salutem.

161 816 251 847 Hinc
274 815 483 855 intelligitur,
515 820 677 855 quantum
705 815 772 845 illis
805 815 1018 846 tribuendum
1067 815 1201 855 vulpem
1224 819 1351 845 mutare
1373 815 1488 855 pilum.
1520 825 1587 846 non
1610 824 1727 846 mores
1762 814 1828 845 Pro
1849 823 1926 844 com-

160 870 212 901 sit.
236 869 286 901 Cf.
312 869 413 900 etiam
435 878 486 910 ep.
511 870 539 906 3,
563 870 591 900 3.
1067 879 1157 900 mune
1179 868 1259 900 enim
1278 868 1429 909 quadium
1453 869 1568 900 malim
1591 879 1746 900 commune
1768 868 1830 898 erit
1849 877 1926 909 qau-

204 922 243 953 In
267 933 332 953 eam
352 924 474 962 partem
491 932 522 952 o:
547 932 586 953 eo
602 922 752 959 consilio,
766 922 837 953 eius
849 922 898 953 rei
909 932 1015 959 causa,
1066 922 1158 954 dium.

161 976 212 1007 vel
238 981 274 1006 ut
296 974 484 1016 postea-dici
498 980 650 1016 coeptum
664 974 757 1006 estin
772 974 815 1005 id.
839 974 887 1006 Cf.
904 974 1015 1006 Hand.
1042 983 1043 990 ¹
1106 976 1163 1006 Ait
1190 994 1225 999 -
1248 977 1482 1008 attributionem
1504 977 1538 1008 in
1566 976 1652 1014 Idus,
1676 982 1737 1008 cet.
1760 986 1791 1007 o:
1818 976 1876 1007 Ait
1891 985 1927 1008 se

161 1030 256 1061 Turs.
277 1030 342 1061 III.
365 1039 396 1069 p.
419 1029 480 1059 320
504 1035 537 1060 et
559 1029 629 1061 327.
669 1028 783 1060 Cicero
811 1029 852 1060 de
883 1029 925 1067 Q.
947 1029 1016 1060 filio
1065 1039 1082 1060 8
1104 1030 1319 1061 creditoribus
1341 1031 1461 1071 urgeri,
1484 1035 1521 1061 ut
1549 1030 1697 1062 debitum
1730 1030 1839 1061 solvat
1873 1029 1927 1060 die

160 1093 225 1114 non
249 1083 369 1114 melius
403 1081 575 1120 sentiebat,
607 1092 707 1123 quam
741 1086 854 1119 antem
892 1082 1015 1113 sciebat
1040 1083 1042 1104 l
1063 1083 1252 1120 constituto,
1279 1089 1312 1115 et
1335 1093 1370 1115 se
1392 1083 1622 1125 delegatumm
1645 1083 1694 1121 iis,
1711 1083 1767 1125 qui
1784 1082 1926 1114 solvant.

780 1202 842 1242 II.
909 1203 973 1254 (A.
1016 1202 1060 1242 U.
1099 1202 1140 1242 0.
1180 1202 1296 1256 710.)

224 1332 263 1371 1.
309 1343 368 1371 vr.
414 1329 511 1371 Idus
555 1329 653 1371 duas
697 1330 884 1384 epistolas
928 1330 1077 1384 accepi,
1123 1345 1243 1372 unam
1289 1346 1311 1372 a
1357 1345 1442 1371 meo
1487 1329 1709 1381 tabellario,
1755 1330 1921 1371 alteram

159 1420 181 1445 a
215 1403 345 1445 Bruti.
381 1403 440 1443 De
480 1402 699 1444 Buthrotiis
732 1402 849 1458 longe
884 1402 961 1443 alia
993 1402 1098 1444 fama
1131 1403 1173 1444 in
1207 1404 1270 1445 1118
1303 1404 1402 1444 locis
1435 1403 1579 1455 fuerat,
1615 1403 1682 1445 sed
1717 1419 1809 1446 eum
1832 1403 1921 1445 aliis

158 1476 295 1517 multis
339 1476 414 1518 hoc
457 1474 680 1517 ferendum.
732 1476 893 1517 Erotem
940 1476 1072 1517 remisi
1115 1476 1249 1527 eitius,
1296 1491 1415 1531 quam
1448 1476 1750 1527 constitueram,
1784 1479 1830 1517 ut
1862 1491 1921 1517 es-

159 1555 231 1601 set,
277 1551 345 1605 qui
390 1549 619 1599 Hortensio,
662 1554 701 1590 et
735 1549 828 1603 quia
861 1550 886 1592 †
905 1548 1076 1603 equibus
1111 1550 1273 1605 quidem
1307 1551 1365 1592 ait
1397 1565 1438 1591 se
1471 1549 1615 1591 Idibus
1649 1549 1920 1591 constituisse.

160 1624 400 1666 Hortensius
444 1638 535 1664 vero
580 1622 835 1678 impudenter
846 1642 855 1674 ς
901 1622 1004 1664 nihil
1049 1624 1155 1665 enim
1198 1624 1366 1666 debetur
1411 1624 1447 1665 ei
1483 1624 1561 1666 nisi
1595 1639 1642 1665 ex
1674 1624 1793 1665 tertia
1826 1638 1920 1679 pen-

160 1698 284 1748 sione,
328 1713 429 1753 quae
473 1702 533 1738 est
576 1696 669 1737 Kal.
715 1697 839 1748 Sext„
875 1712 921 1738 ex
957 1712 1035 1751 qua
1069 1699 1259 1754 pensione
1291 1698 1378 1754 ipsa
1412 1699 1536 1740 maior
1570 1713 1660 1754 pars
1693 1702 1755 1739 est
1787 1698 1824 1738 ei
1858 1713 1918 1738 so-

204 1886 242 1916 Ut
265 1887 358 1923 esset,
381 1886 434 1927 qui
458 1884 631 1916 Hortensio
646 1888 676 1916 et
690 1885 763 1925 quia
779 1886 796 1918 †
812 1884 937 1926 equibus
953 1885 1017 1926 qui·

156 1940 223 1970 dem
247 1939 294 1969 ait
318 1950 351 1970 se
374 1938 484 1969 Idibus
518 1939 726 1970 constituisse.
757 1939 821 1969 His
847 1939 955 1970 verbis
985 1945 1018 1970 et

158 1993 201 2023 ob
243 1992 436 2024 brevitatem
484 1998 515 2023 et
552 1992 760 2023 librariorum
792 1991 888 2032 culpa
920 1991 1017 2022 valde

157 2047 304 2079 obscuris
329 2047 471 2078 multum
494 2047 577 2079 lucis
600 2048 749 2079 accendit
764 2047 945 2084 Manutius,
958 2048 1016 2088 qui

156 2111 257 2142 quum
280 2101 501 2142 perspexisset
522 2102 561 2132 de
593 2102 706 2132 eadem
742 2111 775 2132 re
810 2101 864 2141 agi
898 2101 931 2131 in
963 2111 1013 2141 ep.

155 2155 184 2191 6,
207 2155 225 2185 3
248 2154 300 2185 his
322 2154 447 2185 verbis:
478 2153 686 2185 coheredibus
694 2164 754 2194 pro
771 2152 922 2183 Cluuiano
938 2152 1012 2184 Kal.
1037 2146 1040 2190 1

157 2207 246 2239 Sext.
262 2207 459 2247 persolutum
474 2209 507 2237 ut
519 2207 583 2243 sit..
602 2207 683 2238 haec
697 2207 742 2237 ita
756 2205 824 2237 fere
844 2206 1008 2246 exposuit:

155 2259 266 2291 Cluvii
288 2260 434 2297 heredes,
459 2269 542 2300 quae
565 2260 627 2290 sibi
650 2265 759 2300 partes
783 2259 947 2290 bonorum
969 2267 1012 2289 ex

155 2314 212 2345 illa
233 2314 415 2346 hereditate
438 2315 650 2351 obvenerant,
684 2323 737 2344 eas
761 2312 913 2344 Ciceroni
935 2322 1012 2344 ven-

153 2369 315 2406 diderant,
339 2369 424 2410 pacti
447 2375 484 2400 ut
506 2369 645 2409 pecunia
668 2369 730 2399 sibi
753 2368 857 2398 tribus
879 2368 1008 2408 pensio-

155 2423 251 2454 nibus
275 2427 510 2454 numeraretur.
557 2423 607 2453 Ex
631 2423 671 2453 iis
695 2422 811 2453 Cicero
834 2423 914 2452 duas
948 2422 1010 2452 sol-

155 2482 245 2507 verat
266 2483 296 2507 et
320 2477 476 2507 maiorem
502 2476 600 2507 etiam
632 2481 756 2516 partem
787 2476 902 2506 tertiae
935 2482 1010 2506 ante
1032 2479 1036 2531 ε

153 2531 241 2562 diem
265 2530 448 2564 solutionis.
479 2529 536 2570 qui
559 2534 627 2560 erat
649 2530 724 2560 Kal.
749 2528 854 2566 Sext„
892 2534 927 2559 ut
951 2529 1010 2560 im·
1033 2534 1035 2562 ἓ

154 2584 316 2624 pudenter
337 2583 467 2620 faceret,
491 2583 546 2623 qui
570 2583 657 2623 quod
680 2583 714 2613 in
739 2583 835 2614 tertia
853 2583 1010 2624 pensione

153 2637 318 2677 reliquum
341 2641 433 2673 esset,
455 2641 530 2668 ante
552 2636 640 2667 diem
662 2636 852 2676 postularet.
889 2636 1009 2667 Hacte-

154 2701 215 2722 nus
236 2691 349 2722 omnia
370 2697 458 2722 recte
479 2691 670 2731 procedunt.
693 2690 759 2721 Sed
782 2691 816 2721 in
831 2691 940 2722 verbis
957 2691 1009 2721 ad-

153 2745 281 2786 scriptis
303 2744 368 2775 alia
380 2749 514 2775 manent
527 2744 636 2775 dubia.
661 2744 703 2775 Et
715 2744 859 2785 primum
876 2745 1009 2785 quidem

153 2808 230 2828 eum
252 2797 410 2829 Schutzio
442 2796 584 2827 dubitari
618 2802 726 2837 potest
773 2807 814 2828 811
850 2807 917 2828 non
949 2807 1008 2838 pro

154 2850 327 2882 Hortensio
348 2857 381 2882 et
402 2849 593 2881 Hortensius
614 2851 841 2891 reponendum
864 2851 908 2882 sit
923 2850 1008 2882 Hor-

153 2904 264 2935 deonio
299 2909 331 2935 et
367 2903 576 2940 Hordeonius,
621 2913 718 2943 quem
753 2904 838 2935 inter
870 2904 1008 2935 heredes

154 2957 267 2994 Cluvii
289 2957 390 2990 fuisse
411 2957 565 2988 novimus
588 2967 630 2988 ex
653 2967 702 2998 ep.
726 2957 777 2994 46,
803 2957 891 2988 3lib.
905 2957 1006 2995 XIII,

154 3022 255 3053 quum
276 3011 474 3043 Hortensius
495 3011 530 3042 in
551 3011 613 3042 hac
635 3021 669 3042 re
691 3021 851 3052 nusquam
883 3021 1006 3042 memo-

155 3072 253 3098 retur.
288 3065 409 3097 Maiori
432 3065 531 3097 etia-m
557 3065 748 3096 difficultate
776 3065 928 3096 laborant
961 3074 1006 3096 se-

156 3120 291 3161 queutia
312 3123 342 3151 et
364 3120 437 3162 quia
459 3119 585 3162 equibus
609 3120 676 3159 (vel
698 3119 862 3161 equitibus)
886 3120 1007 3161 quidem

157 3182 231 3215 cen,
263 3175 294 3207 in
329 3175 448 3215 quibus
478 3183 663 3206 sermonem
697 3184 766 3205 esse
801 3173 839 3203 κίε
874 3173 1030 3204 Publilioi

1064 1886 1215 1917 Manutio
1249 1887 1458 1918 crediderunt
1492 1885 1650 1917 Graevius
1693 1890 1726 1916 et
1761 1883 1918 1917 Orellius.

1063 1939 1129 1972 Sed
1151 1950 1193 1972 ne
1215 1947 1348 1981 tangam
1373 1950 1517 1971 summas
1539 1939 1748 1971 difficultates
1779 1939 1917 1976 criticas,

1062 1994 1181 2034 quibus
1205 1994 1422 2035 implicamur,
1453 1993 1480 2024 si
1502 1993 1586 2024 hanc
1609 1991 1808 2023 sententiam
1830 1995 1920 2022 tene-

1062 2057 1146 2082 mus,
1169 2047 1254 2077 illud
1287 2046 1420 2086 quidem
1455 2038 1547 2083 nego*
1574 2044 1741 2085 duplicem
1772 2053 1916 2081 cansam,

1061 2111 1120 2131 cur
1143 2101 1275 2131 Erotem
1299 2100 1461 2131 remiserit
1482 2099 1632 2135 Romam,
1657 2098 1708 2128 his
1731 2097 1840 2128 verbis
1862 2106 1918 2128 ne-

1061 2154 1201 2185 cessario
1224 2154 1343 2194 aperiri
1366 2153 1494 2189 debere,
1518 2151 1676 2193 quoniam
1699 2151 1803 2192 (quod
1825 2149 1917 2182 Orel-

1061 2208 1125 2238 lius
1148 2208 1259 2247 urget)
1282 2212 1454 2247 sequatur:
1490 2204 1681 2236 Hortensius
1712 2214 1784 2235 vero
1806 2221 1848 2227 —-
1869 2203 1917 2234 De

1060 2261 1198 2292 Publilio
1219 2264 1333 2292 autem.
1356 2261 1466 2291 Immo
1489 2259 1631 2301 primum
1650 2258 1763 2290 scribit
1776 2258 1817 2289 de
1831 2258 1917 2289 Hor-

1059 2315 1157 2345 tensii
1181 2314 1324 2354 negotio,
1349 2321 1419 2344 turn
1443 2314 1484 2343 ad
1505 2312 1596 2344 aliud
1619 2311 1735 2343 transit
1765 2311 1914 2343 eiusdem

1059 2369 1198 2408 generis,
1229 2378 1329 2408 quare
1353 2368 1452 2399 etiam
1476 2377 1524 2407 ep.
1548 2368 1576 2403 6,
1602 2367 1619 2397 3
1642 2372 1818 2406 utrumque
1840 2375 1917 2397 con-

1059 2422 1180 2452 iunxit.
1205 2422 1288 2452 Nam
1313 2427 1346 2452 et
1367 2421 1548 2452 Hortensio
1571 2425 1603 2450 et
1626 2419 1773 2450 Publilio
1786 2419 1913 2460 aliquid

1058 2482 1126 2506 erat
1148 2476 1355 2506 solvendum.
1378 2475 1493 2506 Aliam
1518 2474 1604 2504 viam
1628 2473 1704 2504 iniit
1726 2472 1914 2510 Schutzius‚

1057 2529 1112 2570 qui
1136 2529 1362 2570 suspicabatur
1384 2528 1550 2569 scripsisse
1573 2526 1784 2558 Ciceronem:
1809 2527 1844 2556 ut
1866 2536 1916 2557 es·

1056 2586 1114 2620 sel,
1136 2583 1188 2624 qui
1211 2582 1382 2613 Hortensio
1406 2585 1463 2622 (se.
1486 2581 1711 2621 responderet),
1729 2581 1780 2611 cui
1794 2580 1914 2622 qm'dem

1056 2637 1103 2667 ait
1125 2646 1158 2667 se
1182 2636 1288 2666 Idibus
1311 2635 1510 2666 constiluisse
1546 2634 1672 2665 Verum
1695 2634 1773 2674 quia
1785 2634 1830 2664 ita
1846 2643 1913 2664 non

1055 2692 1265 2732 intelligitur,
1289 2692 1377 2722 unde
1400 2695 1471 2721 orta
1496 2690 1538 2720 sit
1560 2689 1721 2729 scriptura
1743 2688 1912 2725 librorum,

1055 2745 1152 2775 redeo
1175 2745 1216 2775 ad
1237 2744 1461 2775 coniecturam
1483 2742 1582 2778 Iunii,
1606 2752 1625 2772 8
1647 2741 1791 2773 Graevio
1814 2741 1913 2772 reiec-

1054 2802 1135 2827 tam:
1165 2796 1203 2827 Ut
1225 2799 1307 2827 esset
1328 2796 1380 2838 qui
1396 2796 1565 2826 Hortensio
1580 2797 1610 2825 et
1625 2793 1833 2831 coheredibus,
1849 2794 1915 2835 qui-

1055 2850 1109 2880 bus
1130 2849 1251 2890 quidem
1273 2849 1321 2879 ait
1344 2859 1378 2880 se
1399 2848 1450 2879 Id.
1474 2848 1683 2879 constituisse.
1714 2847 1804 2878 Huic
1826 2852 1914 2877 certe

1054 2902 1188 2934 lectioni
1210 2912 1277 2933 non
1301 2903 1491 2933 adversatur
1513 2902 1607 2938 illud,
1649 2901 1737 2941 quod
1757 2900 1798 2930 de
1819 2899 1913 2931 cohe-

1054 2956 1186 2988 redibus
1210 2956 1243 2986 in
1277 2965 1366 2997 seqq.
1397 2956 1506 2986 verbis
1541 2955 1666 2986 siletur.
1708 2953 1797 2984 Nam
1826 2962 1913 2984 unus

1053 3009 1252 3041 Hortensius
1275 3009 1422 3049 petierat,
1455 3014 1490 3039 ut
1512 3013 1587 3039 ante
1609 3007 1697 3038 diem
1719 3006 1911 3038 solveretur.

1055 3064 1213 3096 Ceterum
1226 3062 1335 3092 Idibus
1356 3072 1426 3093 esse
1445 3061 1638 3102 Quintilibus
1657 3064 1794 3098 constat,
1807 3069 1910 3100 quuln

1054 3117 1134 3148 haec
1156 3115 1293 3156 epistola
1313 3115 1443 3156 'scripta
1473 3115 1516 3145 sit
1550 3126 1580 3144 a.
1603 3114 1634 3144 d.
1666 3112 1692 3141 V
1714 3112 1764 3143 Id.
1791 3111 1910 3153 Quint„

1055 3176 1090 3201 ut
1119 3180 1161 3202 ex
1192 3169 1359 3203 not-atione
1391 3169 1549 3212 temporis
1583 3168 1677 3203 initio
1707 3167 1804 3198 huius
1837 3168 1854 3206 ξ
1879 3171 1911 3198 et

2040 1925 2062 2016 &⁷1¹9
