2062 3565
655 172 763 215 LIB.
802 173 921 216 Vffl.
956 173 1040 216 ΕΡ.
1081 175 1149 215 14.
1189 175 1258 215 15.
1782 179 1836 215 :55⁸

64 311 222 361 lestum,
257 310 467 366 pecuniam
505 310 683 351 Domitio
717 310 813 351 satis
846 309 1053 363 grandem,
1099 324 1218 365 quain
1253 311 1285 351 is
1321 311 1484 352 Corfinii
1523 310 1721 359 habui-rit,
1761 327 1837 352 non

63 399 146 427 esse
179 383 390 426 redditam.
426 383 484 425 De
520 384 693 425 Lentulo
725 388 857 425 autem
892 383 990 425 nihil
1025 383 1226 426 audimus.
1269 384 1382 426 Haec
1416 384 1533 426 velim
1568 385 1752 439 exquiras
1787 386 1834 426 ad

62 471 204 514 meque
236 456 470 514 perscribas.

65 624 122 656 lib.
141 624 264 675 philos.
288 634 318 665 p.
342 623 392 656 76.
414 623 500 654 Nam
525 632 631 664 neque
654 623 690 653 id
711 633 816 664 neque
833 624 923 660 enim,
946 632 947 652 1
971 621 1125 653 Domitius
1147 624 1242 663 atque
1264 623 1295 653 in
1314 622 1441 663 publico
1470 622 1668 663 deposuerat,
1699 623 1833 653 allatum

0 717 3 720 .
64 677 152 720 quod
174 678 276 710 libros
298 677 480 718 occupavit,
510 676 644 708 defendi
674 681 789 718 potest.
813 694 853 699 —-
876 677 925 709 De
969 674 1012 705 ad
1032 683 1067 705 se
1088 674 1128 705 ab
1150 674 1324 705 durcmviris
1349 674 1589 716 Cotjiniensibns
1611 675 1748 707 Domitio
1764 675 1833 706 red-

65 730 203 763 Domitii
224 731 294 762 filio
315 730 381 762 vid.
407 728 472 761 IX.
493 731 522 767 3,
550 732 574 766 1,
967 729 1024 767 dit,
1048 740 1086 761 ne
1109 730 1323 762 continentior
1345 731 1379 762 in
1401 731 1469 763 vila
1499 731 1664 770 hominum,
1686 742 1776 773 quam
1799 732 1833 762 in

106 785 271 819 Pecuniam
295 785 431 818 Domitio
452 804 492 809 —
516 795 656 816 nonesse
669 784 834 816 redditam.
862 786 924 818 Ru·
960 785 1099 825 pecunia
1113 785 1224 826 fuisse
1246 785 1402 824 videnlur,
1425 788 1484 817 elsi
1506 797 1573 818 eam
1589 787 1755 828 pecuniam
1775 798 1832 828 pu-

0 844 18 884 ]
64 850 190 873 morem
220 840 341 872 falsum
370 839 471 872 fuisse
501 840 623 871 seimus
651 849 668 871 e
703 838 798 871 Caes.
822 840 862 871 B.
886 839 922 872 C.
944 823 1074 868 ἵὖῖὶοιωη
1108 848 1176 870 esse
1198 839 1361 870 constabat
1393 839 1562 882 dulcemque
1584 852 1604 872 a
1627 840 1772 881 Pompeio
1796 840 1830 871 in

63 895 92 933 1,
126 895 182 926 23:
219 893 401 926 Sestertium
438 893 594 935 seoeaqies,
626 893 709 934 quod
744 893 923 925 advexerat
944 894 1163 935 §stipendium

661 1011 757 1052 XV.
824 1012 889 1065 (A.
932 1012 977 1053 U.
1016 1014 1057 1054 C.
1097 1013 1215 1067 705.)

3 1183 6 1191 ¹
130 1130 169 1169 1.
216 1130 266 1169 Α.
311 1127 351 1168 (1.
395 1143 432 1168 v.
478 1127 587 1168 Non.
632 1126 754 1168 Mart.
788 1127 977 1183 epistolas
1010 1127 1109 1169 mihi
1143 1133 1234 1170 tuas
1268 1132 1451 1186 Aegypta
1485 1129 1673 1178 reddidit,
1709 1146 1831 1173 unam

63 1206 251 1252 veterem,
300 1213 361 1243 1v.
413 1201 506 1243 Kal.
549 1215 669 1255 quam
716 1206 756 1241 te
800 1199 941 1242 scribis
974 1201 1131 1243 dedisse
1164 1202 1342 1254 Pinario,
1377 1219 1497 1259 quem
1528 1219 1611 1246 non
1644 1205 1831 1257 vidimus,

62 1275 105 1317 in
147 1290 227 1331 qua
273 1280 494 1331 exspectas,
543 1273 738 1330 quidnam
784 1275 1024 1330 praemissus
1073 1281 1167 1332 agat
1199 1276 1419 1328 Vibullius,
1455 1280 1523 1334 qui
1556 1280 1719 1320 omnino
1752 1295 1833 1321 non

63 1353 125 1390 est
165 1348 274 1390 visus
324 1363 347 1389 a
393 1347 575 1398 Caesare,
611 1372 669 1377 ——
702 1348 745 1388 in
779 1347 903 1389 altera
935 1348 1103 1404 epistola
1137 1349 1253 1391 video
1286 1355 1326 1392 te
1360 1352 1460 1392 seire
1492 1352 1550 1393 ita
1583 1367 1668 1394 esse
1703 1377 1759 1382 -
1794 1358 1835 1394 et
1873 1366 1888 1391 5

63 1420 399 1480 quemadmodum
445 1419 680 1462 redeuntem
725 1420 921 1476 excipiam
967 1421 1192 1473 Caesarem,
1241 1447 1299 1454 —-
1334 1438 1449 1478 quem
1500 1425 1662 1467 omnino
1710 1426 1835 1467 vitare

63 1496 195 1551 cogito
255 1519 312 1525 -
362 1495 388 1538 †
428 1499 469 1535 et
532 1499 602 1536 aut
658 1493 839 1536 hemonis
886 1494 1024 1550 fugam
1071 1495 1206 1538 tendis
1252 1499 1686 1553 commutationemque
1730 1499 1834 1540 vitae

62 1573 170 1619 tuae,
206 1592 263 1599 -
284 1568 404 1632 1111011
436 1566 512 1610 tibi
548 1574 644 1624 puto
676 1583 761 1610 esse
794 1568 1022 1612 faciendum
1059 1594 1116 1600 —-
1150 1575 1191 1611 et
1222 1571 1397 1626 ignoras,
1432 1572 1635 1613 Domitius
1669 1587 1760 1614 eum
1779 1572 1833 1614 fa—

0 1645 2 1649 ’
64 1641 251 1685 scibusne
284 1641 350 1693 sit,
385 1641 491 1697 quod
524 1656 650 1697 quum
683 1642 797 1693 scieS,
831 1641 952 1684 facies
986 1648 1033 1685 ut
1056 1644 1243 1686 sciamus.
1278 1643 1417 1686 Habes
1430 1644 1480 1687 ad
1499 1645 1667 1701 primam
1688 1647 1832 1702 episto-

4 1710 7 1714 *
62 1717 157 1759 lam.
208 1721 248 1759 2.
301 1717 468 1759 Secutae
500 1720 596 1757 sunt
628 1715 745 1767 duae,
779 1716 907 1772 pridie
940 1717 1034 1758 Kal.
1068 1716 1208 1759 ambae
1242 1717 1372 1769 datae,
1408 1734 1509 1774 quae
1542 1734 1605 1760 me
1638 1720 1833 1762 convelle·
1854 1741 1889 1767 10

0 1795 2 1817 ²
63 1797 159 1834 runt
191 1791 241 1833 de
273 1790 443 1848 pristino
476 1793 597 1839 statu,
630 1790 711 1833 iam
741 1794 890 1840 tamen,
925 1795 971 1832 ut
1005 1795 1096 1832 ante
1131 1790 1180 1832 ad
1214 1795 1254 1832 te
1288 1791 1442 1847 scripsi,
1477 1790 1694 1835 labantem.
1746 1794 1832 1835 Nec

109 1959 127 1990 3
149 1959 281 1990 veterem
303 1957 362 1989 IV.
387 1956 475 1994 Kal„
497 1965 587 1996 quam
610 1973 651 1978 —
673 1954 691 1987 7
714 1955 731 1992 †
753 1955 782 1985 et
805 1954 883 1986 habe
904 1954 1079 1987 athemonz's
1100 1973 1142 1979 —

107 2105 126 2145 ς
151 2105 177 2136 l.
200 2104 353 2146 Aegypta,
377 2108 456 2136 tnnc
484 2113 608 2141 servus,
638 2102 758 2134 deinde
788 2102 925 2134 libertus
972 2108 1104 2144 captum
1129 2113 1200 2136 esse
1214 2103 1362 2142 Coffinii,
1379 2111 1436 2136 aut
1451 2105 1589 2136 omnino
1600 2104 1722 2137 visum.
1742 2105 1832 2146 Ergo

65 2158 248 2192 Ciceronis.
287 2157 337 2190 cf.
368 2159 440 2190 Att.
470 2157 554 2190 XII.
579 2156 629 2194 37,
659 2157 688 2188 1.
717 2156 821 2187 XIII.
843 2157 872 2193 3,
897 2155 928 2186 2.
971 2156 1047 2187 talis
1069 2167 1182 2188 rumor
1202 2161 1282 2188 tunc
1303 2158 1529 2199 spargebatur.

65 2212 107 2243 111
129 2211 344 2253 sequentibus
373 2210 623 2242 distinctionem
651 2209 796 2241 correxit
832 2208 927 2239 Klot-
1012 2213 1029 2250 †
1050 2210 1092 2241 Et
1113 2214 1170 2243 ant
1192 2212 1331 2244 hemonis
1342 2213 1459 2253 fuqam
1481 2213 1594 2245 tendis.
1617 2213 1746 2247 Locum
1777 2217 1830 2248 (18-

0 2275 11 2302 1
66 2265 135 2297 zius
157 2265 211 2303 ita,
233 2268 270 2296 ut
291 2263 348 2294 IV
364 2263 438 2294 Kal.
461 2274 536 2295 cum
567 2264 667 2294 verbo
695 2262 820 2293 dedisse
849 2271 927 2293 con-
970 2267 1135 2304 speratum
1165 2265 1240 2296 aliis
1262 2266 1496 2306 corrigendum
1518 2267 1681 2308 relinquo.
1718 2268 1831 2307 Quum

0 2306 9 2371 '⁴⁴
66 2319 274 2360 iungendum
295 2327 366 2350 esse
388 2323 552 2359 appareat.
971 2318 1013 2349 sit
1046 2319 1229 2351 verisimile
1261 2320 1401 2351 indicari
1435 2321 1613 2353 consilium
1648 2322 1755 2354 Attici
1787 2333 1830 2355 ex

0 2372 10 2400 ”.
110 2370 267 2412 Quidnam
281 2370 478 2412 praemissus
505 2373 581 2412 aqut
616 2369 781 2401 Vibullius.
804 2368 926 2401 Caesar
970 2372 1050 2403 urbe
1081 2372 1241 2413 fugiendi,
1270 2383 1337 2414 quo
1369 2379 1519 2415 spectant
1550 2384 1683 2416 quoque
1711 2377 1829 2408 ultima

3 2452 6 2459 .
66 2425 106 2456 Β.
130 2424 166 2456 C.
191 2424 219 2455 I·
241 2424 282 2455 34
295 2433 330 2455 se
342 2423 533 2454 Vibullium
546 2422 673 2454 Rufum
688 2422 836 2458 Corfinio
853 2431 924 2462 (381)-
969 2427 1070 2458 verba
1093 2437 1144 2469 ep.
1167 2429 1195 2465 1,
1220 2429 1277 2459 lib.
1301 2428 1364 2466 IX,
1389 2430 1566 2471 requim'tur
1578 2430 1705 2471 aliquid
1719 2432 1828 2464 simile

0 2478 11 2530 ζ’
66 2486 135 2512 tum
156 2480 320 2512 dimisisse
343 2484 462 2517 narrat,
484 2479 569 2510 nihil
592 2479 714 2510 addens
735 2479 776 2510 (le
791 2479 924 2509 manda·
969 2482 1018 2518 iis,
1033 2492 1117 2523 quae
1130 2488 1306 2523 praeeunte
1323 2483 1465 2516 Graevio
1487 2485 1691 2525 excogitavit
1710 2485 1828 2518 Schut-

0 2540 7 2558 ²
66 2537 108 2568 tis
130 2537 171 2567 ad
193 2536 406 2576 Pompeium:
431 2535 488 2566 sed
509 2534 594 2565 nihil
622 2533 768 2574 impedit,
798 2533 924 2574 quomi-
969 2535 1056 2566 zius:
1081 2534 1126 2566 ad
1148 2534 1318 2567 Chaoniam
1331 2535 1447 2578 fuqam
1459 2536 1610 2568 intendis.
1632 2536 1698 2569 Sed
1711 2538 1752 2569 ab
1765 2539 1827 2570 hoc

0 2595 7 2609 ²
67 2600 129 2624 nus
160 2590 342 2626 credamus
371 2588 461 2619 hunc
488 2595 619 2628 quoque
648 2591 684 2616 ut
706 2585 748 2616 N.
771 2585 921 2625 Magium
969 2588 1070 2619 verbo
1093 2597 1160 2619 non
1183 2589 1306 2629 pendet
1328 2598 1396 2620 ace.
1417 2590 1693 2621 commutationem.
1737 2591 1764 2623 Ι.
1789 2591 1826 2623 F.

0 2634 12 2681 ⁵.
66 2655 142 2678 eum
163 2643 328 2676 mandatis
350 2652 420 2674 esse
442 2642 590 2678 missum,
614 2641 671 2672 sed
693 2640 923 2672 noni-eruisse.
967 2640 1156 2673 Gronovius
1177 2642 1379 2683 corrigebat:
1403 2644 1433 2673 et
1455 2642 1529 2674 hinc
1552 2642 1697 2675 Athenas
1710 2645 1825 2684 ficyanz

67 2700 189 2732 Postea
209 2698 353 2730 eundem
386 2697 508 2728 iterum
536 2696 570 2726 in
601 2694 765 2736 Hispania
794 2698 926 2736 captum
967 2693 1108 2725 intendis
1129 2705 1161 2726 0:
1195 2695 1367 2728 intendere
1390 2701 1422 2728 te
1446 2696 1571 2734 scribis,
1603 2701 1639 2727 ut
1669 2702 1746 2728 ante
1768 2707 1827 2729 ex-

67 2763 144 2785 eum
166 2752 330 2784 mandatis
348 2750 599 2792 adPompeium
611 2749 711 2787 misit,
725 2749 810 2790 apud
823 2758 923 2790 quem
966 2749 1091 2787 spectas
1126 2758 1202 2788 pro:
1241 2748 1357 2779 scribis
1404 2754 1435 2781 te
1471 2753 1661 2790 exspectare
1692 2754 1724 2781 et
1753 2757 1826 2790 post

68 2808 259 2840 auctoritate
286 2806 429 2838 multum
450 2805 591 2837 valebat.
615 2804 693 2835 Vid.
716 2803 811 2836 Caes.
833 2804 873 2835 Β.
887 2803 924 2836 C.
968 2801 1098 2842 iqnoras
1120 2810 1194 2842 pro:
1220 2802 1336 2833 scribis
1358 2807 1390 2833 te
1411 2802 1576 2842 ignorare.
1610 2803 1704 2834 Idem
1727 2803 1825 2835 verba

67 2861 131 2892 111.
155 2860 204 2891 10.
967 2855 1234 2885 commutationem
1247 2855 1334 2886 vitae
1348 2857 1422 2886 tuae
1435 2855 1645 2896 intelligebat
1660 2857 1701 2887 de
1709 2857 1824 2894 diaeta,

113 2914 178 2951 Qui
199 2912 322 2944 omnino
343 2922 406 2943 non
428 2913 475 2942 est
497 2911 614 2942 visusa
630 2911 773 2943 Caesare,
800 2927 814 2938 η
827 2912 925 2943 Pom.
968 2917 1072 2948 quum
1093 2908 1225 2939 Atticus
1247 2914 1405 2949 quartana
1426 2909 1600 2941 laboraret.
1637 2908 1686 2941 Cf.
1709 2909 1772 2941 IX.
1795 2910 1825 2941 2.

69 2968 162 3009 peius
183 2967 272 2999 enim
295 2975 372 2998 cum
394 2975 462 2996 non
485 2965 634 2997 remisi?
648 2966 736 3007 expl.
753 2966 926 2997 Manutius
1009 2964 1166 2996 Domitius
1177 2975 1242 2996 cum
1246 2964 1435 3004 fascibusne
1447 2965 1501 2996 sit.
1518 2964 1660 2996 Senatus
1672 2966 1701 2997 ei
1714 2976 1825 2998 mense

68 3026 101 3053 et
122 3021 157 3052 in
180 3030 217 3052 ea
239 3019 462 3060 explicatione
480 3018 537 3050 alii
552 3019 691 3051 editores
703 3020 924 3061 aequiescunt.
968 3019 1122 3051 Ianuario
1144 3019 1213 3051 eius
1239 3019 1320 3050 anni
1341 3019 1546 3059 provinciam
1558 3017 1703 3049 Galliam
1718 3020 1825 3051 decre-

69 3073 144 3104 Hoc
173 3073 199 3104 si
230 3072 389 3103 voluisset
421 3070 546 3108 Cicero,
587 3072 769 3113 scripsisset
798 3074 923 3114 potius:
968 3077 1069 3104 verat.
1091 3071 1185 3104 Caes.
1214 3073 1254 3103 B.
1284 3072 1320 3103 C.
1352 3072 1380 3102 1.
1409 3072 1437 3102 6.
1468 3070 1585 3102 Cicero
1614 3072 1696 3102 scire
1725 3074 1823 3113 cupit,

70 3125 122 3167 qui
143 3125 266 3156 omnino
289 3134 350 3155 non
367 3125 413 3155 est
426 3133 586 3165 reqressus
600 3124 644 3155 ad
655 3124 829 3156 Caesarem.
851 3126 924 3163 Illa,
968 3136 1050 3157 num
1073 3126 1130 3158 ille
1152 3127 1292 3158 retineat
1314 3125 1458 3166 insignia
1479 3125 1618 3165 imperii,
1642 3130 1678 3156 ut
1694 3125 1770 3158 inde
1784 3128 1824 3158 de

71 3183 107 3208 ut
129 3187 216 3210 nunc
245 3184 331 3215 sunt,
368 3184 492 3218 negant
522 3177 711 3210 Vibullium
733 3189 750 3210 a
786 3178 925 3211 Caesare
969 3180 1038 3212 eius
1061 3181 1172 3212 animo
1195 3180 1229 3212 in
1253 3179 1449 3221 Pompeium
1472 3179 1628 3219 suspicari
1651 3180 1762 3219 possit.
