2062 3565
149 127 235 167 368
562 124 647 165 ΕΡ.
681 122 758 163 ΑΙ)
791 122 839 163 Τ.
873 122 1223 165 POMPONIUM
1257 124 1523 167 ATTICUM.

717 323 845 364 ΧΠΙ.
879 337 914 363 a.
980 324 1045 376 (A.
1087 322 1132 363 U.
1170 323 1212 363 C.
1250 323 1367 375 710.)

228 442 267 481 1.
303 440 338 481 O
372 453 506 480 casum
540 437 772 479 mirificum!
810 451 869 480 VI.
904 437 1002 479 [dus
1040 452 1163 493 quum
1199 443 1290 479 ante
1323 438 1452 479 lucem
1487 439 1535 481 de
1569 441 1811 483 Sinuessano
1837 457 1923 484 sur-

161 514 349 555 rexissem
393 512 668 566 venissemque
713 510 891 553 diluculo
940 511 990 552 ad
1035 518 1197 567 pontem
1246 511 1455 564 Tiretium,
1491 513 1559 567 qui
1592 519 1652 555 est
1683 514 1922 566 Minturnis,

161 587 201 628 in
247 602 326 641 quo
370 586 496 626 flexus
540 590 600 626 est
643 585 693 626 ad
746 586 822 626 iter
854 585 1042 640 Arpinas,
1077 585 1236 626 obviam
1269 586 1368 627 mihi
1403 587 1447 627 fit
1478 586 1724 638 tabellarius,
1760 588 1829 643 qui
1861 603 1924 629 me

125 680 138 703 5
161 660 329 702 offendit
373 653 587 717 δολιχὸν
631 655 785 702 πλόον
830 655 1160 718 ὁρμαίνοντα.
1212 660 1299 715 Ego
1344 660 1493 711 statim,
1529 660 1640 712 cedo,
1674 662 1856 717 inquam,
1891 662 1925 703 si

162 734 259 790 quid
292 734 342 775 ab
376 735 527 775 Attico.
581 733 776 774 Nondum
807 733 938 788 legere
970 738 1222 788 poteramus3
1257 749 1350 775 nam
1385 739 1425 775 et
1456 734 1611 775 lumina
1647 734 1925 776 dimiseramus

162 824 234 850 nec
278 808 374 850 satis
406 806 580 849 lucebat.
636 807 772 859 Quum
806 812 940 848 autem
974 806 1138 857 luceret,
1174 813 1265 848 ante
1299 807 1447 863 scripta
1481 808 1649 865 episssola
1681 824 1730 850 ex
1767 807 1926 850 duabus

162 884 243 924 tuis
285 882 393 937 prior
435 880 536 922 mihi
584 881 664 936 legi
697 885 837 935 coepba
870 885 943 921 est.
978 879 1054 921 Eia
1087 880 1264 922 omnium
1300 880 1461 935 quidem
1497 881 1808 936 elegantissima.
1862 882 1926 923 Ne

162 958 235 999 sim
270 956 415 1007 salvus,
449 956 483 997 si
516 955 630 996 aliter
663 953 807 1005 scribo,
842 969 886 994 ac
909 954 1058 995 sentio:
1083 953 1186 994 nihil
1207 953 1286 1008 legi
1309 953 1537 995 humanius.
1572 954 1715 1010 Itaque
1751 955 1925 1006 veniam,

108 1043 142 1070 10
163 1046 241 1087 quo
277 1045 407 1080 vocas,
442 1029 559 1070 modo
593 1027 773 1069 adiutore
806 1034 860 1068 te.
895 1026 972 1068 Sed
1006 1026 1111 1067 nihil
1145 1032 1226 1067 tam
1251 1024 1654 1085 α’προςόιόνυσον
1675 1027 1776 1068 1111111
1798 1028 1927 1083 primo

164 1105 375 1147 videbatur
419 1119 537 1160 quam
589 1102 637 1144 ad
683 1117 749 1143 eas
792 1101 940 1152 literas,
988 1099 1135 1155 quibus
1169 1115 1241 1155 ego
1275 1116 1298 1141 a
1330 1107 1370 1141 te
1404 1100 1615 1142 consilium
1648 1102 1856 1158 petieram,
1889 1107 1928 1143 te

165 1180 263 1222 1111111
296 1181 374 1222 ista
407 1177 635 1221 rescribere.
701 1180 741 1217 2.
776 1175 880 1217 Ecce
912 1174 990 1216 tibi
1023 1175 1158 1225 altera,
1193 1190 1273 1230 qua
1305 1174 1475 1216 hortaris
1508 1172 1622 1234 παρ’
1656 1172 1927 1231 ἠνεμόεντα

173 1253 440 1310 Μιῇιιαντα,
476 1250 628 1305 νήσου
663 1245 738 1293 ἐζτι
779 1248 987 1309 Ψυρίης,
1023 1249 1196 1304 Appiam
1215 1246 1287 1290 ἐπ>
1311 1246 1529 1307 ἀριστέρ’
1549 1243 1754 1306 ἔχοντα.
1785 1249 1928 1304 Itaque

166 1345 212 1371 eo
261 1328 324 1369 die
366 1327 492 1368 mansi
539 1325 705 1380 Aquini.
756 1323 985 1378 Longulum
1031 1337 1124 1363 sane
1170 1323 1246 1363 iter
1279 1328 1319 1363 et
1353 1323 1411 1362 via
1448 1322 1575 1372 mala3
1610 1321 1704 1363 inde
1738 1322 1928 1378 postridie

114 1414 145 1439 ¹5
168 1418 283 1444 mane
318 1401 571 1456 proficiscens
603 1397 675 1439 has
708 1398 844 1439 literas
877 1395 985 1437 dedi.

209 1571 227 1610 ξ
260 1570 286 1600 1.
315 1568 363 1599 De
391 1566 581 1597 Sinuessano
609 1565 812 1595 surrexissem
844 1574 876 1594 o:
900 1573 917 1594 e
940 1563 1026 1594 lecto
1073 1572 1119 1602 sq.
1145 1562 1274 1593 Atticus
1306 1562 1366 1592 iter
1400 1561 1506 1592 amieo
1529 1560 1731 1592 indicaverat
1751 1561 1932 1592 secundum

167 1623 384 1656 surrexissem
410 1628 443 1652 et
457 1622 498 1652 de
514 1619 716 1651 Sinuessano
732 1617 896 1658 profectus
909 1626 1025 1648 essem.
1073 1617 1291 1658 Apenninum
1324 1617 1365 1646 ad
1407 1615 1551 1647 insulam
1587 1615 1794 1656 Arpinatem,
1817 1615 1928 1656 Appia

210 1678 262 1709 Ad
278 1678 403 1718 pontem
430 1673 589 1705 metium.
625 1673 756 1703 Nomen
780 1672 912 1702 aliunde
936 1671 1025 1711 igno·
1075 1673 1125 1704 via
1148 1673 1355 1704 sinistrorsus
1377 1672 1503 1703 relicta.

168 1739 237 1764 tum
266 1733 374 1774 pontis
417 1731 450 1762 in
480 1728 516 1759 fl.
544 1727 626 1758 Liri.
662 1725 791 1756 Deinde
822 1733 890 1754 voc.
920 1721 1025 1758 πλόον
1120 1726 1177 1757 Via
1212 1726 1305 1757 mala.
1338 1725 1585 1767 Obtemperavit
1613 1723 1760 1757 Orellius
1795 1724 1932 1756 Wesen-

169 1801 235 1822 11011
265 1791 304 1821 de
333 1787 545 1829 navigatione
574 1785 769 1817 sumendum
803 1793 881 1820 esse,
905 1783 962 1813 sed
985 1783 1024 1812 de
1074 1782 1198 1823 bergio,
1232 1782 1368 1813 Emend.
1401 1791 1431 1821 p.
1458 1781 1504 1817 10,
1530 1785 1604 1811 ante
1627 1789 1724 1820 quem
1748 1780 1874 1821 Popma
1897 1780 1931 1811 111

169 1855 264 1876 cursu
287 1842 428 1885 pedestri
450 1851 468 1873 e
492 1841 510 1881 ξ
530 1841 549 1872 2
571 1844 713 1880 apparet.
1075 1838 1167 1869 codd.
1198 1836 1356 1877 vestigiis,
1395 1838 1490 1873 mata,
1520 1835 1622 1872 inata,
1651 1835 1714 1866 hoc
1737 1835 1844 1867 inesse
1868 1835 1933 1866 iam

217 1897 310 1928 Cedo.
334 1895 383 1928 Cf.
407 1896 447 1926 ad
470 1894 532 1925 IX.
558 1894 606 1930 18,
630 1894 659 1923 3.
1074 1892 1240 1922 docuerat.
1263 1890 1455 1922 Reiicienda
1478 1890 1579 1930 igitur
1599 1889 1788 1920 coniectura
1809 1888 1934 1920 Salma-

211 1951 342 1982 Lumina
376 1954 453 1981 sunt
482 1948 578 1979 faces.
613 1945 663 1977 Cf.
694 1944 832 1976 casaub.
864 1944 904 1974 ad
935 1942 1028 1974 Suet.
1076 1945 1115 1975 sii
1139 1945 1180 1975 ad
1202 1944 1291 1975 Hist.
1312 1944 1402 1983 Aug.
1438 1943 1545 1983 script.
1570 1952 1599 1983 p.
1622 1942 1682 1972 461
1707 1942 1746 1973 B.
1769 1944 1878 1979 matta,
1902 1948 1934 1974 et

170 2006 262 2037 Caes.
284 2005 334 2037 31.
1075 1998 1199 2030 Moseri
1229 1997 1344 2038 symb.
1375 1996 1454 2028 Crit.
1480 1996 1548 2040 VI.
1563 2006 1594 2037 p.
1617 1996 1655 2027 15
1679 1995 1762 2034 avia,
1785 2005 1853 2027 non
1876 1996 1935 2026 mi-

212 2062 230 2100 §
261 2060 289 2090 2.
316 2049 396 2102 11αᾷ
414 2052 601 2101 ἠνεμόεντα
629 2053 809 2100 Μίμαντα,
838 2051 942 2087 νήσου
971 2047 1028 2082 ἔπι
1053 2083 1055 2085 ,
1077 2061 1139 2082 11115
1162 2061 1258 2091 quam
1277 2042 1564 2095 παραδιορθὼσις
1577 2050 1648 2080 cod.
1661 2049 1802 2080 Helmst.
1817 2049 1934 2090 inepla.

171 2116 304 2163 ψυριής,
332 2115 490 2147 Versibus
518 2112 702 2143 Homericis
727 2120 768 2141 ex
792 2108 852 2141 Od.
877 2108 941 2138 ΠΙ.
969 2106 1025 2138 171

722 2229 849 2271 XJJJ.
885 2229 925 2269 b.
993 2230 1056 2280 (A.
1100 2227 1143 2267 U.
1183 2228 1223 2265 cf.
1264 2226 1380 2278 710.)

239 2369 277 2408 1.
312 2366 337 2390 '³³‘
372 2365 398 2389 ÷<
433 2364 458 2387 ÷÷
493 2363 519 2386 ÷:-
554 2367 593 2402 et
627 2358 785 2413 quidem
821 2365 866 2398 ut
900 2372 922 2397 a
955 2371 1016 2396 me
1051 2353 1292 2395 dimitterem
1327 2351 1605 2400 invitissimus,
1631 2350 1810 2391 fecerunt
1833 2349 1929 2390 Ero-

174 2442 226 2482 tis
270 2440 421 2480 literae.
474 2437 572 2478 Rem
615 2433 691 2474 tibi
734 2431 828 2472 Tiro
874 2428 1063 2471 narrabit.
1113 2428 1188 2476 Tu,
1234 2425 1332 2480 quid
1376 2423 1605 2465 faciendum
1647 2424 1713 2474 sit,
1760 2422 1933 2464 videbis.

173 2515 397 2561 Praeterea,
444 2508 642 2564 possimne
674 2500 850 2561 propius
895 2502 1079 2544 accedere
1130 2525 1185 2529 -
1237 2499 1340 2540 malo
1373 2498 1478 2539 enim
1513 2513 1597 2539 esse
1630 2498 1673 2538 in
1703 2496 1931 2538 Tusculano

139 2600 154 2624 ⁵
176 2598 246 2629 aut
278 2584 434 2641 uspiam
467 2583 509 2623 in
542 2577 773 2621 suburbano
809 2603 863 2606 -κ
900 2591 950 2616 an
983 2575 1101 2615 etiam
1134 2572 1295 2627 longius
1329 2570 1616 2612 discedendum
1638 2574 1769 2626 putes,
1790 2568 1928 2610 crebro

177 2661 225 2701 ad
274 2673 336 2699 me
375 2656 492 2697 velim
539 2652 701 2694 scribas.
750 2651 841 2692 Erit,
883 2656 1017 2690 autem
1061 2646 1240 2702 quotidie
1285 2645 1351 2686 cui
1384 2644 1467 2686 des.
1503 2648 1543 2685 2.
1578 2643 1696 2696 Quod
1731 2647 1931 2699 praeterea

178 2730 353 2774 consulis
388 2727 483 2783 quid
518 2725 595 2767 tibi
630 2739 811 2766 censeam
845 2721 1096 2770 faciundum,
1131 2719 1291 2760 difficile
1322 2724 1395 2767 est,
1431 2732 1551 2771 quum
1588 2716 1729 2758 absim.
1764 2718 1932 2758 Verum—

220 2901 238 2940 §
262 2900 277 2930 1
375 2899 406 2927 et
427 2894 558 2937 quidem.
588 2892 679 2922 Haec
703 2901 721 2921 a
743 2888 963 2930 superioribus
985 2896 1032 2918 se·
1054 2892 1057 2919 1
1121 2887 1139 2925 ξ
1161 2887 1189 2918 2.
1221 2885 1434 2916 Verumtamen
1455 2901 1498 2907 ·-
1519 2881 1729 2914 communiter.
1753 2881 1815 2913 uSi
1838 2891 1930 2922 pares

178 2952 322 2995 paranda
343 2959 412 2981 esse
435 2954 466 2979 et
487 2944 649 2978 nonnulla
671 2943 771 2974 verba
792 2942 828 2972 in
850 2941 969 2971 lacuna
980 2948 1032 2980 pe·
1055 2940 1057 2978 1
1077 2941 1179 2981 copiis
1202 2946 1280 2971 sunt
1301 2938 1470 2970 Antonius
1493 2943 1526 2968 et
1549 2935 1714 2972 Octavius,
1729 2935 1854 2966 Romae
1869 2934 1929 2966 tibi

179 3008 270 3038 riisse
292 3012 383 3036 acute
395 3002 479 3034 vidit
489 2998 704 3039 Mongaltius.
728 2996 905 3028 Schutzius
921 2999 1031 3024 autem
1077 3003 1195 3025 censeo
1217 2993 1434 3028 manendum3
1454 3008 1495 3013 ——
1517 2990 1567 3020 sin
1599 2988 1746 3029 superior
1773 2988 1930 3019 alteruter

179 3062 259 3092 haec
287 3058 354 3090 fere
386 3054 567 3096 supplenda
588 3051 686 3082 vidit:
715 3050 845 3080 Tantum
868 3048 949 3089 quod
973 3047 1032 3076 Ar·
1078 3054 1134 3086 est,
1157 3047 1404 3078 discedendum.
1426 3045 1640 3084 Utercunque
1654 3043 1743 3074 enim
1758 3042 1857 3080 valet,
1877 3051 1929 3083 pe·

172 3114 280 3154 pinum
304 3120 456 3145 renerum,
478 3104 602 3148 [quum]
638 3103 744 3134 Tironi
765 3103 823 3133 has
845 3101 889 3132 ad
910 3103 941 3131 te
962 3100 1031 3131 lite·
1078 3101 1219 3140 riculum
1241 3099 1348 3140 primo
1370 3098 1409 3129 ad
1432 3106 1502 3134 nos,
1518 3096 1577 3137 qui
1590 3105 1692 3136 remp.
1708 3094 1929 3132 defendimus,

181 3179 234 3198 rus
256 3168 337 3197 (mli.
367 3164 506 3205 Equidem
531 3163 566 3191 ut
585 3166 647 3191 cet.
1077 3154 1195 3186 deinde
1219 3153 1260 3182 ab
1282 3160 1396 3182 omnes
1410 3149 1569 3181 manabit.
1594 3149 1645 3179 Ita
1658 3148 1828 3179 Manutius
1841 3151 1928 3178 recte
