2062 3565
700 171 802 212 Llss.
840 172 915 212 λἸ.
957 172 1034 212 ΕΡ.
1074 175 1144 212 :2:5.
1183 176 1254 212 31..
1787 178 1855 215 1111

92 307 230 358 altero,
274 306 356 347 8610
398 306 584 360 equidem
638 307 770 348 venire
806 321 913 348 nunc
948 307 1006 348 nil
1040 322 1168 362 posse,
1204 307 1271 348 sed
1307 309 1446 363 seponi
1480 315 1519 350 et
1553 308 1743 350 occultari
1778 324 1864 365 pos-

92 385 202 431 sunt,
249 385 295 421 ut
339 385 450 421 extra
497 380 653 421 ruinam
701 381 783 422 sint
825 396 926 432 eam,
973 396 1074 436 quae
1108 381 1327 437 impendet.
1363 383 1405 422 3.
1440 382 1546 423 Nam
1580 381 1686 438 quod
1722 381 1863 423 scribis

96 452 249 509 [nobis]
286 458 422 495 nostra
455 458 495 494 et
529 458 600 495 tua
631 454 787 496 Tulliae
821 455 903 496 fore
936 461 1089 510 parata,
1122 460 1194 496 tua
1227 455 1360 508 credo,
1395 460 1531 498 nostra
1553 471 1654 512 quae
1672 460 1862 511 poterunt

93 527 206 568 esse?
247 526 307 568 De
347 526 535 567 Terentia
579 531 714 568 autem
757 552 813 557 -
854 528 972 569 mitto
1017 533 1161 578 cetera,
1197 543 1297 582 quae
1331 534 1426 570 sunt
1458 529 1768 571 innumerabilia
1803 554 1859 560 —-

93 598 191 654 quid
238 599 287 641 ad
332 599 408 641 hoc
453 599 548 641 addi
591 602 752 655 potest?
796 602 1033 657 Scripseras,
1067 606 1114 642 ut
1148 602 1232 643 HS.
1268 607 1338 643 ἷιι.
1371 608 1655 660 permutarem,
1701 608 1861 645 tantum
1902 620 1915 643 s

93 687 177 714 esse
208 672 408 728 reliquum
441 673 490 714 de
523 678 702 728 argento.
737 674 854 715 Misit
886 674 955 715 illa
988 687 1126 717 octoo.
1162 675 1261 716 mihi
1294 681 1335 716 et
1358 675 1573 731 adscripsit
1594 681 1862 717 16111111116856

94 747 307 803 reliquum.
341 746 481 793 Quum
515 747 590 788 1106
623 752 707 789 16111
740 762 906 803 parvum
940 747 989 789 de
1022 763 1144 803 parvo
1191 747 1423 800 detraxerit,
1457 749 1650 805 perspicis
1683 749 1780 804 quid
1822 750 1863 792 in

95 820 268 861 maxima
311 835 351 862 re
395 820 547 862 fecerit.
596 824 635 862 4.
680 820 925 862 Philotimus
968 836 1051 863 11011
1090 821 1210 863 1110ᾶο
1254 822 1390 863 nullus
1435 823 1558 874 venit,
1606 822 1674 864 sed
1716 837 1765 864 116
1797 838 1866 879 per

95 892 230 934 literas
263 893 425 947 quidem
452 900 524 935 aut
569 909 637 949 per
677 893 868 935 nuntium
901 894 1110 935 certiorem
1142 894 1240 935 facit
1272 909 1349 945 me,
1384 894 1482 949 quid
1515 895 1654 950 egerit.
1705 896 1866 951 Epheso

96 967 166 1022 qui
213 967 396 1018 veniunt,
441 966 499 1008 ibi
542 982 582 1008 se
627 982 719 1008 eum
767 966 816 1008 de
860 967 945 1008 suis
978 967 1260 1008 controversiis
1293 967 1337 1009 in
1369 967 1434 1008 ius
1469 967 1685 1009 adeuntem
1718 968 1866 1010 vidisse
1888 987 1920 1013 ιο

97 1040 301 1091 111111116111,
354 1055 455 1096 quae
501 1040 663 1096 quidem
714 1065 769 1070 ——
820 1040 878 1081 ita
926 1040 1033 1082 enim
1078 1040 1160 1082 veri
1210 1041 1339 1082 simile
1387 1046 1448 1082 est
1482 1066 1538 1071 —
1572 1042 1616 1082 in
1649 1041 1868 1083 adventum

97 1113 278 1155 Caesaris
320 1113 485 1155 fortasse
517 1114 771 1156 reiieiuntur.
821 1114 885 1155 Ita
919 1118 989 1154 aut
1020 1112 1125 1155 nihil
1159 1118 1257 1169 puto
1289 1129 1381 1155 eum
1416 1113 1576 1165 habere,
1611 1115 1719 1169 quod
1753 1120 1869 1170 putet

98 1186 149 1227 ad
181 1201 244 1228 me
277 1187 445 1229 celerius
478 1187 773 1244 perferendum,
808 1192 879 1228 aut
910 1202 956 1228 eo
990 1201 1053 1228 me
1085 1187 1214 1241 magis
1247 1202 1331 1229 6886
1356 1188 1603 1244 despectum,
1627 1193 1688 1239 ut,
1712 1189 1869 1230 etiamsi

99 1260 197 1316 quid
242 1260 378 1312 habet,
421 1261 479 1312 id,
524 1261 603 1303 nisi
646 1260 834 1302 omnibus
868 1261 951 1302 suis
986 1260 1158 1314 negotiis
1191 1260 1399 1313 confectis,
1434 1261 1484 1302 ad
1517 1261 1756 1332 mffireferre
1789 1276 1871 1303 11011

100 1339 225 1375 curet.
275 1335 337 1376 Ex
382 1349 462 1390 quo
494 1348 688 1389 magnum
720 1333 909 1389 equidem
940 1332 1055 1389 capio
1088 1333 1280 1385 dolorem,
1315 1334 1385 1376 sed
1419 1349 1502 1376 non
1535 1339 1710 1386 tantum,
1745 1350 1871 1390 quan—
1895 1350 1926 1374 15

100 1414 187 1448 tum
230 1406 366 1449 videor
409 1407 568 1449 debere.
623 1407 742 1449 Nihil
785 1407 895 1449 enim
937 1422 1026 1449 mea
1068 1407 1204 1449 minus
1237 1407 1430 1449 interesse
1463 1413 1576 1463 puto,
1613 1422 1732 1461 quam
1772 1407 1871 1462 quid

99 1481 212 1522 1111116
255 1481 457 1522 afferatur.
506 1480 558 1522 Id
601 1495 722 1536 quam
766 1479 818 1522 ob
852 1495 936 1522 rem
967 1485 1008 1522 te
1041 1480 1266 1536 intelligere
1300 1486 1409 1522 certo
1442 1481 1539 1522 5610.
1576 1483 1616 1521 5.
1651 1480 1775 1526 Quod
1808 1495 1870 1521 me

102 1568 238 1595 mones
282 1553 332 1595 de
375 1553 492 1596 vultu
531 1559 572 1595 et
609 1554 789 1595 oratione
821 1553 872 1594 ad
905 1558 1065 1609 tempus
1099 1553 1452 1604 accommodanda,
1488 1553 1564 1594 etsi
1598 1553 1760 1594 difficile
1795 1560 1869 1604 est,

102 1631 236 1668 tamen
268 1626 505 1682 imperarem
538 1626 652 1678 mihi,
688 1627 722 1668 si
756 1642 842 1668 mea
870 1626 1092 1682 quidquam
1116 1627 1309 1669 interesse
1331 1631 1530 1683 putarem.
1566 1626 1688 1672 Quod
1729 1626 1871 1668 scribis

101 1700 228 1742 literis
271 1705 411 1756 putare
457 1700 695 1742 Africanum
727 1700 937 1755 negotium
969 1700 1113 1741 confici
1147 1714 1276 1755 posse,
1309 1699 1452 1741 venem
1485 1699 1678 1741 scriberes
1712 1715 1782 1740 6111·
1815 1700 1873 1740 ita
1894 1714 1928 1739 20

103 1777 263 1828 putares
277 1792 288 1825 3
322 1773 423 1814 mihi
455 1773 617 1829 quidem
651 1772 756 1814 nihil
787 1773 831 1814 in
863 1777 1039 1814 mentem
1073 1773 1196 1822 venit,
1232 1787 1354 1828 quare
1387 1772 1430 1814 id
1461 1778 1601 1829 putem
1635 1773 1719 1814 fieri
1742 1788 1871 1828 posse.

102 1845 165 1887 Tu
197 1850 332 1887 tamen
372 1846 506 1898 velim,
542 1847 576 1887 si
608 1845 707 1901 quid
753 1846 843 1897 erit,
878 1845 986 1901 quod
1020 1846 1306 1887 consolationis
1340 1845 1494 1901 aliquid
1526 1845 1687 1897 habeat,
1723 1844 1873 1886 scribas

104 1919 154 1960 ad
199 1935 261 1961 me
271 1939 282 1972 3
329 1920 405 1970 sin,
451 1923 498 1960 ut
545 1919 757 1975 perspicio,
800 1918 903 1960 nihil
948 1918 1038 1969 erit,
1084 1917 1236 1960 scribas
1268 1917 1311 1960 id
1344 1919 1492 1974 ipsum.
1548 1919 1636 1972 Ego
1670 1917 1719 1958 ad
1752 1923 1805 1968 te,
1842 1918 1875 1958 si

105 1992 202 2048 quid
236 1992 400 2034 audiero
435 1992 570 2044 citius,
606 1991 793 2034 scribam.
826 1992 942 2049 Vale.
979 2005 1062 2033 Hx.
1097 1992 1162 2033 Id.
1196 1992 1306 2033 Sext.

147 2117 166 2148 2
188 2116 270 2158 quod
291 2114 521 2152 scribis-nobis,
544 2116 655 2145 nostra
678 2131 718 2137 -—
742 2113 780 2144 13
801 2112 1039 2154 perferendum,
1063 2115 1094 2144 et
1116 2123 1152 2144 eo
1166 2112 1324 2154 mewa-qis
1338 2122 1407 2145 esse
1418 2112 1612 2155 despectmm
1633 2113 1689 2142 aut
1702 2111 1824 2142 etiamsi
1839 2129 1878 2133 —

108 2171 145 2201 15
170 2172 274 2201 curat.
299 2188 340 2193 —
362 2169 403 2200 23
425 2168 470 2199 ad
491 2178 547 2199 me.
571 2165 626 2197 Sin
648 2184 690 2189 -

106 2285 222 2322 rentia,
244 2294 346 2326 quam
370 2283 525 2315 miseram
548 2281 677 2313 celabat
692 2281 847 2312 timorem
858 2289 968 2317 suum,

107 2348 149 2370 ne
171 2339 259 2370 bona
283 2347 343 2369 8116
363 2336 654 2378 proscriberentur.

150 2393 198 2425 De
229 2393 288 2425 illo
319 2393 423 2424 altero
456 2398 517 2424 cet.
552 2391 771 2422 Illustrantur
803 2390 854 2427 iis,
886 2398 970 2431 quae

108 2455 185 2481 ante
206 2448 378 2490 scripserat
399 2457 449 2489 ep.
474 2446 524 2484 25,
549 2447 567 2478 3
595 2444 635 2476 Te
656 2455 720 2482 oro,
737 2446 772 2475 ut
789 2444 824 2474 in
833 2442 970 2484 perdilis

108 2503 206 2540 rebus,
234 2501 264 2532 si
290 2501 367 2543 quid
395 2500 462 2542 c09i
490 2499 600 2541 confici
622 2500 740 2539 potest,
768 2497 850 2539 quod
871 2497 915 2527 sz't
936 2497 971 2527 in

108 2558 186 2594 tuto,
215 2565 255 2586 ea·
282 2556 416 2596 arqento
451 2571 492 2576 ——-
521 2551 728 2592 supellectile,
757 2550 813 2581 des
835 2559 971 2590 operam.

117 2609 228 2641 Venire
250 2615 299 2641 est
320 2609 429 2649 itaque
451 2607 474 2639 i.
501 2617 532 2648 q.
555 2604 750 2637 venumdari.

153 2663 171 2703 ξ
200 2663 230 2694 3.
264 2661 354 2702 Quod
382 2660 492 2691 scribis
522 2661 633 2690 nostra
655 2660 686 2689 et
709 2659 765 2688 lua
787 2662 849 2688 cet.
873 2655 974 2694 Quod

111 2722 183 2758 post
204 2727 235 2748 v.
257 2716 366 2746 scribis
391 2716 426 2746 in
449 2714 542 2745 codd.
567 2718 616 2744 est
636 2711 722 2743 nobis
744 2710 879 2742 librario
893 2708 973 2740 osci-

112 2769 196 2800 tanti
215 2768 329 2800 deberi
350 2777 453 2808 quum
475 2767 535 2797 vix
557 2765 695 2797 dubium
722 2770 817 2801 esset,
841 2761 972 2795 seclusi.

159 2824 196 2854 Ut
229 2822 295 2854 HS.
329 2814 405 2853 XT]
426 2822 646 2862 permutarem.
679 2818 780 2850 Recte
809 2816 974 2849 Corradus

115 2876 258 2908 correxit
279 2876 373 2907 codd.
395 2874 589 2914 scripturam
609 2872 817 2912 permutaret.
839 2868 973 2901 Atticus

115 2931 221 2962 amico
250 2930 433 2975 scrip—sgr-at,
467 2932 504 2957 ut
525 2924 697 2956 Brundisii
720 2923 762 2954 ab
784 2923 898 2964 aliquo
920 2931 974 2952 su·

115 2988 219 3015 meret
229 2983 301 3015 HS.
323 2983 407 3020 XII,
429 2982 555 3013 Romae
578 2989 597 3010 a
619 2978 775 3010 Terentia
797 2976 974 3011 solvenda;

117 3036 274 3068 Terentia
286 3041 397 3067 autem
415 3034 486 3065 HS.
508 3023 543 3065 ”X-
566 3033 665 3070 misit,
693 3036 790 3072 atque
813 3030 925 3071 igitur,
948 3029 976 3060 si

116 3091 247 3122 Atticus
268 3098 432 3121 summam
453 3090 603 3118 accurate
616 3085 786 3122 indicarat,
805 3083 870 3114 duo
885 3081 978 3113 milia

115 3143 186 3176 HS.
211 3144 409 3175 detraxerat.

158 3199 174 3237 ξ
206 3199 227 3227 t.
256 3195 450 3226 Philotium-v.
475 3194 514 3224 vf.
539 3194 577 3223 nd
603 3203 650 3232 ep.
675 3192 722 3226 19,
745 3191 774 3221 2.

182 3254 240 3294 [Ι.

1058 2280 1097 2311 In
1119 2281 1170 2311 ius
1197 2280 1374 2312 adeuntem.
1397 2279 1492 2311 Solet
1508 2279 1542 2310 in
1559 2279 1621 2309 1166
1633 2277 1775 2309 formula
1790 2285 1877 2318 prae-

1015 2336 1135 2377 positio
1164 2335 1250 2372 addi,
1283 2339 1321 2366 ut
1342 2335 1378 2365 in
1401 2333 1583 2365 Plebiseito
1605 2334 1646 2364 de
1668 2330 1878 2363 Ther-mensi-

1016 2391 1076 2421 bus
1098 2390 1161 2421 col.
1186 2390 1215 2421 2.
1238 2399 1268 2420 v.
1292 2389 1334 2420 42
1356 2397 1425 2425 Quo
1448 2397 1496 2418 DE
1519 2397 1565 2418 EA
1589 2396 1634 2418 RE
1657 2396 1693 2417 lx
1709 2393 1788 2416 1015s
1805 2393 1877 2415 Am-

1015 2452 1087 2474 111111
1110 2452 1200 2474 mur.
1232 2442 1296 2474 Ac.
1330 2441 1428 2473 Verr.
1458 2441 1498 2473 L.
1520 2441 1567 2472 Π.
1598 2441 1616 2480 ξ
1641 2440 1678 2470 55
1709 2440 1877 2479 antequam

1014 2498 1050 2528 in
1071 2497 1122 2528 ius
1143 2497 1264 2528 aditum
1287 2498 1344 2527 est.
1374 2494 1468 2527 Caes.
1491 2496 1533 2527 Β.
1565 2494 1601 2526 C.
1624 2494 1652 2524 Ι.
1675 2492 1713 2524 87
1737 2491 1781 2522 ad
1804 2490 1878 2521 Cae-

1015 2560 1117 2581 sarem
1138 2550 1172 2580 in
1195 2549 1244 2579 ius
1266 2548 1426 2579 adierunt.

1058 2602 1297 2643 Perferendum,
1329 2604 1359 2633 ec
1389 2619 1430 2624 —
1458 2601 1645 2641 despectum,
1677 2600 1732 2628 aut
1755 2595 1878 2627 etiamsi

1017 2654 1094 2697 quid
1113 2654 1216 2692 habet,
1239 2660 1301 2685 eet.
1323 2652 1380 2684 Sic
1401 2652 1514 2692 vulgo.
1537 2651 1580 2682 In
1603 2650 1692 2681 Med.
1715 2658 1782 2679 non
1795 2650 1825 2678 et
1842 2665 1879 2669 —

1019 2710 1085 2746 aut,
1113 2707 1171 2738 sed
1193 2707 1243 2737 bis
1265 2708 1300 2736 ut
1323 2705 1482 2746 scriptum
1504 2710 1563 2735 est.
1599 2702 1648 2733 Eo
1671 2699 1878 2732 commenda-

1020 2766 1074 2791 tur
1095 2766 1127 2792 et
1149 2759 1256 2800 magis
1278 2759 1379 2790 etiam
1400 2758 1471 2798 ipsa
1492 2755 1674 2788 sententiae
1697 2752 1878 2784 conforma-

1018 2813 1118 2851 tione,
1149 2813 1239 2855 quod
1269 2812 1412 2844 Ursinus
1442 2810 1535 2842 velut
1558 2819 1575 2841 e
1607 2814 1670 2839 vet.
1693 2806 1778 2837 libro
1810 2814 1879 2845 pro-

1018 2867 1128 2909 ponit:
1150 2869 1207 2899 aut
1223 2877 1258 2898 eo
1275 2876 1321 2898 me
1333 2865 1431 2906 maqis
1443 2874 1509 2896 esse
1521 2863 1704 2904 despectum,
1717 2862 1751 2890 u!
1771 2858 1877 2888 eliam-

1020 2921 1049 2951 si
1069 2920 1146 2962 quid
1167 2920 1258 2951 habet
1271 2937 1312 2942 —
1324 2928 1386 2949 non
1397 2919 1486 2949 curet
1499 2916 1576 2956 (hoc
1589 2922 1718 2955 quoque
1731 2921 1747 2942 e
1761 2910 1881 2949 Mem).

1062 2973 1080 3012 ξ
1104 2975 1132 3004 5.
1157 2972 1275 3003 Literis
1297 2981 1329 3002 o:
1345 2980 1404 3012 per
1419 2969 1572 3010 epistolas
1585 2967 1741 3006 utrinque
1754 2964 1880 2994 missas.

1062 3025 1188 3056 Scribas
1210 3024 1254 3055 ad
1275 3034 1336 3059 me;
1361 3023 1411 3053 sin
1431 3041 1472 3046 —
1494 3020 1576 3052 nihil
1597 3018 1668 3056 erit,
1687 3016 1805 3048 scribas
1817 3022 1879 3046 cet.

1022 3080 1075 3111 Ita
1107 3079 1247 3111 distinxi
1282 3077 1391 3115 verba,
1428 3083 1466 3108 ut
1506 3078 1673 3116 appareret
1704 3076 1882 3109 utrumque

1023 3131 1142 3163 scribas
1175 3131 1317 3171 pendere
1351 3140 1369 3159 a
1409 3128 1510 3158 velim.
1553 3125 1593 3155 cf.
1626 3121 1760 3154 Mulleri
1796 3120 1882 3151 coni.

999 3175 1001 3179 “
1025 3185 1114 3215 'run
1138 3195 1166 3224 p.
1195 3184 1241 3213 m.

1651 3234 1691 3271 ll
