2062 3565
160 180 242 219 166
564 179 647 218 ΕΡ.
681 178 757 218 AD
789 178 836 217 T.
870 176 1220 218 POMPONIUM
1253 177 1502 219 ATTICUM

161 328 317 368 quoque
350 326 495 368 ponam
537 312 581 353 in
621 311 760 352 eodem
794 307 966 366 πάθει,
1001 310 1108 365 (111οᾶ
1141 312 1198 353 110
1232 316 1292 353 est
1323 311 1515 367 profecto.
1560 313 1638 354 Sed
1671 313 1790 354 velim
1823 313 1922 354 scire

159 385 329 426 hodiene
362 384 497 426 statim
531 383 580 424 de
614 383 815 434 auctione,
850 387 890 424 et
922 397 1000 438 quo
1034 383 1099 424 die
1132 384 1282 425 venias.
1316 384 1404 438 Ego
1437 399 1500 426 me
1522 385 1675 427 interea
1697 400 1788 427 cum
1811 384 1923 427 libel-

266 460 326 499 Ac
369 457 533 499 moleste
574 456 656 498 fero
700 456 905 497 Vennonii
938 471 1000 497 me
1032 455 1241 498 historiam
1275 471 1355 497 non
1389 455 1548 498 habere.
1585 461 1626 498 2.
1661 457 1739 500 Sed
1771 462 1921 505 tamen,

151 546 201 572 ne
246 529 350 571 nihil
394 529 443 570 de
486 544 541 580 re,
586 544 734 570 nomen
775 528 892 580 illud,
935 528 1041 583 quod
1086 543 1108 569 a
1151 528 1332 579 Caesare,
1366 533 1446 569 tres
1480 528 1603 571 habet
1648 529 1921 571 conditiones:

157 459 220 500 lis.

119 618 132 642 5
152 607 223 645 aut
255 603 498 658 emptionem
532 601 582 643 ad
615 601 772 643 hastam
807 626 864 631 ——
907 601 1069 656 perdere
1103 601 1221 652 malo,
1257 601 1333 642 etsi
1379 605 1535 657 praeter
1577 603 1705 658 ipsam
1749 603 1924 658 turpitu-

152 676 287 717 dinem
336 676 412 716 hoc
455 675 588 730 ipsum
631 678 730 730 puto
779 690 863 716 esse
908 673 1071 729 perdere
1117 699 1173 704 —
1225 678 1295 714 aut
1347 674 1639 730 delegationem
1674 691 1696 717 a
1724 676 1921 731 mancipe,

152 763 287 789 annua
336 748 400 789 die
452 772 509 778 --
555 749 646 807 quis
696 749 773 789 erit
819 748 885 789 cui
931 747 1105 798 credam,
1156 751 1228 789 0111
1276 748 1436 801 quando
1468 749 1545 790 iste
1580 749 1759 791 Metonis
1793 763 1923 790 annus

153 821 313 862 veniet?
350 846 405 850 —-
439 824 509 861 aut
542 821 724 862 Vettieni
758 820 990 862 conditione
1023 820 1241 861 semissem.
1285 820 1495 876 Σκέψαι
1517 822 1657 876 igitur.
1693 823 1754 862 Ac
1773 835 1922 873 vereor,

193 986 210 1016 5
233 985 272 1016 ab
294 985 387 1016 hasta
411 1003 452 1009 —-
464 987 596 1026 propter
619 1002 659 1007 —
682 986 700 1015 8
724 985 932 1016 conditionem
955 984 1081 1015 semisse
1104 1002 1145 1007 ——

1030 1136 1033 1161 Ι
1056 1138 1073 1159 0
1112 1128 1256 1170 Callippi
1299 1130 1501 1161 correctione
1548 1139 1711 1161 annorum
1755 1128 1922 1160 LXXVI.

1054 1182 1229 1213 Ausonius
1254 1183 1287 1213 111
1322 1183 1414 1223 epist.
1447 1184 1482 1213 2:
1533 1182 1612 1218 Quis
1639 1182 1712 1222 suit
1741 1181 1799 1213 ille
1827 1181 1923 1213 dies?

1054 1246 1115 1266 non
1139 1245 1242 1266 annus
1265 1235 1388 1276 lonyior
1410 1235 1467 1266 ille
1490 1237 1547 1273 est,
1583 1235 1692 1266 Attica
1726 1246 1814 1276 quem
1835 1235 1921 1266 docti

1030 1286 1033 1327 ξ
1054 1289 1183 1330 colleqit
1207 1298 1283 1319 cura
1307 1288 1455 1320 Metonis.
1491 1289 1583 1329 Ergo
1600 1289 1681 1320 haec
1695 1289 1843 1330 quaestio
1856 1289 1922 1322 fere

1054 1342 1141 1373 idem
1164 1342 1339 1382 significat,
1376 1343 1465 1383 quod
1498 1343 1577 1373 alibi
1612 1343 1787 1374 Kalendae
1820 1341 1918 1374 Grae-

1050 1405 1119 1427 cae.

1104 1447 1239 1479 Vettienz‘
1261 1448 1440 1480 conditione
1460 1449 1627 1479 semissem.
1653 1448 1709 1480 Sic
1728 1449 1821 1480 codd.
1843 1449 1922 1486 noti,

149 1133 268 1164 durabo
291 1143 324 1164 o:
349 1132 521 1174 perferam,
545 1137 581 1163 ut
603 1132 665 1163 hoc
690 1141 756 1162 non
780 1131 821 1161 ad
843 1139 877 1161 se
899 1130 1008 1161 solum

150 1187 335 1228 pertineret,
360 1197 464 1228 quum
486 1186 582 1218 sciret
605 1185 758 1217 similiter
773 1183 925 1214 Atticum
937 1192 1008 1214 esse

149 1239 312 1277 affectum,
347 1249 416 1270 esse
439 1239 473 1270 in
497 1239 613 1270 eodem
641 1235 760 1270 πάθει,
784 1236 853 1266 Hoc
869 1235 1007 1266 triduum

148 1304 197 1330 est
217 1308 284 1329 acc.
307 1297 471 1339 temporis.

199 1352 361 1384 Vennoni.
394 1352 465 1383 Vix
488 1351 558 1383 ulla
579 1351 678 1382 huius
706 1350 853 1382 historici
884 1349 1009 1380 mentio

149 1407 194 1443 fit,
218 1406 282 1437 nisi
306 1416 323 1436 a
347 1405 506 1437 Cicerone
530 1405 612 1445 Leg.
638 1405 663 1435 Ι.
688 1404 706 1434 6
729 1404 786 1434 ubi
814 1413 891 1434 cum
922 1406 1007 1433 vete·
1031 1443 1032 1448 1

149 1460 240 1491 ribus
262 1460 432 1491 annalium
455 1459 669 1500 scriptoribus
685 1461 962 1488 commemoratur
977 1460 1008 1487 et
1031 1449 1033 1453 ¹

149 1513 308 1545 orationis
331 1513 464 1544 exilitas
487 1513 516 1543 ei
541 1512 703 1548 obiicitur.
734 1518 765 1542 et
799 1511 886 1551 apud
908 1509 1007 1540 Dion.

149 1568 227 1598 Hal.
251 1567 313 1598 IV.
339 1567 387 1597 15.

193 1622 211 1660 ξ
234 1620 262 1651 2.
286 1620 402 1651 Nomen
425 1619 511 1650 illud
531 1625 592 1650 cet.
629 1634 641 1643 υ
653 1618 803 1649 Ciceroni
836 1617 1010 1658 pecuniam

150 1673 291 1705 debebat
313 1673 512 1714 proscriptus
541 1672 623 1703 civis
657 1671 888 1712 Pompeianus,
918 1672 1010 1702 cuius

153 1726 239 1756 bona
261 1725 381 1757 Caesar
403 1735 506 1766 quum
528 1725 630 1756 vellet
651 1724 830 1765 publicare,
863 1724 1012 1765 permisit

150 1785 187 1810 ut
210 1779 327 1810 Cicero
349 1779 439 1820 quod
460 1778 522 1809 sibi
545 1778 719 1809 deberetur
741 1777 899 1817 exigeret.
930 1778 1011 1809 Ideo

150 1831 246 1862 dicit:
271 1841 381 1862 nomen
404 1830 496 1868 illud,
519 1829 602 1872 quod
622 1841 641 1859 a
667 1829 801 1860 Caesare
831 1830 913 1860 mihi
936 1840 1011 1860 con-

152 1893 281 1915 cessum
306 1888 341 1914 ut
363 1883 506 1922 exigam,
528 1883 631 1913 tribus
655 1882 761 1913 modis
783 1883 939 1923 consequi
955 1892 1010 1923 po-

154 1944 232 1976 tero,
258 1938 424 1979 emptione
447 1938 488 1969 ab
509 1938 614 1974 hasta,
636 1937 843 1976 delegatione
873 1947 890 1967 a
922 1947 1011 1968 man-

152 1991 233 2032 cipe,
258 1991 393 2022 semisse
415 2000 449 2021 e:
473 1995 509 2021 ut
532 2000 639 2021 emam
662 1990 696 2020 in
713 1990 867 2021 auctione
883 1999 925 2021 ex
942 2000 1011 2030 pro-

152 2043 264 2083 scripti
290 2043 392 2080 bonis,
422 2047 582 2084 quantum
616 2042 694 2073 satis
729 2047 777 2074 est
809 2052 868 2082 pro
900 2042 1012 2073 debito

153 2106 228 2127 meo
251 2096 298 2131 (et
321 2106 388 2127 non
413 2096 564 2137 solvam),
590 2096 642 2127 vel
667 2096 868 2126 solutionem
891 2096 933 2125 ad
954 2105 1011 2126 an-

154 2161 235 2182 uum
258 2151 415 2192 accipiam
438 2161 457 2181 a
478 2151 639 2192 mancipe,
662 2151 719 2191 qui
742 2151 799 2181 illa
823 2151 909 2181 bona
923 2150 1011 2187 emit,

154 2204 206 2235 vel
229 2204 372 2244 denique
395 2203 428 2234 in
452 2203 616 2244 praesenti
639 2203 778 2244 pecunia
794 2203 952 2243 accipiam
966 2203 1013 2233 di-

153 2257 291 2288 midiam
313 2262 439 2298 partem
462 2257 601 2288 debiti.”
624 2257 761 2297 Popma.

195 2310 385 2351 Emplz'onem
410 2310 455 2341 ad
475 2311 609 2341 hastam.
632 2310 696 2347 Sic,
721 2316 758 2341 ut
778 2310 909 2340 volebat
922 2309 1012 2341 Orel-

154 2365 217 2396 lius
240 2365 274 2396 in
297 2365 375 2396 edit.
400 2365 518 2405 priore,
542 2365 656 2405 scripsi
680 2374 697 2395 e
727 2365 797 2395 cod.
830 2365 924 2405 Hisp.
960 2365 1012 2395 Ex

154 2416 264 2450 Oxou.
288 2419 312 2463 ψ
335 2421 470 2448 notatur
491 2417 527 2448 ob
542 2417 682 2452 hasnam,-
706 2417 740 2448 in
758 2418 847 2448 Med.
867 2417 904 2447 ab
919 2417 1013 2446 hasta

152 2471 282 2502 videtur
303 2471 463 2511 scriptum
485 2480 567 2502 esse.

199 2523 331 2554 Praeter
354 2523 451 2564 ipsam
465 2523 700 2564 turpitudinem.
724 2525 776 2554 Ex
794 2524 930 2564 antiqua
945 2535 1012 2555 cor-

153 2640 227 2660 cum
249 2630 330 2660 fides
352 2629 485 2661 defendi
514 2637 610 2670 posse
644 2630 781 2660 videtur.
820 2630 908 2661 Dicit
941 2641 1011 2671 pro-

152 2683 265 2723 scripti
302 2682 498 2723 Pompeiani
535 2683 622 2713 bona
656 2692 763 2714 emere
799 2694 865 2714 11011
903 2685 1010 2715 solum

154 2736 246 2773 mihi,
269 2736 327 2777 qui
350 2736 384 2766 in
409 2737 524 2767 eadem
546 2745 642 2766 causa
666 2736 722 2773 fui,
747 2742 846 2780 turpe
864 2738 935 2774 erit,
959 2747 1011 2769 ve-

154 2800 227 2820 rum
251 2790 350 2820 etiam
373 2790 532 2820 damnum
555 2789 678 2820 afferet.
701 2790 789 2821 Nam
812 2791 898 2822 male
921 2796 1011 2831 parta

154 2843 219 2874 cito
242 2842 445 2873 dilabuntur.

197 2896 313 2926 Annua
340 2895 392 2926 die
421 2905 452 2926 a:
487 2905 525 2926 ca
553 2895 752 2933 conditione,
783 2902 819 2927 ut
851 2897 1012 2927 bonorum

155 2954 284 2989 emptor
307 2954 380 2989 post
403 2958 528 2979 annum
550 2947 634 2978 mihi
655 2950 772 2980 solvat.

196 3000 333 3031 Metonis
365 3010 478 3031 annus.
520 3000 671 3031 Fortasse
707 3002 849 3032 debitori
890 3012 1010 3033 nomen

156 3053 301 3083 Metonis
324 3052 395 3089 fuit,
417 3057 454 3082 ut
476 3062 543 3083 non
567 3053 652 3083 male
676 3049 883 3093 suspicantur
904 3064 945 3085 ex
961 3064 1008 3095 ep.

157 3107 205 3143 51,
229 3106 247 3135 3
269 3105 301 3136 11.
324 3106 345 3136 l.
368 3106 500 3136 Nomen
522 3106 607 3136 illud
629 3105 821 3138 Ciceronem
841 3108 1012 3138 admonuit

156 3159 195 3190 ‹lc
219 3168 306 3189 anno
330 3158 473 3189 Metonis
497 3158 622 3197 cyelico
644 3168 806 3190 annorum
834 3159 921 3190 XIX
956 3161 1009 3198 ⁴vel
1033 3186 1034 3196 ,

1056 1503 1145 1542 quod
1167 1507 1203 1533 ut
1228 1507 1390 1533 mutarem
1413 1503 1446 1533 in
1494 1501 1527 1532 V.
1558 1502 1765 1534 conditionem
1797 1502 1923 1534 semisse

1056 1567 1257 1597 magnorum
1298 1558 1474 1588 nominum
1515 1558 1708 1590 auctoritate
1746 1568 1815 1590 non
1850 1568 1922 1590 sum

1056 1615 1236 1651 permotus.
1275 1611 1459 1643 Enumerat
1493 1616 1558 1642 tres
1597 1612 1672 1642 illas
1705 1611 1921 1650 conditiones,

1057 1664 1262 1705 emptionem
1279 1665 1468 1702 hastariam,
1480 1665 1737 1705 delegationem,
1750 1666 1920 1698 semissem

1059 1719 1128 1751 sive
1152 1719 1326 1750 dimidiam
1350 1726 1476 1760 partem
1499 1720 1610 1757 debiti,
1627 1730 1728 1761 quam
1744 1720 1920 1752 Vettienus

1059 1773 1090 1805 ei
1113 1778 1338 1814 proposuerat,
1364 1775 1391 1804 si
1421 1774 1485 1805 sibi
1515 1783 1636 1805 nomen
1667 1775 1783 1806 cedere
1811 1775 1920 1806 vellet.

1061 1826 1246 1857 Conditione
1269 1828 1385 1858 eodem
1408 1828 1506 1858 modo
1529 1827 1670 1868 ponitur,
1693 1832 1729 1858 ut
1747 1827 1842 1858 Fam.
1858 1828 1920 1858 VI.

1060 1881 1089 1918 2,
1114 1882 1133 1912 2
1159 1881 1256 1911 armis
1279 1880 1457 1912 conditione
1475 1881 1597 1921 positis,
1620 1886 1652 1913 et
1674 1882 1708 1912 in
1726 1882 1800 1913 aliis
1812 1891 1921 1913 exem-

1060 1936 1133 1976 plis,
1156 1945 1240 1975 quae
1263 1935 1358 1966 affert
1392 1935 1540 1966 Kritzius
1571 1936 1612 1966 ad
1642 1935 1710 1967 Sal.
1741 1936 1805 1976 Iug
1853 1935 1921 1966 112.

1060 1989 1212 2020 Ablativi
1247 1988 1373 2019 semisse
1418 1989 1579 2020 rationem
1616 1999 1715 2021 nemo
1751 1990 1921 2030 explicuit.

1060 2045 1148 2076 Nam
1170 2045 1258 2085 quod
1279 2044 1468 2075 Gronovius
1500 2043 1638 2076 Observ.
1665 2046 1690 2076 Ι.
1715 2046 1755 2076 20
1783 2046 1923 2076 affirmat

1060 2098 1293 2139 compendium
1319 2098 1477 2138 loquendi
1500 2107 1570 2128 esse
1593 2108 1651 2138 pro
1676 2101 1709 2128 nt
1732 2098 1860 2129 semisse
1881 2097 1922 2127 si-

1061 2159 1126 2180 mus
1156 2149 1297 2180 contenti
1330 2150 1427 2179 fidem
1459 2155 1598 2189 superat.
1623 2168 1663 2172 —
1685 2149 1734 2180 De
1765 2150 1923 2181 Vettieno

1061 2204 1127 2234 vid.
1151 2203 1196 2234 X.
1222 2205 1250 2240 5,
1275 2203 1292 2233 3
1317 2208 1349 2234 et
1372 2202 1514 2243 saepius.

1104 2255 1171 2286 Iste
1194 2262 1243 2287 est
1272 2255 1402 2287 Caesar.

1104 2306 1202 2337 [sadis
1217 2307 1324 2347 factis
1357 2305 1476 2351 ἀτύπῳ
1506 2306 1644 2337 subsidio
1659 2309 1778 2343 currat,
1798 2307 1925 2337 ne'talz's

1062 2361 1110 2392 vir
1133 2358 1308 2409 ἀλογηθῇ.
1334 2363 1454 2394 Bosius
1475 2362 1621 2394 restituit
1643 2361 1775 2407 κτύπῳ,
1802 2373 1861 2404 pro
1885 2372 1924 2394 eo

1035 2449 1037 2462 ἲ
1062 2418 1149 2458 (111οᾱ
1171 2419 1383 2458 depravatum
1406 2422 1453 2449 est
1476 2417 1510 2448 in
1527 2419 1620 2449 codd.
1639 2419 1738 2459 clypo.
1763 2418 1924 2456 Quamvis

1062 2476 1174 2502 autem
1196 2468 1313 2513 κτύπῳ
1337 2475 1424 2501 recte
1447 2472 1576 2502 dicatur
1598 2471 1638 2501 de
1668 2470 1797 2510 plausu,
1826 2470 1924 2500 valde

1034 2545 1037 2572 g
1062 2532 1171 2558 tamen
1195 2526 1257 2556 hoe
1281 2525 1388 2564 friget.
1430 2527 1608 2568 Propterea
1632 2526 1812 2567 amplector
1834 2526 1924 2565 inge-

153 2576 298 2607 rectione
321 2575 465 2609 Orellius
488 2576 617 2616 scripsit
632 2578 773 2616 propser.
815 2577 900 2607 Mihi
924 2578 1009 2608 codi-
1034 2574 1037 2609 Ι

1062 2580 1190 2610 niosam
1213 2579 1359 2620 Popmae
1379 2581 1609 2621 suspicionem,
1626 2580 1804 2611 Tunstallo
1816 2590 1848 2621 p.
1864 2578 1924 2609 160

1061 2641 1191 2673 quoque
1204 2632 1384 2672 probatam,
1397 2633 1563 2673 scripsisse
1577 2631 1770 2663 Ciceronem
1785 2630 1919 2677 ἀτὺπῳ,

1062 2688 1328 2728 eoquenomine
1351 2688 1555 2728 significasse
1581 2688 1736 2719 Balbum.
1769 2687 1856 2718 Nam
1893 2692 1924 2719 et

1061 2746 1177 2782 atypus
1199 2746 1229 2773 et
1262 2742 1377 2773 balbus
1406 2752 1483 2773 eum
1513 2742 1644 2779 indicat,
1680 2742 1736 2782 qui
1766 2742 1921 2782 impedite

1060 2794 1217 2834 loquitur,
1241 2794 1300 2825 etsi
1324 2804 1390 2825 non
1414 2795 1512 2835 plane
1535 2795 1651 2825 eodem
1671 2794 1806 2834 linguae
1840 2794 1922 2824 vitio

1061 2852 1197 2888 uterque
1220 2847 1360 2878 laborat.
1381 2847 1432 2877 eff.
1449 2846 1522 2877 intt.
1541 2847 1581 2877 ad
1599 2845 1683 2877 Gell.
1700 2846 1741 2876 N.
1754 2846 1797 2877 A.
1815 2846 1877 2877 IV.
1890 2847 1918 2877 2.

1060 2898 1158 2929 Ludis
1172 2898 1277 2938 factis
1299 2899 1455 2939 ambigue
1477 2899 1542 2929 dici
1567 2898 1752 2938 respicique
1764 2907 1867 2938 quum
1881 2899 1922 2929 ad

1059 2952 1154 2982 ludos
1176 2951 1355 2983 Praeneste
1377 2951 1479 2982 factos
1505 2961 1549 2982 ex
1574 2961 1624 2991 ep.
1656 2952 1685 2988 2,
1716 2951 1745 2988 2,
1775 2955 1846 2982 tum
1881 2952 1922 2982 ad

1060 3009 1184 3036 metum
1206 3015 1248 3036 ne
1271 3015 1287 3035 0
1313 3004 1454 3036 Caesare
1487 3005 1718 3040 ludificaretur,
1749 3005 1921 3044 probabile

1061 3064 1122 3089 est.
1154 3057 1328 3088 Sententia
1358 3058 1460 3097 igitur
1487 3058 1567 3088 haec
1605 3062 1673 3088 est:
1711 3057 1847 3094 Vereor,
1877 3067 1920 3089 ne

1061 3109 1182 3141 Caesar
1205 3109 1267 3140 iam
1293 3110 1479 3141 auctionem
1504 3109 1631 3140 nullam
1654 3109 1760 3146 faciat,
1784 3110 1841 3140 sed
1860 3119 1919 3140 nos

1060 3164 1204 3194 ludificet
1227 3167 1257 3193 et
1283 3163 1388 3193 Balbo
1412 3162 1598 3194 aedificanti
1622 3167 1652 3194 et
1675 3167 1844 3203 propterea
1861 3173 1917 3194 1111-
