2062 3565
425 167 607 211 INDEX
643 169 1067 213 VOCABULORUM
1102 173 1171 215 ET
1203 173 1628 218 GRAMMATICUS.

143 303 214 344 Ope
234 303 265 334 et
287 302 404 344 opibus
426 303 473 334 uti
501 303 559 334 lx,
584 303 633 335 16.

145 355 273 398 Operae
296 355 355 387 IV.
380 355 410 396 3,
433 357 463 388 3.

147 410 291 452 Operam
314 410 392 442 dare
415 410 514 442 alicui
537 410 597 442 IV.
622 411 671 448 15,
695 412 724 442 6.

143 464 269 507 Operas
291 465 368 496 dare
390 475 449 506 pro
471 465 631 506 magistro
656 466 712 497 XI.
737 466 786 504 10,
811 467 838 497 l.

145 518 273 561 Opinor
293 523 327 550 et
347 523 436 550 certe
458 518 519 555 VI,
543 519 573 556 3,
598 520 627 550 8.

144 571 377 613 Oportet-opus
399 576 448 602 est
470 571 529 602 IV.
553 572 584 608 6,
607 572 637 603 2.

145 624 313 668 Oppidum
334 625 375 656 de
397 624 531 656 Athenis
554 625 620 657 111.
644 625 674 664 7,
700 626 726 657 1.

140 679 270 722 'Optato
294 679 392 710 XIII.
415 679 466 711 28.
489 679 517 711 3.

152 737 286 780 Optima
307 738 391 769 ratio
414 738 461 768 II.
485 738 512 768 1.
537 738 566 768 6.

150 791 366 834 Optimatem,
387 791 581 822 substando-e
606 791 645 829 X,
669 791 688 822 9
711 791 754 830 Λ,
783 792 821 828 23
858 791 944 822 viam
981 791 1006 821 1.

386 845 438 884 20,
461 845 490 876 3.

144 899 236 942 Opus
257 904 308 931 est
330 899 428 930 VIII.
451 899 501 937 14,
525 898 553 929 1.

143 952 242 985 Orbis
264 952 311 984 rei
334 952 486 994 publicae
510 951 557 982 11.
579 951 608 988 9,
637 951 664 982 1.

146 1005 274 1038 Ornare
295 1005 482 1047 provincias
506 1004 573 1036 111.
598 1005 651 1041 24,
677 1004 710 1042 l,
737 1015 803 1036 non
827 1005 863 1036 fit.
882 1014 939 1045 per
950 1014 1005 1046 po-

301 1058 426 1100 pulum.
450 1058 530 1089 ibid.

146 1111 363 1144 Ornatissime
385 1110 562 1143 defendere
586 1111 649 1142 IV.
672 1110 722 1149 17,
748 1112 779 1142 4.

154 1165 221 1198 Oro
235 1165 312 1206 plus
334 1167 382 1196 est
405 1175 497 1207 quam
518 1174 600 1206 rogo
625 1165 716 1196 XVI.
740 1165 779 1196 16
802 1165 842 1202 Β,
867 1165 895 1195 9.

147 1218 194 1251 Os
215 1218 372 1260 praebere
394 1219 493 1251 alicui
514 1218 543 1249 I.
570 1218 620 1255 18,
646 1220 675 1249 5.

148 1271 323 1314 Oxymoron
345 1271 438 1303 XVI.
464 1271 512 1310 15,
538 1271 567 1302 1.

559 1355 596 1387 Ρ.

150 1433 323 1465 Pactioncs
345 1434 434 1464 inter
455 1433 648 1474 publicanos
671 1437 703 1464 et
726 1432 943 1474 provinciales
964 1431 1008 1462 V.

343 1487 390 1525 13,
415 1488 444 1518 1.

146 1543 287 1574 Pactum
310 1547 341 1574 et
363 1548 564 1574 conventum
587 1542 648 1573 VI.
672 1542 700 1578 3,
729 1545 753 1572 1.

148 1598 258 1630 Paene
282 1597 380 1639 XIII.
404 1597 453 1635 27,
479 1598 506 1629 1.

147 1651 315 1684 Palaestra
337 1652 365 1683 I.
390 1652 438 1689 10,
463 1653 492 1682 3.

1829 181 1882 220 10
1890 181 1912 218 Γ»

1028 314 1031 350 ξ
1056 306 1117 338 I’er
1140 307 1284 340 fortunas
1308 308 1376 340 111.
1398 310 1448 346 20,
1474 310 1501 341 1.

1053 361 1232 394 Percussus
1253 366 1284 394 et
1306 365 1474 406 perculsus
1499 365 1562 397 VI.
1585 367 1666 409 9‚‚1.

1053 414 1194 447 Perdere
1216 418 1247 447 et
1269 417 1418 449 amittere
1443 418 1485 450 V.
1508 420 1556 456 20,
1580 421 1610 449 4.

1056 466 1197 500 Perdere
1219 469 1343 502 tribum
1367 471 1412 502 11.
1441 474 1465 508 1,
1490 472 1520 502 9.

1054 520 1233 562 Perfectum
1256 524 1446 555 coniunctim'
1463 527 1534 565 post
1563 527 1681 565 tempus
1706 526 1912 566 praeleri‘un«

1263 578 1388 619 quando
1404 580 1538 620 ponitur
1560 580 1588 611 Ι.
1611 580 1663 618 19,
1688 580 1717 614 7.

1262 635 1444 666 terminatio
1466 635 1499 666 in
1522 644 1589 667 sar:
1620 636 1683 667 IV.
1709 636 1727 666 8
1750 646 1777 671 a.
1802 636 1837 670 2;
1875 634 1917 665 X.

1268 688 1316 727 18,
1341 688 1369 719 1.

1265 743 1402 775 secunda
1426 755 1565 786 persona
1587 755 1649 777 non
1672 745 1751 776 solet
1774 745 1918 776 contrahi

1030 818 1031 823 ,
1265 797 1298 827 in
1321 797 1448 839 scriptis
1471 798 1629 830 Ciceronis
1652 798 1751 830 XIII.
1774 798 1823 833 32.
1848 800 1875 828 3.

1263 851 1496 891 compositorum
1525 861 1552 882 v.
1581 861 1678 882 curro
1698 850 1761 882 lv.
1787 850 1814 887 l,
1839 851 1857 880 6
1887 856 1916 881 et

1265 903 1348 935 XII.
1372 903 1410 935 18
1433 914 1460 941 a,
1485 904 1512 935 1.

1054 954 1267 997 Perfringere
1290 955 1354 987 111.
1377 956 1427 994 23,
1452 958 1480 988 5.

1054 1009 1164 1050 Pergo
1186 1010 1309 1051 aliquid
1334 1011 1401 1042 111.
1424 1011 1477 1046 15.
1500 1012 1529 1041 5.

1055 1062 1281 1094 Periculosum
1303 1072 1374 1095 esse
1395 1063 1430 1095 in
1454 1072 1488 1095 se
1513 1063 1614 1094 XIII.
1637 1063 1691 1101 27,
1711 1063 1738 1093 1.

1056 1115 1235 1148 Perhibere
1257 1116 1402 1158 aliquem
1429 1116 1454 1148 1.
1478 1117 1507 1153 l,
1530 1118 1561 1147 4.

1058 1169 1322 1201 Perhonorificus
1343 1170 1371 1201 Ι.
1394 1170 1446 1208 13,
1470 1170 1500 1201 2.

1057 1223 1230 1255 Permalus
1253 1234 1313 1254 non
1339 1223 1515 1255 Tullianum
1539 1224 1565 1255 1.
1590 1224 1638 1259 19.
1663 1224 1692 1254 2.

1057 1275 1265 1308 Perscribere
1287 1276 1387 1307 XVI.
1411 1276 1441 1314 2,
1465 1277 1495 1307 1.

1058 1329 1256 1371 Perscriptio
1277 1329 1340 1360 IV.
1368 1330 1418 1367 17,
1440 1329 1470 1360 2.

1058 1384 1233 1416 Persecare
1255 1383 1355 1415 XIII.
1374 1384 1425 1421 23,
1450 1383 1479 1414 3.

1033 1442 1037 1503 Ι
1058 1438 1204 1470 Persona
1225 1447 1299 1469 mea
1319 1438 1395 1479 quid
1415 1437 1457 1468 sit
1479 1437 1565 1478 apud
1587 1437 1649 1468 Cic.
1666 1436 1763 1467 VIII.
1778 1435 1811 1466 ll
1829 1434 1868 1469 D,
1887 1435 1915 1466 t.

1058 1492 1248 1533 Perspicere
1271 1494 1302 1522 et
1324 1492 1507 1533 prospicere
1529 1490 1661 1532 consum
1685 1490 1748 1520 VJ.
1772 1490 1799 1522 5,
1818 1490 1852 1519 33,

1059 1545 1220 1577 Petiturio
1243 1545 1270 1575 Ι.
1297 1545 1345 1582 14,
1371 1545 1398 1578 7.

1059 1599 1219 1630 Phaselus
1242 1598 1269 1629 Ι.
1294 1598 1341 1635 13,
1367 1598 1395 1628 1.

1057 1652 1227 1692 Philologi
1249 1651 1349 1682 XIII.
1371 1651 1421 1687 29,
1445 1652 1474 1682 l.
1496 1650 1584 1682 Add.

146 1706 265 1743 Palam
286 1708 421 1746 suspect.
446 1707 491 1738 X.
507 1707 556 1745 15,
575 1706 611 1744 23
636 1705 742 1737 facere
756 1705 911 1737 heredem
929 1704 1010 1736 VII.
1060 1705 1250 1746 Philologia
1271 1705 1318 1736 11.
1342 1705 1391 1741 17,
1415 1704 1444 1735 1.

286 1760 318 1798 2,
340 1760 376 1797 33
399 1760 523 1792 sentire
539 1769 583 1791 an
595 1760 705 1801 palam
717 1759 869 1791 assentiri
880 1759 923 1790 X.
937 1758 968 1798 7,
984 1759 1013 1790 1.
1060 1760 1182 1792 Phocis
1204 1759 1349 1791 Curiana
1371 1759 1417 1790 H.
1441 1758 1492 1798 17,
1515 1758 1545 1788 2.

147 1814 288 1855 Palpare
310 1824 372 1845 non
395 1813 576 1845 Tullianum
598 1813 662 1845 IX.
684 1814 715 1851 9,
739 1813 768 1844 1.

147 1869 299 1909 Pangere
320 1867 361 1899 de
380 1867 538 1909 scriptore
560 1868 608 1900 II.
631 1869 659 1906 6,
682 1867 712 1899 2.

147 1922 269 1954 Parare
290 1921 325 1954 in
347 1931 466 1953 navem
489 1921 633 1953 vitiosum
655 1921 700 1954 X.
725 1921 774 1959 15,
799 1923 828 1952 4.

146 1976 286 2008 Paratus
308 1977 339 2006 et
361 1979 473 2017 partus
496 1974 582 2015 confi
605 1974 632 2006 1.
655 1975 705 2012 10,
730 1975 759 2005 6.

147 2028 315 2061 Parochus
337 2038 399 2059 non
420 2028 563 2069 parocha
585 2027 685 2059 XIII.
707 2027 737 2064 2,
760 2026 790 2058 2.
827 2049 831 2052 -

147 2082 240 2122 Pars,
261 2083 297 2114 in
319 2092 436 2114 omnes
458 2087 566 2123 partes
589 2081 652 2113 XI.
677 2081 706 2118 6,
729 2081 759 2112 2.

147 2135 261 2167 Partes
283 2135 404 2167 mentis
434 2134 569 2175 (animi)
599 2133 663 2166 111.
693 2134 724 2170 7,
746 2133 766 2164 3
775 2147 782 2170 3
806 2133 919 2165 salutis
945 2132 1011 2164 111.

283 2189 334 2228 20,
356 2188 390 2226 23
416 2201 459 2216 z
479 2189 634 2229 regiones
656 2187 720 2219 111.
743 2187 773 2218 2.

147 2243 256 2274 Parvo
278 2243 390 2274 animo
412 2247 446 2273 et
467 2250 571 2282 pravo
593 2241 620 2272 I.
644 2241 692 2278 13,
716 2241 746 2271 2.

148 2296 266 2328 Patere
287 2295 406 2336 duplici
429 2294 460 2325 vi
481 2294 600 2325 dicitur
623 2294 704 2326 VII.
727 2294 767 2325 13
790 2304 819 2331 a,
844 2294 874 2324 5.

148 2349 284 2381 Pan-are
306 2348 333 2380 Ι.
355 2349 405 2385 14,
429 2348 459 2381 7.

147 2404 269 2436 Paullo
290 2403 440 2435 salubres
463 2412 522 2433 non
547 2402 693 2432 Latinum
722 2402 823 2433 VIII.
847 2403 895 2438 12,
922 2403 951 2432 5.

149 2457 344 2488 Paullulum
366 2455 448 2487 XV.
472 2455 487 2486 1
514 2456 545 2494 b,
569 2456 598 2485 1.

154 2511 287 2544 Pedarii
307 2511 336 2542 I.
359 2510 408 2547 19,
430 2510 461 2541 9.

154 2566 258 2598 Pedes
279 2564 428 2597 referunt
449 2564 594 2604 aliquem
617 2563 731 2604 aliquo
753 2563 834 2595 XV.
863 2563 911 2601 16,
936 2563 985 2594 13.

151 2620 297 2651 Pedibus
319 2618 431 2660 aequis
454 2617 552 2650 XVI.
585 2617 613 2654 6,
648 2617 683 2654 1;
717 2617 776 2656 ire,
805 2616 920 2648 venire
950 2617 1015 2648 111.

317 2673 347 2712 8,
370 2673 407 2709 1;
438 2672 523 2704 nabi
546 2671 684 2703 homines
705 2671 856 2702 dicuntur
873 2681 935 2702 non
964 2680 1015 2702 res

315 2726 380 2757 IV.
403 2725 451 2763 18,
475 2725 505 2755 2.

151 2779 353 2820 Pedisequus
375 2789 438 2809 non
458 2777 672 2819 pedissequus
692 2776 739 2807 ΙΙ.
763 2775 812 2814 16,
836 2775 865 2806 1.

152 2832 314 2872 Pegmata
333 2830 399 2862 IV.
422 2830 441 2862 8
463 2840 495 2868 a,
517 2829 547 2861 2.

152 2884 313 2916 Pellectio
334 2883 362 2915 I.
385 2883 438 2921 13,
463 2883 492 2914 1.

153 2940 327 2981 Pellegere
350 2939 451 2971 XIII.
473 2940 526 2972 44,
550 2937 581 2968 2.

153 2993 304 3025 Pendere
329 2993 462 3034 (animi)
486 2991 551 3023 IV.
574 2991 625 3030 15,
647 2991 676 3021 6.

152 3046 288 3078 Pennae
308 3055 346 3073 =
367 3046 490 3088 pinnae
514 3045 579 3077 IV.
601 3044 628 3081 2,
653 3045 682 3075 5.

153 3100 316 3132 Penulam
337 3101 511 3142 attingere,
536 3099 685 3130 scindere
708 3098 810 3130 XIII.
833 3097 883 3136 33,
905 3098 936 3128 4.

1061 1812 1212 1844 Piaclum
1235 1810 1314 1843 XV.
1337 1811 1387 1842 25.

1060 1865 1239 1906 Pigmenta
1260 1864 1308 1895 11.
1331 1864 1359 1902 1,
1383 1863 1412 1894 1.

1060 1919 1164 1957 Pilus,
1187 1928 1229 1951 ne
1250 1919 1355 1961 pilum
1375 1918 1510 1960 quidem
1532 1916 1575 1949 V.
1598 1917 1649 1955 20,
1674 1917 1703 1948 6.

1061 1975 1205 2016 Pingere
1228 1987 1267 2001 =
1290 1982 1407 2005 ornare
1429 1973 1457 2006 Ι.
1480 1973 1531 2010 14,
1558 1972 1592 2010 33
1616 1971 1679 2003 IV.
1703 1972 1730 2009 5,
1756 1972 1784 2002 3.

1060 2027 1234 2058 Piscinarii
1256 2027 1284 2058 I.
1307 2027 1355 2063 18,
1375 2026 1404 2057 6.

1060 2081 1174 2112 Placet
1195 2080 1281 2112 tibi?
1305 2081 1366 2111 VI.
1389 2080 1418 2116 6.
1442 2079 1472 2110 2.

1061 2135 1165 2166 Plane
1187 2135 1250 2166 XI.
1273 2135 1301 2172 7,
1326 2136 1361 2172 53
1384 2134 1433 2166 11.
1455 2134 1506 2171 24,
1531 2135 1560 2164 5.

1061 2189 1294 2229 Planguncula
1316 2199 1379 2220 voc.
1402 2190 1534 2229 suspect.
1557 2187 1619 2219 VI.
1643 2188 1668 2223 l,
1695 2187 1745 2217 25.

1036 2273 1038 2281 ,
1061 2242 1168 2273 Pleno
1189 2242 1301 2272 modio
1323 2241 1385 2272 VI.
1410 2241 1438 2277 1,
1461 2239 1512 2272 16.

1036 2282 1039 2334 ζ
1062 2295 1186 2326 Plenus
1208 2304 1273 2325 cum
1297 2293 1359 2324 abt.
1381 2293 1447 2325 111.
1470 2293 1520 2328 14,
1545 2293 1561 2323 1
1586 2299 1618 2324 et
1639 2292 1727 2324 Add.

1036 2342 1039 2361 ⁴·
1064 2347 1218 2379 Pluribus
1242 2352 1273 2378 et
1298 2347 1451 2388 plurimis
1473 2346 1582 2378 verbis
1604 2346 1686 2377 VII.
1709 2345 1760 2383 17,
1785 2345 1814 2376 3.

1066 2402 1151 2433 Plur.
1174 2413 1243 2432 num
1261 2403 1344 2442 post.
1365 2401 1504 2432 subiecta
1519 2400 1695 2440 sinqularia
1713 2400 1744 2430 in
1759 2402 1918 2440 anaphora

1179 2456 1227 2486 11.
1250 2455 1300 2492 17,
1325 2455 1353 2486 1.

1061 2511 1143 2542 Plus
1165 2523 1206 2537 =
1227 2509 1333 2550 magis
1355 2509 1403 2540 11.
1427 2508 1456 2546 1,
1480 2508 1508 2539 8.

1061 2565 1175 2596 Poena
1196 2564 1265 2596 odii
1285 2563 1382 2595 XIV.
1406 2562 1455 2600 12,
1479 2563 1508 2594 1.

1061 2620 1215 2652 Poenitet
1237 2619 1335 2659 (non)
1357 2619 1385 2650 Ι.
1409 2618 1460 2656 20,
1482 2618 1511 2649 3.

1061 2672 1189 2714 Pompa
1211 2672 1280 2713 (de)
1305 2671 1407 2704 XIII.
1429 2671 1481 2709 28,
1505 2671 1533 2701 3.

1061 2726 1190 2758 Ponere
1211 2726 1281 2757 dies
1304 2726 1338 2757 in
1362 2725 1519 2766 oppidum
1540 2723 1603 2754 XI.
1625 2723 1676 2760 22,
1697 2723 1730 2754 2:
1756 2723 1789 2753 in
1818 2723 1918 2761 ‹grati-

1215 2779 1259 2810 V.
1282 2779 1312 2816 3,
1335 2779 1364 2810 3.

1061 2832 1225 2874 Populare
1246 2831 1372 2872 aliquid
1392 2830 1512 2862 habere
1538 2828 1638 2859 VIII.
1666 2828 1700 2858 11
1725 2827 1764 2862 D,
1790 2827 1819 2859 Τ.

1063 2885 1237 2926 Popularis
1258 2884 1286 2915 Ι.
1310 2884 1360 2920 19,
1384 2883 1412 2914 8.

1065 2938 1216 2970 Porticus
1238 2937 1314 2968 vilio
1335 2936 1431 2966 illata
1455 2935 1487 2965 in
1510 2934 1573 2966 IV.
1595 2933 1626 2970 2,
1649 2934 1677 2962 5.

1062 2991 1213 3023 Portoria
1236 2990 1352 3022 Italiae
1375 2988 1503 3019 sublata
1524 2987 1570 3018 11.
1597 2986 1647 3022 16,
1675 2986 1702 3015 1.

1063 3044 1251 3076 Portorium
1273 3039 1556 3073 circumvectionis
1578 3039 1625 3070 ΙΙ.
1648 3038 1697 3072 16,
1722 3039 1750 3066 4.

1063 3097 1184 3130 Portus
1200 3107 1261 3138 pro
1282 3095 1434 3137 portoriis
1456 3093 1500 3124 V.
1523 3093 1571 3129 15,
1595 3091 1624 3122 3.

152 3154 218 3193 Per
234 3156 403 3195 separatur
422 3165 442 3185 a
457 3154 588 3191 nomine,
606 3162 733 3195 quocum
748 3152 890 3193 iunqitur
903 3152 930 3183 1.
942 3154 973 3189 4,
987 3151 1016 3183 3-
1039 3187 1042 3193 1
1065 3151 1166 3183 Posse
1188 3151 1219 3181 in
1243 3159 1311 3182 esse
1333 3149 1508 3188 corruptum
1530 3146 1610 3177 VII.
1635 3145 1683 3182 14,
1708 3145 1735 3174 l-

1706 3198 1733 3220 ἥ
