2062 3565
537 338 889 399 ADDENDA
940 338 1023 400 ΕΤ
1076 334 1554 398 GORRIGENDA.

774 477 824 503 IN
855 476 1094 503 VOLUMINE
1125 475 1306 502 PRIORE.

283 669 322 699 In
346 668 495 709 epistolis
507 683 512 700 :

211 731 236 761 Ι.
284 731 310 760 l.
346 741 375 772 p.
399 731 417 761 3
442 741 472 762 v.
498 732 537 762 10
560 731 613 774 qui
637 731 717 762 certi
739 740 806 762 esse
828 730 1009 761 videantur.
1049 729 1261 762 Coniunctivi
1294 739 1426 760 causam
1457 739 1525 759 non
1557 729 1662 760 video.
1702 728 1817 760 Scribe
1846 727 1929 758 vide-

350 784 475 822 bantur,
499 786 588 826 quod
610 785 870 825 Lagomarsinus
893 793 910 815 e
933 784 1047 815 decem
1069 783 1163 814 libris
1185 782 1314 823 scriptis
1337 787 1370 813 et
1392 782 1487 813 editis
1510 782 1687 813 adnotavit,

214 837 239 866 l.
285 838 314 867 2.
346 847 373 877 p.
400 838 429 874 9,
453 839 481 868 5.
509 837 591 878 Quos
614 837 777 868 voluimus.
820 837 945 868 Melius
969 842 1018 867 est
1041 835 1189 872 volumus,
1213 835 1301 876 quod
1335 835 1369 865 in
1403 835 1530 865 duobus
1552 835 1645 865 codd.
1678 833 1838 865 Parisinis
1860 832 1928 863 vidi

349 894 381 921 et
404 889 666 930 Lagomarsinus
690 891 724 921 in
747 890 896 931 pluribus
919 889 1083 929 exemplis
1104 888 1243 920 invenit.

213 943 239 973 1.
285 943 314 974 9.
340 954 360 984 p
399 945 447 982 19,
472 946 489 975 5
518 955 577 986 pro
600 955 666 975 cum
689 944 795 975 scribe
818 954 917 985 quum.

195 996 240 1026 Π.
285 997 314 1026 2.
337 1007 367 1037 p.
392 997 440 1035 79,
465 998 484 1028 9
506 1008 566 1038 pro
589 1008 675 1038 quem
700 997 807 1028 scribe
828 1007 929 1038 qaam.

178 1048 244 1078 ΙΙΙ.
290 1048 318 1080 7.
341 1060 372 1090 p.
397 1051 467 1089 130,
490 1053 511 1082 4
533 1061 591 1092 pro
614 1050 780 1092 quatridui
802 1050 907 1081 scribe
930 1048 1107 1090 quadridui.

182 1102 245 1131 IV.
290 1102 319 1133 6.
343 1113 373 1144 p.
398 1104 468 1142 178,
492 1105 583 1135 2-6.
608 1104 720 1136 Verba
745 1104 790 1134 sic
814 1103 1072 1143 distinguantur,
1095 1107 1131 1133 ut
1154 1101 1231 1133 fecit
1254 1101 1293 1133 C.
1318 1100 1356 1132 F.
1376 1100 1541 1131 Mullerus
1562 1100 1595 1130 in
1609 1098 1704 1131 Coni.
1719 1098 1810 1129 Tull.
1827 1108 1856 1138 pv
1874 1098 1928 1128 ll:

351 1156 524 1196 Epistolum
547 1176 588 1181 -—
603 1158 667 1198 sac
689 1159 724 1188 ut
746 1157 784 1188 ab
806 1167 840 1188 eo
861 1166 967 1187 sumas
987 1174 1028 1179 —
1050 1166 1176 1197 eumque
1197 1158 1232 1185 ut
1262 1156 1448 1195 approperet
1482 1153 1619 1184 horteris
1641 1155 1672 1183 et
1693 1169 1734 1174 —-
1756 1160 1835 1192 aqas
1854 1162 1929 1191 (sra-

349 1210 421 1248 tias,
445 1211 563 1242 domum
589 1230 628 1235 —-
654 1211 785 1248 invisas,
813 1209 954 1241 Vestorio
974 1209 1099 1251 aliquid
1119 1209 1286 1250 siynificeS.

181 1261 244 1292 IV.
268 1262 316 1292 11.
340 1273 370 1303 p.
394 1263 464 1301 185,
488 1264 506 1294 9
530 1273 588 1304 pro
611 1264 767 1294 sententso
790 1263 897 1293 scribe
920 1262 1030 1292 sentio.
1065 1266 1068 1268 ’

182 1314 244 1346 IV.
268 1315 317 1348 17.
340 1326 370 1356 p.
395 1317 465 1353 203,
490 1316 508 1349 7
531 1327 589 1357 pro
613 1317 792 1358 loqueretur
815 1316 922 1346 scribe
944 1315 1097 1357 loquetur.

202 1368 243 1398 V.
267 1368 317 1398 20.
341 1378 371 1408 p.
395 1368 466 1405 242,
492 1368 530 1398 10
555 1367 655 1398 verba
676 1367 710 1397 in
732 1378 790 1408 quo
813 1367 950 1405 laboras,
974 1370 1009 1398 nt
1033 1367 1126 1398 etiam
1152 1367 1186 1397 L.
1209 1363 1315 1411 μώμῳ
1350 1364 1590 1406 satisfaciamus
1614 1364 1646 1394 in
1669 1362 1856 1404 parenthesi
1879 1372 1932 1402 po-
2061 1358 2062 1399 ξ

351 1423 459 1454 nenda
482 1431 551 1453 esse
575 1421 802 1452 Franckcnius
826 1428 913 1453 recte
936 1422 1028 1453 vidit.

205 1475 246 1505 V.
270 1475 319 1506 21.
344 1487 374 1516 ]).
397 1474 467 1512 247,
491 1475 594 1505 8-10
616 1485 676 1516 pro
698 1475 756 1505 sed
778 1475 866 1505 Iulia
889 1475 957 1516 leqe
979 1475 1157 1506 transitans
1179 1494 1220 1499 —
1245 1475 1320 1506 vicis
1344 1475 1490 1516 [praeter
1514 1483 1579 1503 eum
1603 1470 1698 1502 semel
1720 1470 1824 1511 nemo]
1844 1480 1932 1501 acee-

345 1527 411 1568 pit.-
427 1527 515 1568 jacit
537 1532 598 1558 cet.
622 1527 728 1558 scribe
750 1527 791 1558 de
813 1527 1001 1558 coniectura
1024 1527 1241 1559 Franckenii:
1280 1526 1341 1557 Sed
1370 1525 1457 1556 Iulia
1488 1525 1556 1566 leye
1585 1523 1773 1564 pransitans
1794 1539 1835 1546 —
1857 1523 1934 1554 vicis

353 1580 504 1621 [praeter
527 1590 593 1610 eum
616 1579 711 1609 semel
733 1590 819 1610 nemo
842 1579 978 1620 accepit]
995 1579 1085 1619 jacit
1107 1587 1168 1611 cet.

187 1633 246 1662 VI.
292 1634 320 1662 23.
344 1643 375 1673 p.
399 1633 470 1669 274,
495 1633 512 1662 6
537 1641 604 1672 seq.
628 1631 694 1662 Pro
718 1631 765 1661 De
789 1631 918 1662 urbanis
941 1632 1032 1662 rebus
1053 1631 1174 1663 scilieet
1192 1632 1290 1672 plura
1315 1633 1349 1661 ta
1371 1630 1443 1667 scis,
1467 1629 1594 1669 saepius
1617 1631 1647 1658 et
1670 1628 1807 1659 certiora
1831 1628 1933 1659 audis.

359 1684 504 1726 Equidem
527 1684 617 1714 doleo
640 1690 701 1715 cet.
748 1683 873 1721 Scribe,
896 1691 935 1715 ut
958 1684 1045 1715 idem
1068 1684 1108 1715 V.
1133 1686 1168 1716 C.
1192 1684 1275 1714 vidit
1297 1683 1397 1714 verba
1429 1682 1665 1722 distinguenda
1695 1689 1778 1712 esse:
1814 1679 1862 1711 De
1885 1692 1933 1711 m·-

355 1738 446 1769 bam's
468 1738 558 1768 rebus
581 1756 621 1760 —
643 1737 765 1768 scilicet
785 1737 880 1777 plura
903 1740 937 1768 tn
961 1737 1032 1774 seis,
1055 1738 1180 1778 saepius
1203 1740 1232 1768 et
1256 1736 1393 1767 certiora
1412 1734 1504 1766 audis
1526 1751 1565 1757 —
1590 1733 1728 1775 equidem
1751 1733 1841 1765 doleo
1863 1739 1923 1765 cet.

187 1793 247 1823 VI.
294 1794 322 1823 5.
346 1802 376 1832 p.
405 1791 475 1827 278,
502 1791 536 1820 ll
562 1800 621 1830 pro
645 1791 793 1834 στειχών
818 1790 925 1820 scribe
948 1789 1111 1834 στείχων.
1143 1790 1230 1820 Tum
1253 1784 1431 1832 παρέδωκε
1454 1794 1485 1819 et
1508 1798 1537 1828 p.
1561 1786 1630 1824 279,
1656 1788 1674 1816 3
1696 1778 1753 1831 μη’
1783 1796 1841 1826 pro
1867 1786 1932 1830 μὴ.

165 1848 245 1878 VII.
290 1847 317 1879 7.
342 1857 372 1887 p.
397 1847 466 1882 305,
492 1847 520 1876 8.
543 1845 773 1876 Franckenius
796 1855 848 1876 me
873 1845 1003 1876 monuit
1025 1845 1144 1876 melius
1167 1845 1248 1876 haec
1271 1845 1317 1875 sic
1339 1845 1516 1884 distingui:
1542 1863 1582 1867 —
1605 1854 1665 1873 non
1684 1841 1841 1882 inlelliyo.
1864 1841 1934 1882 'Ipse

353 1900 457 1930 nullos
480 1899 561 1935 novi,
586 1901 671 1929 certe
693 1899 768 1939 (pro
790 1898 848 1929 sed
868 1898 931 1939 ita)
955 1899 982 1928 si
1005 1898 1131 1929 ordines
1154 1899 1297 1929 boworam
1321 1897 1498 1938 quaerimus

166 1954 245 1984 VH.
271 1953 319 1983 15.
342 1963 371 1993 p.
396 1952 467 1989 320,
492 1954 508 1982 5
532 1961 591 1992 pro
615 1954 731 1991 ayatur
754 1952 859 1982 scribe
883 1953 1003 1992 aqetur.

169 2005 246 2036 VII.
272 2005 322 2035 20.
346 2015 376 2045 p.
402 2004 472 2040 327,
498 2004 510 2033 1
541 2014 599 2043 pro
622 2015 669 2033 am
694 2004 800 2034 scribe
824 2003 896 2034 iam.

290 2089 330 2118 In
357 2088 570 2119 adnotatione
583 2103 587 2117 2

169 2173 197 2202 p.
243 2164 261 2191 ὃ
295 2162 322 2192 b.
347 2162 394 2192 Ut
417 2162 643 2199 casaubonus,
667 2163 710 2192 ita
734 2163 888 2192 Muretus
912 2162 953 2192 V.
978 2162 1016 2192 L.
1042 2160 1105 2192 IX.
1133 2162 1170 2190 10
1193 2161 1288 2190 scribi
1314 2160 1405 2191 iussit
1430 2159 1517 2188 illius
1541 2158 1726 2202 ἀνάθημα.

166 2227 196 2257 p.
243 2218 260 2246 9
292 2226 318 2246 a.
344 2226 373 2246 v.
397 2217 438 2246 24
459 2226 517 2256 pro
534 2219 608 2256 post
632 2219 662 2246 te
684 2217 789 2247 scribe
805 2218 879 2257 post
908 2218 946 2247 et.

167 2281 196 2309 p.
222 2269 259 2299 16
291 2279 319 2299 a.
344 2280 374 2298 v.
398 2271 415 2299 5
439 2270 479 2300 de
500 2280 560 2310 qua
584 2269 686 2299 dicam
709 2269 816 2300 scribe
839 2269 879 2300 de
900 2279 960 2310 qua
984 2279 1018 2298 re
1040 2268 1152 2298 dicam.

167 2334 197 2364 p.
223 2322 260 2352 18
291 2332 319 2352 a.
343 2332 372 2352 v.
396 2322 455 2352 ult.
478 2327 510 2353 et
534 2323 572 2352 18
597 2322 627 2351 b.
650 2332 680 2352 v.
706 2322 719 2351 1
745 2331 804 2362 pro
829 2321 913 2351 velut
934 2330 1111 2360 sponsorem
1134 2319 1301 2350 accessisse
1318 2321 1441 2359 patrem
1466 2319 1572 2350 scribe
1588 2319 1670 2349 velut
1683 2326 1928 2358 spon-soracces-

290 2375 368 2405 sisse
384 2378 490 2414 pater.

167 2440 197 2470 p.
221 2429 259 2460 21
291 2439 318 2460 a.
342 2439 371 2458 v.
398 2428 435 2458 15
459 2438 518 2468 pro
535 2427 717 2467 promiserit
741 2426 846 2457 scribe
861 2426 1055 2466 permiserit.

167 2493 197 2523 p.
222 2483 262 2513 30
292 2492 320 2513 a.
345 2491 374 2511 v.
398 2481 434 2511 21
461 2486 534 2521 post
560 2480 647 2510 Taso.
673 2480 714 2510 V.
740 2479 778 2511 57
803 2480 901 2510 adde:
926 2479 1037 2510 Haase
1060 2479 1100 2509 ad
1123 2479 1262 2519 Reisigii
1287 2478 1398 2510 Schol.
1423 2479 1498 2509 adn.
1521 2478 1591 2511 375.

168 2546 198 2576 p.
223 2537 263 2566 34
295 2535 324 2565 b.
350 2544 379 2564 v.
403 2533 530 2574 penult.
553 2533 707 2562 addatur:
733 2532 772 2562 In
796 2531 901 2562 Plinii
923 2531 968 2561 H.
992 2532 1033 2561 N.
1057 2531 1193 2561 XXVI.
1218 2533 1258 2561 43
1282 2531 1339 2561 ubi
1364 2531 1441 2561 boni
1465 2530 1592 2561 codices
1617 2529 1784 2559 utilitatem
1799 2528 1932 2564 babent,

294 2588 378 2618 liber
402 2586 584 2617 Vossianus
608 2592 695 2616 recte
718 2584 871 2615 vilitatem
895 2586 1038 2625 praebet.

168 2652 198 2682 p.
223 2642 260 2671 35
294 2641 323 2671 b.
346 2639 462 2670 Rostra
485 2638 625 2669 advolat.
661 2638 788 2668 Verum
811 2644 891 2678 puto
914 2637 946 2667 in
970 2639 1076 2667 rostra
1099 2637 1241 2673 advolat,
1278 2643 1314 2667 ut
1336 2638 1408 2668 Att.
1432 2637 1478 2667 II.
1504 2636 1542 2666 13
1575 2641 1658 2666 extr.
1695 2635 1851 2674 scriptum
1886 2638 1934 2664 est

292 2692 408 2723 advola
431 2692 465 2721 in
488 2690 684 2721 Formianum
709 2695 741 2721 et
763 2700 793 2730 p.
817 2690 906 2720 Mur.
929 2691 967 2720 85
993 2689 1025 2719 ia
1048 2699 1141 2729 aqros
1163 2689 1356 2719 sabao-banos
1379 2691 1506 2729 repente
1527 2688 1698 2718 advolabit.

169 2759 189 2789 p
225 2748 263 2777 41
295 2756 323 2776 a.
346 2756 378 2776 v.
401 2746 420 2775 8
442 2754 501 2785 pro
524 2743 663 2774 Licinum
687 2744 792 2774 scribe
816 2743 979 2773 Licinium.

169 2813 198 2842 p.
223 2802 264 2831 44
294 2800 324 2830 b.
347 2809 378 2829 v.
400 2798 461 2829 ult.
484 2797 583 2828 Putes
608 2815 642 2819 —
667 2797 782 2833 dicere,
806 2796 924 2828 iudices
947 2797 1059 2827 emisti.
1100 2797 1329 2828 Franckenius
1356 2796 1499 2827 malebat
1532 2795 1647 2826 scribi:
1683 2793 1752 2823 Non
1779 2794 1866 2833 potes
1894 2811 1935 2816 —-

293 2853 399 2884 dicere
420 2856 482 2882 cet.

170 2919 201 2948 p.
245 2908 286 2937 54
317 2916 344 2936 a.
367 2903 541 2944 Exemplis
564 2903 603 2933 ad
627 2903 728 2934 verba
749 2913 838 2934 eures
860 2906 894 2933 ut
916 2903 1013 2934 sciam
1037 2903 1146 2934 allatis
1176 2903 1259 2934 adde
1293 2911 1335 2933 ex
1369 2901 1420 2932 his
1444 2900 1591 2941 epistolis
1614 2899 1676 2930 IV.
1699 2901 1720 2930 4
1742 2909 1760 2929 a
1783 2908 1849 2929 cum
1872 2898 1935 2928 tuis

315 2958 402 2999 apud
422 2966 468 2986 me
489 2955 534 2985 sis
557 2960 590 2986 et
612 2955 674 2985 IV.
700 2955 738 2985 19
760 2955 846 2995 apud
867 2965 913 2986 me
935 2966 1003 2986 cum
1026 2955 1090 2986 tuis
1112 2964 1250 2985 maneas.
1368 2960 1371 2963 '

170 3024 200 3054 p.
245 3012 283 3045 57
314 3021 342 3042 a.
363 3008 549 3042 Adnotatio
572 3008 613 3038 ad
634 3009 734 3039 verba
761 3008 798 3039 Ut
819 3009 983 3040 universus
999 3009 1134 3049 populus
1159 3007 1299 3047 —ferat
1322 3007 1480 3038 deleatur.
1503 3006 1635 3037 Scribe:
1670 3004 1861 3036 Herennius
1887 3009 1934 3034 tu-

318 3064 357 3094 lit
381 3069 418 3093 ut
441 3063 481 3092 de
505 3061 541 3091 P.
566 3059 684 3092 Clodio
707 3061 748 3092 ad
770 3061 903 3102 plebem
925 3061 1128 3092 traducendo
1153 3058 1311 3099 suffragia
1332 3059 1494 3091 ferrentur
1528 3059 1561 3089 in
1597 3058 1738 3089 comitiis
1773 3057 1933 3088 centuria·

316 3117 367 3146 tis.
392 3114 441 3146 cf.
466 3114 667 3145 Mommseni
690 3114 786 3145 Rom.
810 3114 946 3145 Forsch.
970 3115 997 3146 I.
1020 3125 1051 3155 p.
1076 3115 1243 3151 190,.adn.
1268 3114 1317 3144 22.

172 3181 201 3211 p.
246 3169 286 3199 64
316 3170 345 3199 b.
370 3179 399 3199 v.
424 3168 462 3198 19
482 3177 540 3208 pro
566 3165 618 3196 Me
643 3176 709 3197 esse
731 3167 921 3207 adscriptum
945 3167 1050 3198 scribe
1077 3166 1127 3197 ,lle
1150 3175 1218 3197 esse
1241 3165 1286 3196 ad
1305 3165 1510 3196 scribendam.

2055 2828 2057 2832 ,
2039 2564 2062 2808 ωνᾈωᾱιςο-κτγ.»
2040 2468 2057 2546 ..w-.-
2047 2441 2051 2443 »
