2062 3565
168 162 252 201 :240
570 158 652 199 ΕΡ.
688 158 763 197 AD
795 157 841 196 Τ.
877 155 1226 197 POMPONIUM
1260 154 1524 196 ATTICUM.

165 294 286 336 bendi
332 308 451 335 causa
493 308 572 334 non
618 293 671 334 sit
680 310 691 343 ;
726 306 968 347 quamquam
1003 291 1051 332 de
1086 290 1276 333 Parthico
1309 290 1414 333 bello
1447 291 1544 346 quid
1579 296 1757 346 spectare
1791 289 1928 342 debui,

166 369 242 409 nisi
286 367 393 423 quod
437 366 552 407 illum
592 365 689 407 velle
734 364 986 406 arbitrabar?
1029 364 1149 417 Quod
1184 365 1290 406 enim
1325 364 1435 406 aliud
1469 369 1749 420 argumentum
1784 365 1929 421 episto-

165 441 223 482 lae
255 446 413 482 nostrae
446 441 526 483 nisi
559 437 795 483 κολακεία
829 439 933 481 fuit?
967 455 1031 490 an,
1067 440 1100 480 si
1135 455 1194 489 ea,
1230 454 1330 493 quae
1365 439 1516 494 optima
1536 443 1733 494 putarem,
1763 437 1930 479 suadere

165 514 391 565 voluissem,
435 514 561 555 oratio
605 513 706 554 mihi
749 512 969 554 defuisset?
1002 513 1115 554 Totis
1147 513 1273 567 igitur
1305 512 1433 553 literis
1467 511 1569 553 nihil
1603 527 1703 567 opus
1737 515 1811 552 est.
1846 510 1930 551 Ubi

127 605 140 628 5
164 588 270 630 enim
315 585 586 647 ἐπίτευγμα
634 602 824 643 magnum
875 586 1031 628 nullum
1082 587 1168 628 fieri
1216 586 1356 642 possit,
1407 583 1699 645 α’πότευγμα
1744 585 1806 626 vel
1850 599 1929 626 non

163 676 353 717 magnum
387 662 599 703 molestum
633 661 814 702 futurum
848 660 914 711 sit,
951 660 1049 715 quid
1083 675 1184 716 opus
1216 666 1276 702 est
1310 653 1784 719 παρακινδυνεύεινΡ
1818 673 1930 714 prae—

164 735 299 775 sertim
333 750 456 789 quum
489 734 591 776 illud
625 738 821 784 occurrat,
856 733 986 783 illum,
1022 749 1147 788 quum
1181 739 1298 775 antea
1332 733 1434 775 nihil
1464 734 1703 789 scripserim,
1728 733 1930 774 existima-

163 814 298 850 turum
343 824 405 849 me
450 809 528 851 nisi
560 813 646 850 toto
679 807 783 849 bello
819 808 1002 848 confecto
1037 807 1140 848 nihil
1175 808 1419 863 scripturum
1453 807 1589 848 fuisse.
1640 810 1774 862 Atque
1808 807 1930 848 etiam

164 898 311 934 vereor,
357 898 405 923 ne
452 888 567 938 putet
612 898 673 923 me
720 882 793 923 hoc
836 881 949 936 quasi
993 881 1159 922 Catonis
1191 877 1436 940 μείλιγμα
1470 896 1553 922 esse
1588 880 1774 921 voluisse.
1821 878 1930 932 Quid

108 975 144 1000 10
164 957 349 1012 quaeris?
393 956 521 998 Valde
567 971 627 997 me
675 954 918 1011 poenitebat,
970 969 1044 996 nec
1089 954 1187 995 mihi
1234 955 1273 996 in
1319 954 1391 995 hac
1437 954 1598 1009 quidem
1634 969 1675 995 re
1709 953 1930 1008 quidquam

165 1030 289 1086 magis
335 1035 381 1072 ut
426 1030 565 1072 vellem
613 1029 792 1071 accidere
838 1028 984 1083 potuit,
1031 1043 1149 1082 quam
1195 1028 1302 1083 quod
1349 1020 1536 1080 σπουδὴ
1578 1031 1713 1068 nostra
1756 1041 1837 1067 non
1871 1030 1932 1066 est

165 1103 344 1160 probata.
392 1102 681 1145 Incidissemus
726 1102 847 1143 etiam
892 1101 934 1142 in
978 1100 1082 1152 illos,
1117 1101 1161 1159 in·
1193 1101 1249 1141 eis
1284 1101 1325 1141 in
1361 1106 1576 1155 cognatum
1609 1107 1741 1141 tuum.
1778 1102 1818 1140 2.
1853 1098 1930 1140 Sed

163 1177 280 1218 redeo
313 1176 362 1218 ad
397 1176 547 1217 hortos.
584 1176 707 1217 Plane
742 1175 836 1216 illuc
871 1179 909 1215 te
943 1174 1001 1215 ire
1036 1174 1114 1214 nisi
1149 1179 1220 1214 tuo
1254 1188 1400 1229 magno
1434 1172 1642 1214 commodo
1671 1173 1779 1214 nolo.
1815 1171 1931 1214 Nihil

162 1253 268 1293 enim
315 1256 443 1306 urget.
489 1249 699 1305 Quidquid
750 1250 839 1300 erit,
874 1264 1033 1304 operam
1063 1249 1106 1289 in
1143 1247 1309 1289 Faberio
1344 1263 1551 1303 ponamus.
1607 1247 1664 1288 De
1698 1247 1762 1288 die
1796 1251 1931 1288 tamen

109 1341 139 1366 17.
164 1325 373 1375 auctionis,
420 1325 452 1366 si
501 1323 597 1378 quid
642 1324 756 1364 scies.
812 1324 926 1374 Eum,
970 1323 1038 1377 qui
1084 1338 1104 1363 e
1150 1323 1330 1363 Cumano
1379 1326 1553 1372 venerat,
1601 1320 1707 1377 quod
1742 1325 1782 1361 et
1814 1319 1931 1375 plane

163 1400 292 1441 valere
331 1399 506 1440 Atticam
542 1397 758 1439 nuntiabat
791 1404 829 1439 et
865 1397 999 1438 literas
1033 1413 1072 1437 se
1108 1396 1252 1437 habere
1287 1395 1432 1446 aiebat,
1468 1396 1603 1436 statim
1638 1395 1687 1436 ad
1721 1400 1760 1434 te
1795 1393 1899 1434 misi.

210 1577 228 1605 :3
252 1571 400 1607 κολακὶα
435 1588 480 1594 --

166 1733 202 1758 ut
224 1731 365 1768 praestet
387 1730 492 1757 totum
516 1724 691 1755 consilium
707 1723 745 1753 ad
763 1724 936 1753 Caesarem
952 1722 1027 1752 scri-
1079 1724 1178 1754 novio
1201 1733 1218 1755 e
1241 1723 1332 1755 Suet.
1356 1725 1447 1763 Aug.
1469 1723 1508 1754 25
1533 1723 1602 1755 eius
1631 1722 1757 1753 dictum
1791 1719 1933 1754 afl'ertur,

168 1780 264 1812 bendi
288 1779 438 1811 abiicere.
1076 1779 1132 1818 qui
1156 1788 1254 1810 nureo
1277 1779 1376 1809 hamo
1401 1779 1594 1820 piscandum
1617 1786 1687 1808 esse
1710 1774 1862 1815 negabat.

208 1834 256 1864 De
272 1832 422 1863 Parthico
436 1831 516 1862 bello
531 1831 572 1862 cf.
592 1840 641 1871 ep.
655 1830 705 1868 31,
720 1831 748 1860 3.
765 1829 849 1860 Mox
866 1826 1028 1860 κολακεία
1121 1831 1193 1862 'l'olo
1225 1832 1316 1869 bello,
1346 1833 1435 1873 quod
1465 1832 1585 1863 Caesar
1617 1840 1693 1861 cum
1724 1825 1935 1868 Pompeianis

169 1901 185 1920 a
216 1898 268 1920 me
295 1888 429 1919 reducta
465 1893 513 1918 est
542 1896 600 1927 pro
623 1885 740 1916 vitioso
762 1880 920 1916 κολακία.
953 1883 1028 1915 Sae—
1078 1892 1232 1927 gesserat.

170 1946 302 1986 pissime
340 1943 466 1975 librarii
498 1943 512 1973 Ι
544 1952 603 1983 pro
631 1941 679 1972 EI
708 1941 918 1981 scripserunt.
952 1940 1028 1971 Vid.
1127 1940 1256 1971 Catonis
1279 1950 1311 1970 a:
1337 1940 1471 1971 Catonis
1494 1949 1513 1970 a
1540 1938 1700 1970 Cicerone
1723 1935 1858 1967 laudati.

172 2000 289 2032 Cobeti
311 1998 391 2029 Var.
414 1998 506 2029 Lect.
532 2007 564 2037 p.
587 1995 636 2028 87.
1125 1993 1160 2024 [n
1184 1995 1349 2034 coynalum
1373 1995 1457 2023 tuum
1480 2003 1515 2022 a:
1541 1992 1574 2022 in
1597 1990 1639 2029 Q.
1664 1989 1867 2025 Ciceronem,
1883 1997 1935 2019 so-

216 2054 303 2096 Quae
324 2053 439 2094 optima
457 2054 612 2093 putarem.
630 2051 682 2081 Ita
700 2056 787 2081 recte
798 2049 927 2090 scripsit
940 2048 1031 2081 Orel-
1082 2048 1163 2079 roris
1185 2048 1291 2078 Attici
1312 2047 1430 2078 filium.
1537 2040 1544 2044 ⁵

174 2112 236 2142 lius
259 2120 277 2142 e
299 2110 388 2141 Med.
412 2114 444 2139 et
466 2107 611 2144 Oxonn„
635 2115 737 2147 quum
760 2105 841 2136 olim
863 2105 1033 2145 probasset
1125 2102 1142 2141 ξ
1165 2101 1193 2131 2.
1218 2100 1305 2137 Eum,
1334 2100 1386 2141 qm·
1410 2118 1450 2122 --
1473 2100 1611 2130 venerat.
1648 2096 1742 2128 Nihil
1769 2100 1848 2133 erat,
1881 2104 1938 2126 cur

169 2167 328 2204 putaram,
359 2162 448 2202 quod
477 2161 639 2191 incertum
668 2169 710 2189 an
741 2158 774 2188 in
804 2157 899 2187 nullo
921 2157 1054 2201 codice¹
1083 2164 1204 2186 nomen
1227 2153 1313 2184 servi
1326 2153 1379 2183 vel
1392 2152 1502 2183 liberti
1514 2151 1674 2182 reticeret.
1697 2150 1805 2181 Acute
1821 2147 1941 2179 Schut-

174 2222 346 2251 inventum
371 2215 425 2246 sit.
448 2214 497 2245 Cf.
520 2213 737 2251 Wesenberg.
765 2212 894 2243 Emend
927 2221 957 2251 p.
981 2210 1031 2241 28.
1083 2209 1152 2239 zius
1175 2207 1327 2238 correxit:
1354 2206 1485 2242 Erotem,
1511 2205 1562 2246 [μή
1585 2224 1625 2228 -
1647 2205 1785 2234 venerut.

220 2269 273 2300 Ula·
296 2268 375 2299 enim
401 2286 437 2289 —
461 2257 791 2311 παρακινδυνεύεινῗ
820 2265 939 2304 Aptea
954 2262 1033 2292 Gro-

732 2385 942 2426 XXVIII.
1010 2384 1074 2436 (A.
1117 2383 1160 2422 U.
1200 2383 1237 2421 cf.
1275 2382 1391 2434 709.)

246 2524 284 2562 1.
333 2520 480 2561 Hortos
525 2500 713 2571 quoniam
758 2512 875 2554 hodie
917 2527 1001 2553 eras
1046 2512 1314 2567 inspecturus,
1349 2507 1446 2564 quid
1482 2508 1609 2548 visum
1643 2505 1720 2548 tibi
1753 2505 1818 2555 sit,
1854 2519 1940 2546 cras

181 2595 347 2636 scilicet.
390 2591 451 2632 De
495 2587 662 2630 Faberio
707 2591 854 2636 autem,
901 2600 1021 2639 quum
1060 2583 1224 2625 venerit.
1261 2585 1302 2623 2.
1337 2582 1397 2622 De
1431 2580 1598 2636 epistola
1632 2579 1682 2620 ad
1715 2579 1939 2629 Caesarem,
1977 2595 1981 2601 ’

182 2669 311 2709 >iurato
356 2663 455 2706 mihi
499 2661 626 2711 crede,
672 2675 753 2701 non
786 2673 961 2714 possum,
997 2672 1070 2698 nec
1105 2672 1165 2697 me
1199 2654 1409 2710 turpitudo
1443 2654 1628 2704 deterret,
1663 2652 1737 2694 etsi
1770 2650 1941 2693 maxime

149 2757 161 2780 1
184 2740 369 2783 debebat.
415 2736 543 2789 Quam
591 2735 696 2776 enim
730 2733 860 2789 turpis
894 2738 954 2773 est
988 2731 1218 2781 assentatio,
1253 2744 1377 2785 quum
1412 2728 1541 2769 vivere
1576 2727 1707 2782 ipsum
1740 2730 1857 2781 turpe
1891 2725 1943 2766 sit

184 2814 315 2857 nobis.
357 2811 435 2854 Sed
466 2815 513 2851 ut
546 2809 671 2864 coepi,
706 2822 787 2848 non
820 2822 883 2847 me
916 2806 992 2847 hoc
1023 2810 1140 2860 turpe
1182 2803 1369 2845 deterret.
1419 2803 1479 2842 Ac
1512 2800 1652 2842 vellem
1685 2798 1848 2854 quidem
1882 2822 1940 2828 —-

186 2901 313 2929 essem
356 2884 463 2926 enim
506 2882 576 2938 qui
620 2896 703 2922 esse
747 2877 963 2920 debebam·
987 2903 1057 2928 --,
1104 2876 1172 2919 sed
1215 2877 1259 2917 in
1303 2879 1478 2916 mentem
1511 2873 1614 2914 nihil
1648 2872 1771 2913 venit.
1820 2872 1942 2923 Nam,

189 2975 288 3015 quae
332 2962 426 2999 sunt
470 2956 519 2998 ad
552 2953 826 2996 Alexandrum
859 2951 1068 2993 hominum
1102 2949 1376 3005 eloquentium
1409 2953 1449 2989 et
1481 2946 1688 2988 doctorum
1722 2945 1942 2996 suasiones,

188 3034 299 3076 vides
332 3031 478 3088 quibus
509 3031 553 3072 in
585 3028 703 3070 rebus
737 3030 956 3068 versentur.
991 3025 1296 3066 Adolescentem
1329 3023 1537 3064 incensum
1572 3019 1791 3075 cupiditate
1824 3019 1945 3060 veris·

134 3122 169 3147 10
189 3107 310 3148 simae
358 3105 520 3159 gloriae,
570 3102 796 3156 cupientem
843 3099 919 3140 sibi
969 3098 1120 3153 aliquid
1170 3096 1325 3138 consilii
1378 3095 1477 3145 dari,
1535 3093 1640 3149 quod
1692 3093 1741 3134 ad
1786 3092 1945 3134 laudem

191 3178 468 3233 sempiternam}
514 3175 671 3224 valeret,
707 3173 965 3214 cohortantur
999 3172 1048 3212 ad
1085 3171 1220 3212 decus.
1269 3171 1362 3210 Nou
1398 3169 1508 3209 deest
1542 3168 1680 3208 oratio.
1730 3168 1815 3221 Ego
1850 3165 1948 3221 quid
