2062 3565
110 957 143 983 10

111 1323 144 1349 15

166 145 252 182 284·
562 140 644 181 ΕΡ.
680 139 755 179 ΑΒ
789 139 834 179 Τ.
870 135 1219 178 POMPONIUM
1254 137 1516 179 ATTICUM.

161 278 286 319 vitare
330 276 478 324 videor,
526 274 592 315 sed
638 287 802 314 casurus
834 273 878 314 in
912 272 1086 327 aliquam
1120 273 1471 328 vituperationem,
1505 273 1614 328 quod
1647 275 1704 316 rei
1736 274 1922 330 publicae

162 350 357 392 defuerim
400 353 481 389 tam
526 346 637 402 gravi
669 349 847 401 tempore
857 364 868 397 3
904 346 968 386 sin
1001 350 1135 387 autem
1168 360 1364 396 mansero,
1398 345 1480 387 fore
1514 361 1576 388 me
1611 347 1773 402 quidem
1806 347 1922 389 video

162 425 205 467 in
239 420 483 471 discrimine,
518 419 587 460 sed
621 418 801 460 accidere
833 433 948 474 posse
982 419 1176 474 suspicor,
1211 424 1258 460 ut
1290 418 1477 474 prodesse
1511 420 1660 475 possim
1693 421 1749 462 rei
1791 419 1922 475 publi-

163 513 244 539 cae.
289 496 376 538 Iam
410 494 479 535 illa
511 492 677 535 consilia
709 493 865 548 privata
897 497 1006 544 sunt,
1042 492 1149 548 quod
1184 493 1313 534 sentio
1349 492 1463 534 valde
1497 508 1581 535 esse
1614 493 1714 535 utile
1748 493 1797 534 ad
1832 509 1906 535 con

163 570 427 612 firmationem
472 567 676 609 Ciceronis
721 581 782 607 me
824 565 922 607 illuc
966 566 1115 617 venire,
1157 581 1230 607 nec
1272 566 1350 607 alia
1383 581 1502 608 causa
1536 567 1792 622 profectionis
1824 567 1924 608 mihi

162 644 244 686 ulla
275 643 354 685 fuit
384 646 487 692 tum,
522 656 645 697 quum
677 640 890 682 consilium
924 640 1011 696 cepi
1045 640 1170 696 legari
1204 639 1254 681 ab
1287 640 1469 682 Caesare.
1504 642 1604 682 Tota
1632 640 1757 696 igitur
1780 640 1854 682 hac
1875 639 1924 681 de

163 734 218 769 re,
252 721 298 758 ut
331 715 446 766 soles,
481 715 514 756 si
548 714 646 769 quid
679 713 729 755 ad
762 729 825 755 me
858 713 1056 770 pertinere
1091 718 1221 769 putas,
1257 714 1468 770 cogitabis.
1507 717 1546 756 5.
1583 714 1719 756 Redeo
1741 729 1852 756 nunc
1875 714 1923 755 ad

163 789 372 848 epistolam
404 793 530 829 tuam.
565 786 715 829 Scribis
749 787 856 828 enim
889 802 973 828 esse
1007 801 1185 828 rumores
1219 802 1282 829 me
1316 787 1366 829 ad
1389 787 1521 830 lacum
1545 787 1653 843 quod
1675 786 1804 829 habeo
1831 802 1925 828 ven-

164 865 357 914 diturum,
403 861 670 903 minusculam
714 876 807 902 vero
851 861 985 902 villam
1034 861 1211 916 [utique]
1258 861 1412 913 Quinto
1455 862 1714 912 traditurum,
1760 862 1821 903 vel
1853 861 1925 902 im-

164 953 287 995 penso
330 936 473 993 pretio,
521 949 598 989 quo
642 934 938 985 introducatur,
987 939 1034 976 ut
1083 934 1158 976 tibi
1205 935 1384 987 Quintus
1432 936 1539 977 filius
1583 935 1743 987 dixerit,
1790 935 1927 977 dotata

167 1011 345 1068 Aquilia.
392 1012 479 1065 Ego
512 1024 604 1050 vero
638 1009 686 1050 de
721 1008 953 1050 venditione
986 1008 1089 1050 nihil
1123 1009 1270 1064 cogito,
1303 1010 1383 1051 nisi
1417 1009 1529 1065 quid,
1565 1009 1672 1064 quod
1705 1009 1832 1064 magis
1866 1024 1928 1050 me

166 1086 350 1136 delectet,
394 1085 597 1125 invenero.
657 1082 838 1129 Quintus
884 1087 1017 1124 autem
1064 1082 1112 1124 de
1146 1083 1313 1125 emendo
1345 1083 1448 1125 nihil
1482 1089 1595 1126 curat
1626 1083 1702 1125 hoc
1734 1087 1927 1141 tempore.

167 1160 271 1203 Satis
303 1158 410 1201 enim
443 1161 653 1212 torquetur
686 1156 891 1198 debitione
925 1156 1045 1208 dotis,
1080 1157 1123 1198 in
1158 1172 1235 1211 qua
1265 1158 1451 1199 mirificas
1485 1157 1535 1210 Q.
1571 1158 1746 1213 Egnatio
1779 1157 1928 1212 gratias

166 1235 264 1290 agit.
319 1235 354 1274 A
387 1231 572 1274 ducenda
614 1236 746 1273 autem
789 1246 911 1272 uxore
945 1231 1002 1272 sic
1036 1230 1236 1282 abhorret,
1270 1236 1318 1273 ut
1349 1231 1475 1273 libero
1510 1231 1659 1273 lectulo
1691 1235 1812 1287 neget
1844 1246 1929 1272 esse

167 1308 387 1364 quidquam
419 1305 651 1348 iucundius.
708 1307 750 1345 6.
784 1304 861 1346 Sed
896 1304 994 1346 haec
1028 1319 1186 1360 quoque
1221 1305 1428 1346 hactenus,
1465 1305 1599 1346 Redeo
1633 1304 1739 1346 enim
1773 1304 1823 1346 ad
1856 1304 1929 1346 mi-

167 1398 293 1425 seram
327 1396 396 1423 seu
429 1379 581 1422 nullam
614 1379 748 1435 potius
781 1394 865 1420 rem
897 1378 1116 1434 publicam.
1174 1379 1234 1420 M.
1270 1379 1474 1420 Antonius
1508 1378 1558 1419 ad
1591 1393 1654 1419 me
1688 1378 1848 1434 scripsit
1880 1377 1928 1418 de

168 1457 420 1500 restitutione
462 1455 558 1496 Sex.
603 1453 750 1505 Clodii,
786 1468 907 1508 quam
940 1453 1171 1504 honorifice,
1208 1453 1314 1507 quod
1348 1452 1398 1493 ad
1431 1467 1492 1493 me
1528 1452 1686 1502 attinet,
1721 1467 1770 1493 ex
1801 1451 1929 1507 ipsius

166 1531 292 1573 literis
326 1543 541 1584 cognosces
577 1553 632 1558 --
668 1528 759 1569 misi
792 1527 899 1568 enim
933 1526 1009 1568 tibi
1043 1526 1269 1582 exemplum
1305 1551 1376 1576 —,
1411 1541 1533 1581 quam
1567 1524 1774 1576 dissolute,
1809 1539 1927 1580 quam

168 1604 338 1660 turpiter
372 1617 572 1658 quamque
605 1602 662 1643 ita
695 1600 931 1656 perniciose,
967 1604 1012 1641 ut
1044 1614 1336 1655 nonnunquam
1360 1599 1505 1641 Caesar
1529 1598 1817 1640 desiderandus
1844 1613 1928 1640 esse

170 1678 365 1727 videatur,
390 1676 504 1717 facile
528 1674 790 1717 existimabis.
825 1674 938 1726 Quae
951 1674 1059 1715 enim
1077 1674 1221 1715 Caesar
1239 1689 1459 1728 numquam
1477 1688 1605 1728 neque
1625 1672 1784 1713 fecisset
1799 1686 1929 1726 neque

169 1766 307 1808 passus
340 1755 455 1800 esset,
491 1764 537 1791 ea
568 1764 677 1790 nunc
712 1763 759 1788 ex
793 1748 902 1788 falsis
937 1748 1024 1788 eius
1059 1747 1357 1788 commentariis
1384 1746 1654 1802 proferuntur.
1688 1745 1775 1800 Ego
1793 1749 1925 1786 autem

171 1824 350 1866 Antonio
384 1823 619 1865 facillimum
644 1838 704 1863 me
723 1820 903 1877 praebui.
938 1821 1098 1863 Etenim
1118 1820 1198 1871 ille,
1220 1819 1406 1875 quoniam
1428 1819 1548 1860 semel
1566 1818 1728 1860 induxit
1751 1817 1927 1859 animum

171 1899 249 1940 sibi
291 1899 408 1940 licere
453 1897 559 1952 quod
595 1897 725 1947 vellet,
761 1897 921 1938 fecisset
954 1894 1082 1936 nihilo
1116 1895 1249 1936 minus
1283 1909 1345 1935 me
1379 1894 1521 1935 invito.
1574 1893 1718 1948 Itaque
1749 1907 1928 1934 mearum

170 1988 327 2029 quoque
360 1972 564 2014 literarum
598 1972 689 2013 misi
721 1971 799 2013 tibi
832 1969 1072 2025 exemplum.

207 2179 246 2210 13
269 2177 418 2220 mirificas
440 2179 457 2216 †
479 2175 617 2217 Eynatio

164 2373 278 2413 Vulgo
300 2375 372 2413 post
395 2369 559 2401 Graeciam
583 2373 709 2410 ponunt
732 2365 957 2407 interrogandi
980 2365 1019 2396 si-

164 2438 277 2469 gnum.
301 2427 366 2459 Sed
388 2430 529 2467 praestat
553 2425 631 2455 haec
649 2424 794 2464 accipere
807 2421 1019 2463 hypothetice

163 2481 249 2513 dicta
271 2481 314 2511 ob
336 2480 370 2510 id
391 2479 479 2520 quod
502 2477 608 2508 addit:
632 2475 687 2505 Sin
709 2477 813 2506 autem
838 2483 992 2505 mansero.

207 2534 224 2572 ξ
250 2535 266 2565 5
300 2532 352 2564 Ad
373 2532 475 2563 lacum
498 2530 580 2572 quod
601 2529 706 2560 habeo.
741 2528 870 2559 Villam
892 2528 933 2558 ad
954 2527 1020 2557 Lu-

164 2588 304 2620 crinum.
326 2585 404 2616 Vid.
428 2594 478 2625 ep.
502 2584 550 2620 16,
576 2583 591 2613 1
608 2583 638 2613 11.
654 2583 674 2613 l.
688 2581 900 2613 Vocabulum
914 2580 1019 2621 utique

165 2652 233 2673 non
256 2645 343 2672 certa
364 2639 430 2670 Ms.
453 2637 647 2668 auctoritate
677 2636 846 2666 munitum
868 2640 900 2666 et
922 2634 1019 2675 plane

164 2701 443 2735 supervacaneum
466 2695 624 2731 tanquam
646 2689 792 2720 alienum
815 2687 928 2718 notavi
944 2696 1019 2717 cum

166 2747 302 2781 Orellio.

208 2801 349 2842 Impenso
364 2797 471 2839 pretio
493 2801 542 2828 est
565 2795 698 2827 maximo
716 2794 831 2835 pretio.
866 2793 927 2825 Cff.
950 2793 1022 2824 intt.

167 2857 207 2887 ad
234 2855 309 2886 Liv.
338 2854 386 2885 II.
416 2852 446 2883 9.
477 2851 573 2889 Quod
606 2851 657 2881 his
680 2849 789 2881 verbis
811 2847 1024 2890 praeponitur

166 2910 216 2941 vel
243 2919 310 2940 non
339 2908 489 2948 ineptum
523 2905 697 2941 videbitur,
721 2904 748 2935 si
771 2903 1025 2943 interpretamur

167 2965 197 2994 et
218 2962 255 2993 id
274 2960 404 3003 quidem,
428 2969 469 2991 en
491 2958 563 2990 wel.

211 3016 277 3057 Quo
304 3014 526 3046 introducatur
550 3030 590 3035 —-
613 3011 752 3053 Aquilia.
775 3009 827 3042 Cf.
850 3019 898 3050 ep.
924 3008 971 3045 17,
995 3009 1025 3039 3.

168 3073 294 3104 Rumor
322 3075 391 3102 erat
419 3068 582 3108 Quintum
612 3073 738 3108 patrem
768 3074 871 3096 novas
894 3063 1024 3104 nuptias

169 3134 293 3167 parare.
315 3123 520 3155 [retroducere
543 3121 582 3152 de
605 3129 710 3151 uxore
731 3119 842 3150 minus
867 3118 1024 3149 usitat-um

171 3185 221 3211 est,
240 3188 338 3220 quam
360 3176 522 3209 deducere.
546 3174 639 3206 Nihil
662 3179 771 3206 tamen
794 3173 829 3204 111
854 3172 953 3204 verbo
967 3178 1025 3209 est,

1067 2374 1134 2404 quo
1157 2363 1377 2398 confirmetur,
1400 2360 1491 2401 quod
1514 2365 1586 2400 post
1610 2356 1804 2389 Manutium
1818 2355 1931 2387 scribit

1068 2417 1227 2448 Matthiae
1257 2416 1308 2456 Ep
1353 2415 1410 2446 sel.
1441 2425 1471 2455 p.
1505 2414 1575 2450 299,
1610 2421 1681 2443 eam
1704 2410 1821 2441 villam
1843 2409 1929 2440 dotis

1068 2472 1256 2503 cautionem
1278 2470 1358 2501 fore.

1112 2524 1265 2566 le'rzflcas
1301 2523 1336 2564 Q.
1366 2521 1500 2563 Eqnatio
1520 2519 1646 2562 qratias
1669 2518 1746 2559 aqit.
1784 2517 1838 2548 Ita
1860 2517 1932 2548 cod.

1069 2580 1116 2612 M.
1143 2580 1253 2618 Quem
1281 2579 1377 2616 dicat,
1406 2576 1589 2617 Egnatium
1611 2574 1735 2605 Rufum
1759 2582 1800 2603 an
1823 2571 1932 2603 Maxi-

1069 2646 1160 2666 mum
1188 2634 1242 2675 (cf.
1272 2634 1305 2665 h.
1335 2634 1368 2671 1.,
1392 2634 1458 2672 34),
1482 2632 1683 2672 ignoramus.
1708 2627 1826 2660 Orellii
1848 2632 1932 2658 aste-

1069 2689 1190 2720 riscum
1213 2687 1333 2723 delevi,
1354 2685 1512 2726 quoniam
1534 2683 1619 2714 nihil
1643 2680 1856 2713 tribuendum
1868 2680 1930 2711 lec-

1069 2742 1153 2773 tioni
1175 2751 1193 2772 a
1216 2740 1317 2772 Bosio
1340 2749 1357 2770 e
1379 2739 1455 2769 ficto
1478 2737 1590 2768 codice
1612 2734 1768 2776 prolatae.

1112 2796 1130 2836 ξ
1154 2796 1183 2826 6.
1209 2794 1364 2835 Quamque
1386 2793 1434 2823 ila
1452 2790 1640 2832 perniciose.
1663 2788 1845 2821 Offendunt
1867 2795 1934 2823 me,

1070 2855 1106 2880 ut
1135 2848 1340 2879 offenderant
1368 2844 1555 2877 Weiskium
1588 2842 1718 2882 (Ausw.
1741 2841 1800 2871 der
1819 2839 1932 2871 besten

1070 2900 1182 2933 Briefe
1204 2899 1271 2931 Cic.
1302 2910 1333 2940 p.
1356 2899 1442 2938 212),
1467 2908 1557 2938 quam
1581 2901 1614 2927 et
1635 2894 1682 2925 ica
1707 2893 1748 2924 ad
1766 2892 1856 2925 idem
1877 2892 1932 2922 ad-

1071 2955 1224 2986 verbium
1251 2953 1363 2984 relata.
1394 2952 1481 2983 Vide
1513 2960 1553 2982 ne
1581 2950 1630 2980 ita
1664 2952 1736 2988 post
1755 2945 1932 2986 perniciose

1058 3009 1301 3040 ¹collocandum
1325 3007 1377 3038 sit.

2020 352 2055 426 ¹⁷13}-
2014 86 2055 343 ssssuw‘
2019 64 2025 78 “
2021 36 2054 57 ’“’Ϊ
2051 22 2054 27 .

2037 863 2053 878 π
2022 474 2060 855 ῑ--ἑμκιζῖἱ-θδῖἑῖΐᾸ-ῇίΐῑῑςῑ
2024 454 2051 470 ,1
2027 416 2052 446 1»

2042 2711 2062 2835 ”ltus-37
2041 2619 2062 2700 ἐν’-’ἕω
2050 2595 2059 2607 ‘1
2053 2548 2062 2568 2-

2042 2960 2060 3082 r-·.=„:32
2038 2939 2040 2943 ’
