2062 3565
134 1475 166 1500 10

192 123 275 164 336
534 125 618 166 ΕΡ.
654 125 729 165 AD
761 125 807 165 T.
841 125 1192 168 POMPONIUM
1226 127 1489 171 ATTICUM.

193 260 338 301 bimus.
386 260 531 301 Nuilas
578 277 600 302 a
643 266 682 301 te
718 274 780 302 ΧΙ.
814 260 931 313 Kal.;
967 261 1129 318 quippe,
1165 263 1263 318 quid
1297 264 1404 305 enim
1437 265 1516 306 iam
1550 269 1674 310 novi?
1707 269 1844 322 Quum
1878 270 1955 325 pri-

192 351 300 377 mum
345 335 471 389 igitur
514 334 677 389 poteris,
723 335 871 375 venies.
918 334 1005 389 Ego
1038 350 1220 391 propero,
1254 352 1304 378 ne
1337 341 1430 378 ante
1464 339 1622 392 Sextus,
1657 357 1775 397 quem
1810 342 1955 383 adven-

193 404 275 439 tare
309 396 439 438 aiunt.

190 578 315 608 tionem
337 575 410 606 hinc
430 574 588 606 refutavit
609 573 766 611 oremus,
789 583 982 614 comparans
1006 584 1047 606 ex
1071 599 1073 618 ;
1138 576 1184 608 Ne
1207 579 1282 607 ante
1304 577 1418 608 Sextus
1436 577 1614 619 Pompeius
1636 578 1670 609 in
1693 578 1822 609 Italiam
1834 578 1954 609 veniat.

192 631 278 663 XVI
304 634 333 669 4,
357 633 377 662 4
399 632 477 663 haec
498 632 602 661 autem
624 630 796 670 naviyatio.
1070 619 1073 642 '
1094 629 1144 661 Cf.
1169 639 1218 670 ep.
1241 630 1291 668 20,
1314 631 1345 661 3.

772 751 916 792 XXII.
982 752 1047 803 (A.
1090 751 1135 791 Is.
1175 752 1216 791 C.
1254 750 1373 804 710.)

253 868 443 911 Gratulor
477 867 592 909 nobis
625 866 678 913 Q.
713 866 840 907 filium
874 866 1001 907 exisse
1011 885 1022 917 3
1058 865 1250 908 molestus
1283 881 1365 907 non
1398 865 1488 907 erit.
1522 867 1693 908 Pansam
1719 867 1818 908 bene
1842 866 1953 922 loqui

191 943 332 994 cred03
380 957 533 997 semper
580 941 687 982 enim
733 940 994 981 coniunctum
1041 956 1124 981 esse
1175 955 1266 981 cum
1311 939 1447 981 Hirtio
1497 941 1592 981 scio.
1648 941 1952 982 Amicissimum

196 1019 316 1059 Bruto
364 1023 403 1058 et
447 1016 584 1057 Cassio
628 1018 740 1070 puto,
775 1014 809 1054 si
842 1013 1028 1069 expediet
1063 1039 1119 1043 -
1155 1013 1224 1055 sed
1258 1012 1418 1069 quando
1445 1013 1533 1054 illos
1567 1013 1750 1055 videbit?
1786 1039 1842 1044 —-
1877 1015 1952 1056 ini-

192 1091 339 1131 micum
373 1089 575 1131 Antonio:
613 1087 773 1142 quaudo
807 1093 877 1128 aut
911 1088 1007 1128 cur?
1041 1087 1262 1142 Quousque
1295 1086 1507 1128 ludemur?
1541 1087 1628 1142 Ego
1651 1092 1787 1129 autem
1810 1088 1952 1143 scripsi

191 1168 356 1205 Sextum
401 1163 629 1213 adventare,
680 1178 759 1203 non
808 1177 887 1216 quo
930 1162 1009 1202 iam
1055 1161 1224 1212 adesset,
1266 1161 1334 1202 sed
1381 1161 1475 1216 quia
1519 1166 1624 1202 certe
1657 1161 1699 1202 id
1733 1166 1868 1216 ageret
1900 1159 1950 1203 ab

190 1238 387 1291 armisque
432 1236 567 1278 nullus
612 1235 847 1277 discederet.
899 1234 1029 1285 Certe,
1077 1236 1109 1276 si
1154 1236 1297 1291 pergit,
1341 1234 1489 1276 bellum
1534 1239 1716 1291 paratum
1749 1240 1822 1276 est.
1872 1235 1951 1276 Hic

189 1316 322 1352 autem
366 1320 500 1352 noster
545 1310 759 1366 Cytherius
793 1310 870 1351 uisi
905 1310 1094 1351 victorem
1127 1310 1327 1351 neminem
1363 1309 1575 1350 victurum.
1626 1308 1735 1361 Quid
1770 1309 1819 1350 ad
1853 1309 1951 1350 haec

190 1385 349 1425 Pansa?
393 1383 529 1425 utrobi
572 1384 661 1434 erit,
707 1384 740 1424 si
782 1381 931 1423 bellum
976 1383 1077 1423 erit?
1122 1381 1230 1437 quod
1265 1382 1422 1423 videtur
1455 1382 1550 1423 fore.
1598 1382 1674 1423 Sed
1709 1389 1749 1424 et
1781 1383 1878 1424 haec
1912 1389 1952 1423 et

189 1459 266 1500 alia
297 1473 443 1507 coram,
478 1457 597 1499 hodie
631 1457 809 1513 quidem,
847 1462 890 1498 ut
922 1456 1078 1507 scribis,
1112 1462 1182 1499 aut
1214 1472 1314 1497 cras.

229 1629 247 1658 9
269 1630 341 1659 utro
363 1628 424 1658 erit
448 1644 486 1650 -

230 1776 339 1807 Exisse
362 1786 395 1807 0:
421 1785 464 1807 ex
486 1775 566 1806 urbe
590 1773 770 1815 profectum
793 1782 873 1804 esse.
1093 1772 1277 1803 videbitur?
1301 1783 1355 1813 np.
1378 1772 1544 1813 expedire.

228 1831 363 1862 Pansam
385 1830 459 1860 bene
480 1830 565 1871 loqui
588 1828 689 1859 credo.
723 1828 777 1859 Ex
806 1827 856 1864 iis,
892 1836 975 1867 quae
998 1835 1044 1856 se·
1135 1826 1310 1867 Cytherius.
1347 1826 1393 1857 M.
1417 1826 1586 1857 Antonius
1612 1824 1799 1866 Cytheridis
1831 1825 1951 1856 mimae

187 1892 342 1928 quuntur,
380 1890 512 1926 apparet
545 1883 698 1915 Ciceroni
734 1892 802 1913 non
833 1881 941 1912 visum
975 1890 1044 1912 esse
1068 1898 1069 1907 1
1092 1885 1227 1910 amator.
1251 1878 1299 1910 Cf.
1324 1878 1368 1910 X.
1393 1879 1441 1915 10,
1466 1879 1494 1909 5.

187 1941 330 1971 Pansam
353 1948 428 1970 vere
451 1944 483 1969 et
505 1948 547 1969 ex
570 1938 679 1968 animo
704 1937 837 1973 bonum,
861 1936 917 1966 sed
935 1935 1043 1966 inser·
1067 1924 1069 1965 ἶ
1137 1933 1243 1965 Utrobi
1265 1933 1336 1964 erit.
1367 1933 1422 1965 Sic
1444 1933 1559 1974 scripsi
1582 1942 1624 1964 ex
1648 1933 1798 1973 margine
1820 1932 1953 1970 Lamb.‚

186 1993 340 2024 monibus
362 1993 543 2023 dumtaxat.
1092 1987 1125 2017 111
1149 1997 1214 2028 qua
1237 1986 1351 2018 utrubi.
1383 1986 1471 2018 Nam
1494 1988 1564 2017 utro
1586 1996 1653 2017 non
1689 1986 1771 2017 bene
1804 1985 1954 2027 iungitur

227 2046 289 2078 Sed
307 2046 430 2088 quando
460 2045 533 2076 illos
556 2044 698 2076 videbit?
735 2043 895 2083 Quaestio
914 2042 1042 2083 frigida.
1092 2044 1191 2074 verbo
1215 2052 1290 2074 esse.
1315 2042 1386 2075 Alii
1409 2053 1473 2074 cum
1499 2044 1568 2072 utro
1591 2052 1624 2072 οι
1649 2052 1724 2072 cum
1742 2042 1893 2073 Antonio
1911 2051 1951 2072 an

186 2103 263 2133 Non
287 2102 374 2133 male
396 2099 572 2132 Graeterus
595 2100 749 2131 coniecit:
776 2098 843 2130 Sed
853 2097 976 2140 quando
992 2097 1044 2127 illi
1091 2096 1261 2136 Pompeio.

762 2219 930 2260 XXIII.
995 2219 1061 2270 (A.
1103 2217 1147 2258 Is.
1186 2218 1228 2257 C.
1267 2216 1384 2270 710.)

252 2337 421 2379 Mirifice
455 2342 656 2389 torqueor,
692 2335 776 2374 sine
812 2333 946 2373 dolore
979 2338 1128 2382 tamen,
1164 2331 1233 2372 sed
1261 2331 1459 2386 permulta
1492 2332 1594 2373 mihi
1629 2331 1678 2373 de
1711 2338 1850 2374 nostro
1882 2331 1947 2373 iti-

188 2427 282 2453 nere
314 2412 358 2453 in
390 2416 600 2465 utramque
634 2414 785 2464 partem
821 2412 1052 2448 occurrunt.
1097 2406 1347 2461 Quousque?
1381 2405 1554 2460 inquies.
1605 2406 1748 2458 Quoad
1781 2405 1858 2447 erit
1889 2405 1950 2447 in-

188 2491 370 2540 tegrum3
405 2484 482 2525 erit
514 2487 809 2535 autemusque
843 2479 939 2521 dum
973 2479 1022 2520 ad
1056 2494 1212 2520 navem.
1248 2478 1380 2519 Pansa
1413 2479 1446 2520 si
1480 2480 1504 2522 †
1529 2485 1598 2521 tue
1621 2479 1882 2535 rescripseris,
1907 2483 1948 2520 et

188 2572 317 2599 meam
350 2556 427 2598 tibi
459 2561 500 2597 et
520 2555 630 2597 iilius
655 2553 863 2610 epistolam
889 2553 1059 2593 mittam.
1095 2552 1237 2592 Silium
1265 2551 1559 2607 exspectabam,
1585 2553 1650 2594 cui
1673 2549 1947 2610 ὑπόμνημα

229 2740 250 2769 4
271 2737 299 2768 si
320 2735 518 2776 rescripserit
541 2753 580 2758 —-

235 2899 333 2940 Usque
354 2898 437 2929 dum.
458 2897 527 2928 Ubi
548 2896 691 2936 simplex
713 2895 783 2926 dum
805 2894 961 2934 temporis
973 2902 1041 2933 spa·
1064 2900 1067 2941 ¹4
1089 2892 1123 2922 in
1146 2902 1212 2932 quo
1235 2898 1345 2923 tamen
1369 2892 1496 2933 aliquid
1518 2893 1607 2931 latet,
1635 2893 1756 2924 delent.
1788 2892 1946 2925 Wesenb.

189 2955 272 2985 tium
295 2954 372 2984 satis
386 2953 555 2989 indicaret,
568 2959 809 2990 nonnunquam
823 2948 953 2979 additur
965 2950 1042 2978 tam-
1064 2944 1067 2957 ¹
1088 2945 1228 2976 Emend.
1250 2955 1281 2986 p.
1307 2945 1367 2976 130
1389 2945 1539 2977 volebat:
1573 2945 1681 2977 Pansa
1702 2946 1732 2977 si
1753 2946 1794 2976 mi
1815 2947 1948 2987 rescrip-

189 3008 244 3038 dz‘u
266 3007 350 3048 (Att.
372 3005 438 3038 IX.
462 3006 490 3043 6,
513 3005 546 3043 5)
582 3004 635 3035 vel
665 3013 768 3045 usque.
804 3003 883 3033 Vid.
915 3002 1042 3033 Handii
1064 2993 1067 3032 ἶ
1087 2999 1177 3030 serit.
1201 2999 1287 3030 Vide
1310 3009 1351 3031 ne
1373 2999 1480 3040 potius
1502 3000 1546 3031 ita
1569 3000 1681 3032 fuerit:
1710 2999 1817 3030 Pansa
1839 3001 1869 3031 si
1890 3003 1946 3033 tua

190 3062 286 3092 Turs.
308 3061 355 3092 11.
378 3071 409 3102 p.
433 3060 502 3097 316,
525 3059 582 3100 qui
595 3059 785 3099 exemplum
797 3057 889 3088 affert
912 3066 929 3088 e
945 3056 1040 3088 Verr.
1064 3034 1067 3071 Ι
1088 3053 1127 3084 de
1149 3063 1183 3084 re
1204 3054 1374 3094 scripserit.

192 3116 218 3146 I.
243 3115 282 3146 12
303 3125 398 3157 usque
418 3114 489 3146 dum
504 3123 566 3155 per
587 3123 633 3144 me
657 3112 794 3143 licuerit.
1064 3095 1068 3142 1
1109 3103 1331 3152 ’ὑπόμνημα.
1366 3108 1427 3148 Ep.
1456 3108 1497 3139 24
1527 3108 1710 3149 appellatur
1739 3118 1836 3140 causa
1858 3113 1890 3141 et
1910 3107 1948 3138 li-

212 3168 337 3206 *Pansa
360 3169 388 3199 si
410 3170 497 3198 tuere
517 3165 688 3205 scripserit.
721 3165 809 3196 Med.
844 3164 958 3203 Vulgo
981 3168 1041 3202 tue,
1064 3148 1068 3186 ¹
1088 3166 1198 3197 bellus.
1231 3165 1282 3198 De
1303 3167 1365 3198 hac
1386 3177 1484 3199 causa
1507 3167 1634 3199 Siliana
1671 3166 1787 3200 Cicero
1819 3168 1948 3209 scripsit
