2062 3565
215 164 270 200 88
615 158 699 199 ΕΡ.
734 157 810 198 ΑΙ.)
844 155 890 196 Τ.
924 152 1275 196 POMPONIUM
1309 152 1573 194 ATTICUM.

212 294 368 344 fuisset,
406 295 473 346 (et)
507 292 586 333 nisi
619 291 652 332 si
685 296 732 331 tu
765 289 882 331 aliter
926 301 1078 338 0011565,
1112 292 1153 328 et
1184 286 1279 328 hinc
1312 286 1431 328 abero
1464 291 1505 327 et
1536 285 1652 327 illim.
1696 288 1774 329 Sed
1808 287 1976 330 alterum
2022 282 2025 285 ¹

211 365 313 408 1111111
355 371 416 407 est
456 364 617 414 certiuS,
661 377 736 404 nec
780 360 1026 417 praecipiam
1067 364 1225 401 tamen:
1272 358 1512 415 exspectabo
1543 364 1662 401 tuum
1694 361 1906 403 consilium
1938 366 1979 404 et

208 453 274 481 eas
305 439 455 488 literaS,
489 436 569 478 nisi
601 436 699 478 alias
732 436 813 476 iam
846 433 1007 484 dedisti,
1033 448 1131 488 quas
1155 433 1296 489 scripsi
1315 438 1362 474 ut
1381 432 1619 488 Cephalioni
1641 433 1770 476 dares.
1795 437 1837 477 3.
1857 435 1975 488 Quod

211 510 365 562 scribis,
399 524 480 551 non
515 524 593 564 quo
626 508 789 550 aliunde
823 506 1010 557 audieris,
1046 506 1114 548 sed
1146 512 1186 548 te
1218 506 1353 561 ipsum
1385 510 1526 562 putare
1558 522 1621 549 me
1665 512 1882 550 attractum
1913 509 1979 559 iri,

175 597 190 622 5
211 584 245 626 si
277 583 326 625 de
359 598 455 639 pace
489 586 644 637 agatur,
677 581 779 622 mihi
812 580 975 622 omnino
1021 594 1104 621 non
1136 580 1248 621 venit
1279 579 1323 621 in
1355 584 1544 632 mentem,
1579 595 1680 636 quae
1714 582 1840 637 possit
1872 583 1977 625 actio

210 674 294 700 esse
327 657 376 698 de
419 671 530 711 pace,
565 670 693 710 quum
739 654 798 696 illi
833 653 1100 695 certissimum
1133 653 1199 703 sit,
1234 653 1268 694 si
1300 653 1440 708 possit,
1475 653 1694 709 exspoliare
1727 656 1908 698 exercitu
1939 661 1980 698 et
2023 682 2026 684 ψ

209 730 415 787 provincia
448 728 701 784 Pompeium,
734 727 814 769 nisi
858 727 958 768 forte
999 726 1076 768 iste
1118 726 1367 768 nummarius
1400 725 1437 767 ei
1469 731 1602 782 potest
1633 727 1885 783 persuadere,
1918 733 1979 782 ut,

210 804 306 846 dum
355 807 530 844 oratores
573 806 667 843 eant
710 805 750 842 et
794 799 972 850 redeant,
1016 799 1209 854 quiescat.
1265 799 1382 840 Nihil
1408 799 1546 850 video,
1582 800 1690 854 quod
1724 816 1878 858 sperem
1910 807 1982 844 aut

210 876 317 932 quod
360 876 441 917 iam
480 880 618 932 putem
661 874 746 916 fieri
786 888 913 929 posse.
968 872 1046 914 Sed
1091 877 1226 914 tamen
1268 871 1443 913 hominis
1486 871 1562 913 1100
1606 872 1740 928 ipsum
1775 873 1888 928 probi
1921 879 1982 916 est

155 957 191 984 ¹0
209 951 441 1006 †magnu1n
485 954 546 991 est
589 955 629 990 et
668 950 769 992 τῶν
814 943 1218 990 πολιτικωτάτων
1251 942 1567 1003 σκεμμάτων,
1603 946 1896 990 veniendumne
1929 949 1983 991 sit

209 1024 252 1065 in
286 1023 498 1065 consilium
529 1022 705 1078 tyranni,
742 1022 776 1063 si
807 1022 842 1062 is
872 1021 1007 1075 aliqua
1040 1019 1089 1061 de
1122 1035 1163 1061 re
1179 1030 1182 1033 “
1198 1019 1302 1061 bona
1335 1018 1629 1061 deliberaturus
1663 1020 1730 1062 sit.
1764 1021 1913 1074 Quare,
1947 1023 1982 1064 si

210 1096 307 1152 quid
341 1096 538 1138 eiusmodi
572 1096 762 1146 evenerit,
796 1100 843 1136 ut
876 1109 1121 1135 arcessamur
1155 1118 1212 1123 —
1246 1092 1353 1148 quod
1387 1091 1574 1147 equidem
1614 1108 1696 1135 non
1731 1108 1848 1147 curo,
1884 1095 1981 1150 quid

211 1170 317 1212 enim
346 1186 473 1212 essem
507 1170 555 1212 de
590 1185 686 1225 pace
720 1170 916 1219 dicturus,
952 1168 1058 1219 dixi3
1098 1168 1183 1223 ipse
1218 1166 1331 1208 valde
1365 1165 1594 1221 repudiavit
1629 1185 1707 1208 —2
1743 1167 1813 1209 sed
1846 1172 1981 1211 tamen

212 1243 245 1285 si
289 1243 387 1298 quid
433 1243 637 1293 acciderit,
686 1243 785 1299 quid
835 1257 996 1284 censeas
1039 1241 1140 1282 1111111
1185 1238 1413 1282 faciendum
1466 1238 1603 1294 utique
1638 1238 1817 1282 scribito.
1866 1241 1983 1283 Nihil

255 1411 269 1441 l
285 1409 406 1450 fuisset
427 1427 470 1432 —
491 1409 554 1441 nisi
575 1409 603 1440 si
627 1412 662 1440 tu
684 1427 725 1432 —-
747 1410 767 1439 4
789 1407 938 1439 alicunde
961 1424 1002 1430 —·
1022 1408 1042 1438 8
1067 1409 1140 1437 eant
1165 1405 1297 1437 redeant
1322 1422 1363 1429 —-
1384 1406 1404 1436 9
1426 1407 1484 1436 est.
1510 1405 1659 1446 ,naynum
1683 1408 1729 1437 est
1752 1422 1792 1428 -

213 1556 419 1597 pronominis
441 1556 539 1588 huius
563 1557 750 1588 membrum
773 1556 939 1587 declinare
966 1563 1075 1586 exem-

213 1611 277 1652 plis
301 1610 409 1642 allatis
431 1610 545 1642 docuit
567 1610 646 1643 Otto
669 1611 710 1641 ad
732 1609 800 1642 Cic.
833 1611 873 1641 de
906 1610 986 1650 Rep.
1009 1609 1066 1640 111

214 1664 243 1700 3,
266 1674 297 1704 p.
321 1663 379 1694 251
403 1663 479 1695 edit.
504 1662 628 1696 Osann.

255 1717 296 1749 Et
318 1718 381 1749 nist·
401 1718 430 1749 si
451 1720 486 1749 ta
509 1718 606 1749 aliter
627 1727 744 1755 censes,
775 1719 805 1748 et
828 1717 901 1748 hiae
931 1716 1025 1747 abero
1047 1717 1077 1745 et

215 1773 305 1805 illim.
329 1772 490 1815 Copulam
513 1773 632 1811 addidi,
647 1773 804 1805 extremis
821 1772 924 1803 literis
947 1782 979 1801 v.
990 1770 1077 1811 sais-

214 1828 263 1857 set
284 1827 509 1868 interceptam.
539 1826 628 1857 Illim
641 1823 1078 1860 (161161111801111111110161111,

217 1880 274 1921 qui
297 1880 331 1911 in
355 1891 402 1922 pr.
425 1880 502 1912 edit.
528 1880 610 1911 bene
633 1880 772 1915 monuit,
797 1879 927 1920 quantis
939 1877 1076 1909 difficul-

216 1934 338 1966 tatibus
362 1934 534 1971 laboraret,
558 1934 646 1975 quod
669 1944 728 1975 pro
751 1943 790 1965 eo
821 1933 944 1973 legitur
977 1932 1011 1962 in
1042 1931 1077 1961 li-

218 1989 283 2020 bris
312 1989 392 2021 Mss.
409 1988 490 2029 filii.
523 1989 635 2030 Atque
666 1989 711 2020 ita
741 1989 875 2019 deinum
905 1987 979 2018 illa:
1012 1986 1080 2020 Sed

217 2043 353 2074 alterum
375 2042 450 2073 milei
471 2045 519 2073 est
543 2042 660 2073 certius
681 2043 815 2078 habent,
849 2052 913 2082 quo
936 2040 1077 2072 referan-

218 2101 280 2128 tur.
302 2096 443 2126 Alteram
466 2096 556 2127 enim
580 2101 627 2128 est
651 2096 724 2126 hinc
744 2095 873 2131 abesse:
906 2096 1077 2131 incertum,

219 2159 260 2180 an
284 2149 480 2190 Pompeium
502 2159 569 2180 non
593 2154 791 2190 sequeret-ur,
805 2154 837 2180 et
856 2148 935 2178 illim
949 2157 1079 2188 quoque

220 2202 358 2233 abesset.

263 2254 472 2295 Praecipiam.
513 2255 602 2286 Med.
632 2254 835 2294 praeripiam.
869 2254 908 2284 cf.
943 2253 983 2283 ad
1016 2251 1079 2283 IX.

223 2308 272 2346 17,
296 2308 326 2338 1.

267 2364 352 2404 Quas
379 2362 491 2403 scripsi
522 2365 555 2393 at
591 2363 776 2404 Cephalioni
805 2364 909 2394 dares.
943 2362 1081 2402 Scripsit

223 2419 256 2449 111
281 2418 372 2458 epist.
396 2426 501 2458 praec-
525 2418 543 2458 ξ
566 2419 596 2448 4.
637 2418 688 2448 Ν6
713 2418 786 2457 quis
811 2417 949 2448 traiiciat
982 2416 1081 2447 verba

224 2476 256 2505 at
279 2474 400 2514 scripsi,
423 2483 545 2506 moneo
577 2474 714 2505 verbum
745 2474 910 2505 scribendi
943 2473 996 2504 hic
1025 2472 1079 2503 118-

224 2527 299 2559 bere
321 2527 390 2559 vim
410 2527 556 2566 iubendi,
578 2532 614 2558 ut
638 2527 679 2557 V.
705 2527 751 2564 11,
777 2528 805 2557 6.

266 2580 283 2619 ξ
309 2582 338 2611 3.
361 2580 432 2612 Non
454 2590 512 2622 qao
535 2579 664 2610 aliunde
687 2579 839 2610 audieris.
878 2579 966 2610 Male
990 2579 1080 2609 Han<

221 2633 294 2664 dius
317 2633 352 2664 in
374 2633 470 2664 Turs.
493 2633 520 2664 1.
543 2643 574 2673 p.
597 2632 658 2663 232
679 2643 738 2674 qao
759 2631 906 2662 alicunde
922 2631 1080 2662 h.l.con-

222 2686 335 2717 iuncta
356 2695 426 2717 esse
449 2689 550 2726 putat.
575 2684 646 2715 Non
668 2695 727 2726 qao
751 2685 891 2716 solemni
914 2694 1004 2715 more
1026 2694 1080 2725 po·

1122 1555 1185 1583 tar.
1208 1551 1321 1591 Quum
1343 1553 1433 1583 enim
1455 1552 1566 1583 statim
1587 1557 1761 1594 sequatur:
1785 1562 1865 1593 quae
1880 1551 1984 1592 possit

1123 1603 1206 1636 aetio
1240 1614 1308 1635 esse
1341 1605 1381 1635 de
1407 1614 1499 1645 pace,
1523 1615 1590 1637 non
1614 1605 1685 1637 sine
1708 1605 1874 1646 elegantia
1895 1614 1984 1636 nunc

1123 1669 1181 1701 pro
1197 1669 1278 1700 pace
1302 1659 1380 1700 poni
1403 1664 1530 1700 poterat
1553 1670 1590 1690 ea
1614 1670 1659 1691 re.

1165 1712 1233 1744 Iste
1262 1713 1453 1744 nummarius
1485 1723 1519 1745 o:
1551 1713 1609 1745 ille
1639 1718 1767 1755 emptus
1789 1714 1986 1755 pacificator,

1124 1779 1224 1811 quem
1237 1779 1334 1811 supra
1347 1769 1443 1801 dixit.
1465 1769 1585 1810 Recepi
1600 1775 1709 1801 autem
1720 1770 1864 1801 Manutii
1878 1779 1986 1802 emen-

1123 1823 1301 1860 dationem,
1324 1832 1408 1863 quae
1431 1822 1589 1854 facilitate
1607 1832 1641 1854 se
1655 1824 1876 1856 commendat.
1900 1824 1987 1856 Nam

1124 1877 1211 1918 quod
1246 1877 1414 1913 Tui-nebo,
1449 1877 1591 1908 Advers.
1626 1876 1762 1909 XVIII.
1796 1878 1815 1908 9
1848 1877 1988 1920 aliisque

1125 1931 1230 1972 placet
1267 1929 1466 1968 Summarim,
1491 1931 1582 1971 quasi
1605 1931 1690 1962 alter
1712 1931 1849 1970 Marius,
1873 1941 1986 1974 quem-

1125 1983 1302 2014 admodum
1331 1983 1469 2014 Plautus
1500 1984 1533 2014 in
1565 1983 1683 2015 Pseud.
1714 1984 1762 2015 ΙΙ.
1801 1984 1836 2021 2:
1862 1984 1900 2016 13
1937 1994 1988 2016 co-
2041 1988 2045 1990 ’

1126 2037 1210 2068 111106
1232 2037 1330 2068 finxit
1351 2036 1583 2074 subballioae'm,
1608 2042 1639 2069 et
1661 2037 1871 2070 Tertulliano
1896 2038 1987 2070 resti-

1125 2090 1188 2121 tuit
1209 2089 1409 2120 subneronem
1433 2089 1615 2121 Salmasius
1637 2090 1679 2120 ad
1701 2090 1758 2121 lib.
1776 2090 1816 2122 de
1831 2090 1941 2122 Pallio
1956 2101 1988 2132 p.

1127 2145 1196 2182 275,
1232 2155 1299 2176 non
1334 2145 1431 2176 video
1469 2146 1549 2186 quid
1589 2146 1643 2176 hic
1672 2146 1781 2177 Mario
1818 2146 1988 2178 faciamus.

1127 2197 1219 2229 Bosii
1242 2202 1351 2229 autem
1377 2198 1580 2229 summoen'as
1609 2198 1709 2239 plane
1730 2199 1888 2240 indignus
1910 2205 1988 2238 erat,

1127 2260 1227 2291 quem
1248 2250 1430 2281 Lambinus
1452 2259 1587 2282 assensu
1609 2260 1670 2282 suo
1693 2252 1931 2293 comprobaret.

1168 2302 1253 2334 Eant
1281 2305 1312 2334 et
1339 2303 1483 2335 redeant.
1517 2303 1679 2345 Copulam
1710 2305 1872 2343 revocavi,
1895 2306 1988 2338 cuius

1127 2362 1252 2388 certum
1288 2357 1465 2397 vestigium
1495 2364 1544 2389 est
1566 2358 1599 2389 111
1624 2358 1763 2389 ridicula
1783 2358 1901 2390 horum
1920 2369 1988 2392 ver-

1129 2409 1244 2440 borum
1277 2410 1471 2450 corruptela,
1507 2420 1591 2451 quae
1614 2410 1715 2442 libros
1737 2411 1818 2443 Mss.
1839 2412 1989 2454 inquina-

1127 2462 1175 2493 vit
1209 2465 1337 2493 cantent
1369 2462 1510 2494 rideant.
1548 2463 1692 2496 Orellius
1727 2465 1851 2497 delevit
1887 2466 1988 2498 dubia

1126 2526 1203 2547 usus
1226 2517 1340 2548 Ursini
1364 2517 1570 2549 auctoritate.

1169 2568 1231 2600 Sed
1251 2571 1355 2600 tamen
1378 2575 1439 2601 cet.
1462 2570 1620 2602 Libenter
1642 2581 1661 2602 a
1682 2572 1816 2604 Mureto
1830 2572 1873 2603 V.
1888 2573 1928 2604 L.
1944 2573 1989 2604 X.

1129 2623 1169 2654 12
1208 2623 1389 2664 acciperem
1425 2624 1514 2655 hunc
1560 2624 1668 2656 locum
1706 2626 1752 2657 ita
1786 2632 1986 2659 correctum:

1127 2676 1218 2707 Nihil
1247 2677 1344 2713 video,
1374 2677 1456 2718 quod
1484 2688 1601 2718 sperem
1624 2681 1680 2709 aut
1702 2679 1785 2721 quod
1803 2680 1867 2711 iam
1882 2682 1988 2721 putem

222 2739 314 2770 nitur
335 2748 394 2779 pro
416 2748 478 2769 non
501 2737 601 2779 quasi„
644 2737 711 2769 Sed
739 2747 842 2778 quum
870 2746 1006 2777 pergere
1035 2737 1082 2768 ita,
1116 2732 1196 2774 fieri
1226 2742 1329 2773 posse,
1362 2733 1420 2763 sed
1454 2735 1559 2765 tamen
1592 2734 1650 2765 hoc
1681 2744 1779 2775 zpssum
1812 2737 1859 2766 eet
1895 2746 1991 2767 rmum

222 2792 397 2833 potuisset:
429 2790 486 2822 sed
506 2790 588 2832 quod
609 2793 642 2821 ta
666 2791 731 2830 ipse
750 2793 853 2830 putas,
885 2791 942 2821 illa
963 2790 1009 2821 ita
1029 2791 1082 2822 de-

223 2844 280 2882 dit,
302 2848 339 2875 ut
360 2854 379 2875 a
402 2854 433 2874 v.
463 2843 574 2874 scribis
605 2844 794 2884 penderent.
839 2843 905 2873 Pro
934 2841 1082 2873 alicemde

223 2897 337 2938 scripsi
359 2896 489 2928 aliunde
513 2907 546 2928 o:
581 2897 622 2927 ab
652 2897 725 2933 alio,
758 2896 811 2927 cui
844 2896 1020 2937 opponitur
1052 2899 1082 2926 te

221 2950 330 2990 ipsum,
363 2956 401 2982 ut
421 2960 453 2991 p.
477 2949 552 2990 Lig.
576 2949 592 2979 1
617 2959 705 2991 qaum
728 2951 762 2979 tu
785 2949 821 2979 id
840 2959 936 2990 neque
958 2958 1017 2988 per
1052 2949 1083 2978 te

222 3002 331 3040 seire&
353 3012 452 3043 neque
473 3001 586 3032 audire
610 3001 742 3032 aliunde
758 3001 929 3040 potuisses.
951 3001 1083 3032 Correc-

226 3056 349 3086 tionem
372 3055 543 3096 occupavit
564 3054 722 3085 Wesenb.
745 3055 786 3085 ad
808 3055 904 3085 Tusc.
928 3054 955 3084 I.
979 3055 1029 3086 53.

1127 2787 1193 2818 τῶν
1223 2796 1262 2820 π.
1292 2795 1349 2817 σκ.
1373 2789 1446 2822 cet„
1470 2785 1535 2816 nisi
1556 2786 1656 2817 trium
1679 2787 1916 2819 vocabulorum
1938 2788 1991 2819 ho-

1128 2841 1220 2873 minis
1249 2860 1291 2865 —
1315 2841 1404 2882 probi
1436 2860 1475 2865 -
1506 2853 1647 2884 maqmcm
1681 2853 1780 2875 omne
1814 2845 1990 2885 vestigium

1128 2896 1301 2927 deleretur.
1334 2895 1363 2926 E
1393 2896 1487 2927 codd.
1522 2896 1670 2937 vestigiis
1700 2898 1801 2928 verba
1834 2898 1881 2930 sie
1910 2903 1990 2940 puto
2047 2940 2050 2941 ⁷

1127 2950 1336 2990 refingenda:
1360 2948 1423 2980 Sed
1442 2952 1545 2981 tamen
1567 2950 1701 2981 hominis
1719 2951 1776 2982 hoc
1790 2951 1890 2992 ipsum
1896 2951 1991 2993 probi

1129 3007 1176 3035 est
1198 3006 1228 3034 et
1256 3004 1370 3043 mayni.
1405 3003 1501 3043 Quae
1523 3005 1623 3036 verba
1643 3005 1817 3037 continent
1838 3006 1989 3040 exhorta-

1129 3058 1264 3095 tionem,
1287 3062 1324 3088 ut
1344 3058 1385 3089 de
1407 3067 1486 3098 pace
1498 3059 1668 3089 consultus
1679 3059 1742 3090 hoc
1755 3063 1877 3099 ageret,
1889 3069 1988 3100 quam

266 3108 298 3138 Si
331 3108 371 3140 de
392 3118 473 3149 pace
500 3110 624 3149 πρωίαν.
655 3107 806 3140 Fortasse
829 3108 954 3140 restitui
977 3108 1082 3145 debet,
1106 3131 1109 3155 2
1132 3111 1247 3144 Cicero
1269 3111 1332 3143 sibi
1355 3111 1396 3142 ab
1418 3112 1523 3143 amico
1546 3112 1614 3143 dari
1638 3112 1743 3152 fingit.
1779 3113 1987 3154 Respondet:

195 3180 198 3182 ψ
225 3163 311 3203 quod
333 3172 367 3194 m
391 3162 480 3196 Med.
502 3162 659 3203 seriptum
682 3167 764 3193 erat.
789 3162 817 3192 ⁵2
840 3161 877 3192 de
901 3172 938 3192 ea
961 3173 993 3194 re
1007 3173 1079 3203 «ιφι.
1107 3196 1109 3201 A

1135 3164 1229 3195 Unam
1254 3167 1300 3195 est
1324 3167 1388 3195 τῶν
1408 3161 1600 3197 nolite-{con
1627 3163 1830 3210 σκεμμάτων
1853 3175 1887 3196 o:
1904 3167 1989 3198 int-er
