<?xml version="1.0" encoding="UTF-8"?>
<!DOCTYPE html PUBLIC "-//W3C//DTD XHTML 1.0 Transitional//EN"
    "http://www.w3.org/TR/xhtml1/DTD/xhtml1-transitional.dtd">
<html xmlns="http://www.w3.org/1999/xhtml" xml:lang="en" lang="en">
 <head>
  <title>
</title>
<meta http-equiv="Content-Type" content="text/html;charset=utf-8" />
  <meta name='ocr-system' content='tesseract 3.04.00' />
  <meta name='ocr-capabilities' content='ocr_page ocr_carea ocr_par ocr_line ocrx_word'/>
</head>
<body>
  <div class='ocr_page' id='page_1' title='image "./epistolarumadtpo02ciceuoft_0174.png"; bbox 0 0 2062 3565; ppageno 0'>
   <div class='ocr_carea' id='block_1_1' title="bbox 151 152 1508 196">
    <p class='ocr_par' dir='ltr' id='par_1_1' title="bbox 151 152 1508 196">
     <span class='ocr_line' id='line_1_1' title="bbox 151 152 1508 196; baseline 0 -2"><span class='ocrx_word' id='word_1_1' title='bbox 151 157 235 195; x_wconf 69' lang='lat'>164</span> <span class='ocrx_word' id='word_1_2' title='bbox 550 155 634 196; x_wconf 85' lang='grc' dir='ltr'>ΕΡ.</span> <span class='ocrx_word' id='word_1_3' title='bbox 670 155 745 195; x_wconf 72' lang='grc' dir='ltr'>ΑΙ)</span> <span class='ocrx_word' id='word_1_4' title='bbox 778 154 823 194; x_wconf 86' lang='grc' dir='ltr'>Τ.</span> <span class='ocrx_word' id='word_1_5' title='bbox 859 152 1209 194; x_wconf 89' lang='lat' dir='ltr'>POMPONIUM</span> <span class='ocrx_word' id='word_1_6' title='bbox 1244 153 1508 194; x_wconf 74' lang='lat' dir='ltr'>ATTICUM.</span> 
     </span>
    </p>
   </div>
   <div class='ocr_carea' id='block_1_2' title="bbox 147 286 1917 853">
    <p class='ocr_par' dir='ltr' id='par_1_2' title="bbox 147 286 1917 853">
     <span class='ocr_line' id='line_1_2' title="bbox 147 286 1915 343; baseline -0.001 -14"><span class='ocrx_word' id='word_1_7' title='bbox 147 288 313 343; x_wconf 85' lang='lat' dir='ltr'>epistola</span> <span class='ocrx_word' id='word_1_8' title='bbox 371 296 441 329; x_wconf 87' lang='lat' dir='ltr'>tua</span> <span class='ocrx_word' id='word_1_9' title='bbox 490 288 737 338; x_wconf 83' lang='lat' dir='ltr'>tabellarius,</span> <span class='ocrx_word' id='word_1_10' title='bbox 784 302 863 342; x_wconf 87' lang='lat' dir='ltr'>qua</span> <span class='ocrx_word' id='word_1_11' title='bbox 905 287 1008 328; x_wconf 85' lang='lat' dir='ltr'>lecta</span> <span class='ocrx_word' id='word_1_12' title='bbox 1057 286 1106 327; x_wconf 89' lang='lat' dir='ltr'>de</span> <span class='ocrx_word' id='word_1_13' title='bbox 1152 287 1311 328; x_wconf 68' lang='lat' dir='ltr'>Atticae</span> <span class='ocrx_word' id='word_1_14' title='bbox 1357 286 1553 329; x_wconf 73' lang='lat' dir='ltr'><strong>febricula</strong></span> <span class='ocrx_word' id='word_1_15' title='bbox 1601 287 1754 329; x_wconf 87' lang='lat' dir='ltr'>scilicet</span> <span class='ocrx_word' id='word_1_16' title='bbox 1802 287 1915 328; x_wconf 88' lang='lat' dir='ltr'>valde</span> 
     </span>
     <span class='ocr_line' id='line_1_3' title="bbox 148 359 1916 416; baseline -0.001 -14"><span class='ocrx_word' id='word_1_17' title='bbox 148 361 273 402; x_wconf 83' lang='lat' dir='ltr'>dolui.</span> <span class='ocrx_word' id='word_1_18' title='bbox 320 361 502 416; x_wconf 80' lang='lat' dir='ltr'>Reliqua,</span> <span class='ocrx_word' id='word_1_19' title='bbox 549 375 650 415; x_wconf 89' lang='lat' dir='ltr'>quae</span> <span class='ocrx_word' id='word_1_20' title='bbox 694 359 988 415; x_wconf 72' lang='lat' dir='ltr'>exspectabam,</span> <span class='ocrx_word' id='word_1_21' title='bbox 1033 375 1081 401; x_wconf 77' lang='lat' dir='ltr'>ex</span> <span class='ocrx_word' id='word_1_22' title='bbox 1126 360 1207 400; x_wconf 90' lang='lat' dir='ltr'>tuis</span> <span class='ocrx_word' id='word_1_23' title='bbox 1254 360 1382 400; x_wconf 85' lang='lat' dir='ltr'>literis</span> <span class='ocrx_word' id='word_1_24' title='bbox 1426 360 1596 415; x_wconf 86' lang='lat' dir='ltr'>cognovi</span> <span class='ocrx_word' id='word_1_25' title='bbox 1638 360 1786 401; x_wconf 86' lang='lat' dir='ltr'>omnia.</span> <span class='ocrx_word' id='word_1_26' title='bbox 1837 359 1916 402; x_wconf 87' lang='lat' dir='ltr'>Sed</span> 
     </span>
     <span class='ocr_line' id='line_1_4' title="bbox 151 430 1917 492; baseline 0 -17"><span class='ocrx_word' id='word_1_27' title='bbox 151 434 257 488; x_wconf 77' lang='lat' dir='ltr'>quod</span> <span class='ocrx_word' id='word_1_28' title='bbox 314 433 467 484; x_wconf 85' lang='lat' dir='ltr'>scribis,</span> <span class='ocrx_word' id='word_1_29' title='bbox 520 461 540 484; x_wconf 61' lang='lat' dir='ltr'><em>n</em></span> <span class='ocrx_word' id='word_1_30' title='bbox 551 433 778 488; x_wconf 87' lang='lat' dir='ltr'>igniculum</span> <span class='ocrx_word' id='word_1_31' title='bbox 826 433 1071 474; x_wconf 91' lang='lat' dir='ltr'>matutinum</span> <span class='ocrx_word' id='word_1_32' title='bbox 1122 430 1460 491; x_wconf 77' lang='grc' dir='ltr'><strong><em>γεροντικόν,”</em></strong></span> <span class='ocrx_word' id='word_1_33' title='bbox 1505 430 1917 492; x_wconf 77' lang='grc' dir='ltr'><em>γεροντικώτερον</em></span> 
     </span>
     <span class='ocr_line' id='line_1_5' title="bbox 151 504 1915 560; baseline -0.001 -13"><span class='ocrx_word' id='word_1_34' title='bbox 151 513 209 548; x_wconf 88' lang='lat' dir='ltr'>est</span> <span class='ocrx_word' id='word_1_35' title='bbox 258 506 486 548; x_wconf 82' lang='lat' dir='ltr'>memoriola</span> <span class='ocrx_word' id='word_1_36' title='bbox 535 505 734 547; x_wconf 81' lang='lat' dir='ltr'>vacillare.</span> <span class='ocrx_word' id='word_1_37' title='bbox 790 507 877 560; x_wconf 83' lang='lat' dir='ltr'>Ego</span> <span class='ocrx_word' id='word_1_38' title='bbox 918 506 1025 547; x_wconf 85' lang='lat' dir='ltr'>enim</span> <span class='ocrx_word' id='word_1_39' title='bbox 1071 520 1131 547; x_wconf 81' lang='lat' dir='ltr'>[v.</span> <span class='ocrx_word' id='word_1_40' title='bbox 1176 505 1270 546; x_wconf 82' lang='lat' dir='ltr'>Kal.</span> <span class='ocrx_word' id='word_1_41' title='bbox 1317 505 1421 546; x_wconf 81' lang='lat' dir='ltr'>Axio</span> <span class='ocrx_word' id='word_1_42' title='bbox 1466 505 1667 556; x_wconf 83' lang='lat' dir='ltr'>dederam,</span> <span class='ocrx_word' id='word_1_43' title='bbox 1709 504 1787 546; x_wconf 88' lang='lat' dir='ltr'>tibi</span> <span class='ocrx_word' id='word_1_44' title='bbox 1830 518 1915 555; x_wconf 68' lang='lat'>111„</span> 
     </span>
     <span class='ocr_line' id='line_1_6' title="bbox 150 576 1917 634; baseline -0.001 -14"><span class='ocrx_word' id='word_1_45' title='bbox 150 580 318 631; x_wconf 76' lang='lat' dir='ltr'>Quinto,</span> <span class='ocrx_word' id='word_1_46' title='bbox 369 595 447 634; x_wconf 89' lang='lat' dir='ltr'>quo</span> <span class='ocrx_word' id='word_1_47' title='bbox 491 579 555 620; x_wconf 91' lang='lat' dir='ltr'>die</span> <span class='ocrx_word' id='word_1_48' title='bbox 599 580 810 629; x_wconf 81' lang='lat' dir='ltr'>venissem,</span> <span class='ocrx_word' id='word_1_49' title='bbox 856 579 898 620; x_wconf 91' lang='lat' dir='ltr'>id</span> <span class='ocrx_word' id='word_1_50' title='bbox 943 584 1016 629; x_wconf 89' lang='lat' dir='ltr'>est,</span> <span class='ocrx_word' id='word_1_51' title='bbox 1063 591 1112 619; x_wconf 90' lang='lat'>11.</span> <span class='ocrx_word' id='word_1_52' title='bbox 1160 577 1253 618; x_wconf 85' lang='lat' dir='ltr'>Kal.</span> <span class='ocrx_word' id='word_1_53' title='bbox 1300 578 1390 619; x_wconf 89' lang='lat' dir='ltr'>Hoc</span> <span class='ocrx_word' id='word_1_54' title='bbox 1434 579 1561 633; x_wconf 82' lang='lat' dir='ltr'>igitur</span> <span class='ocrx_word' id='word_1_55' title='bbox 1600 576 1782 629; x_wconf 85' lang='lat' dir='ltr'>habebis,</span> <span class='ocrx_word' id='word_1_56' title='bbox 1822 577 1917 619; x_wconf 88' lang='lat' dir='ltr'>novi</span> 
     </span>
     <span class='ocr_line' id='line_1_7' title="bbox 148 651 1916 707; baseline 0.001 -15"><span class='ocrx_word' id='word_1_57' title='bbox 148 652 264 692; x_wconf 79' lang='lat' dir='ltr'>nihil.</span> <span class='ocrx_word' id='word_1_58' title='bbox 309 653 419 704; x_wconf 72' lang='lat' dir='ltr'>Quid</span> <span class='ocrx_word' id='word_1_59' title='bbox 464 667 557 707; x_wconf 84' lang='lat' dir='ltr'>ergo</span> <span class='ocrx_word' id='word_1_60' title='bbox 602 668 701 707; x_wconf 87' lang='lat' dir='ltr'>opus</span> <span class='ocrx_word' id='word_1_61' title='bbox 735 659 819 693; x_wconf 86' lang='lat' dir='ltr'>erat</span> <span class='ocrx_word' id='word_1_62' title='bbox 852 652 1055 707; x_wconf 73' lang='lat' dir='ltr'>epistola?</span> <span class='ocrx_word' id='word_1_63' title='bbox 1105 651 1228 703; x_wconf 76' lang='lat' dir='ltr'>Quid,</span> <span class='ocrx_word' id='word_1_64' title='bbox 1264 667 1389 706; x_wconf 88' lang='lat' dir='ltr'>quum</span> <span class='ocrx_word' id='word_1_65' title='bbox 1422 667 1554 693; x_wconf 88' lang='lat' dir='ltr'>coram</span> <span class='ocrx_word' id='word_1_66' title='bbox 1587 667 1725 693; x_wconf 87' lang='lat' dir='ltr'>sumus</span> <span class='ocrx_word' id='word_1_67' title='bbox 1758 658 1799 693; x_wconf 91' lang='lat' dir='ltr'>et</span> <span class='ocrx_word' id='word_1_68' title='bbox 1829 667 1916 707; x_wconf 86' lang='lat' dir='ltr'>gar-</span> 
     </span>
     <span class='ocr_line' id='line_1_8' title="bbox 150 721 1916 782; baseline 0.001 -17"><span class='ocrx_word' id='word_1_69' title='bbox 150 726 272 766; x_wconf 80' lang='lat' dir='ltr'>rimus</span> <span class='ocrx_word' id='word_1_70' title='bbox 322 725 520 780; x_wconf 86' lang='lat' dir='ltr'>quidquid</span> <span class='ocrx_word' id='word_1_71' title='bbox 563 726 605 766; x_wconf 90' lang='lat' dir='ltr'>in</span> <span class='ocrx_word' id='word_1_72' title='bbox 647 726 843 767; x_wconf 78' lang='lat' dir='ltr'>buccam?</span> <span class='ocrx_word' id='word_1_73' title='bbox 893 726 967 766; x_wconf 74' lang='lat' dir='ltr'>Est</span> <span class='ocrx_word' id='word_1_74' title='bbox 999 725 1175 780; x_wconf 86' lang='lat' dir='ltr'>profecto</span> <span class='ocrx_word' id='word_1_75' title='bbox 1210 724 1401 778; x_wconf 84' lang='lat' dir='ltr'>quiddam</span> <span class='ocrx_word' id='word_1_76' title='bbox 1436 721 1607 782; x_wconf 69' lang='grc' dir='ltr'><em>λέσχη,</em></span> <span class='ocrx_word' id='word_1_77' title='bbox 1644 740 1745 780; x_wconf 85' lang='lat' dir='ltr'>quae</span> <span class='ocrx_word' id='word_1_78' title='bbox 1778 724 1916 775; x_wconf 84' lang='lat' dir='ltr'>habet,</span> 
     </span>
     <span class='ocr_line' id='line_1_9' title="bbox 148 797 1330 853; baseline -0.002 -14"><span class='ocrx_word' id='word_1_79' title='bbox 148 799 303 839; x_wconf 63' lang='lat' dir='ltr'>etiamsi</span> <span class='ocrx_word' id='word_1_80' title='bbox 338 798 439 839; x_wconf 83' lang='lat' dir='ltr'>nihil</span> <span class='ocrx_word' id='word_1_81' title='bbox 473 798 624 849; x_wconf 86' lang='lat' dir='ltr'>subest,</span> <span class='ocrx_word' id='word_1_82' title='bbox 660 798 924 839; x_wconf 82' lang='lat' dir='ltr'>collocutione</span> <span class='ocrx_word' id='word_1_83' title='bbox 958 799 1042 853; x_wconf 85' lang='lat' dir='ltr'>ipsa</span> <span class='ocrx_word' id='word_1_84' title='bbox 1078 797 1330 838; x_wconf 77' lang='lat' dir='ltr'>suavitatem.</span> 
     </span>
    </p>
   </div>
   <div class='ocr_carea' id='block_1_3' title="bbox 189 967 493 1006">
    <p class='ocr_par' dir='ltr' id='par_1_3' title="bbox 189 967 493 1006">
     <span class='ocr_line' id='line_1_10' title="bbox 189 967 493 1006; baseline 0.003 -9"><span class='ocrx_word' id='word_1_85' title='bbox 189 968 205 997; x_wconf 86' lang='lat'>5</span> <span class='ocrx_word' id='word_1_86' title='bbox 228 967 332 1006; x_wconf 72' lang='lat' dir='ltr'>pridie</span> <span class='ocrx_word' id='word_1_87' title='bbox 356 967 429 998; x_wconf 82' lang='lat' dir='ltr'>Kal.</span> <span class='ocrx_word' id='word_1_88' title='bbox 453 986 493 990; x_wconf 95' lang='lat'><strong>—</strong></span> 
     </span>
    </p>
   </div>
   <div class='ocr_carea' id='block_1_4' title="bbox 182 1056 368 1059">
    <p class='ocr_par' dir='ltr' id='par_1_4' title="bbox 182 1056 368 1059">
     <span class='ocr_line' id='line_1_11' title="bbox 182 1056 368 1059; baseline 0 0"><span class='ocrx_word' id='word_1_89' title='bbox 182 1056 368 1059; x_wconf 95' lang='lat' dir='ltr'> </span> 
     </span>
    </p>
   </div>
   <div class='ocr_carea' id='block_1_5' title="bbox 373 1054 602 1061">
    <p class='ocr_par' dir='ltr' id='par_1_5' title="bbox 373 1054 602 1061">
     <span class='ocr_line' id='line_1_12' title="bbox 373 1054 602 1061; baseline 0 0"><span class='ocrx_word' id='word_1_90' title='bbox 373 1054 602 1061; x_wconf 95' lang='lat' dir='ltr'> </span> 
     </span>
    </p>
   </div>
   <div class='ocr_carea' id='block_1_6' title="bbox 146 1120 1917 1861">
    <p class='ocr_par' dir='ltr' id='par_1_6' title="bbox 148 1120 1917 1272">
     <span class='ocr_line' id='line_1_13' title="bbox 191 1120 1917 1163; baseline -0.002 -9"><span class='ocrx_word' id='word_1_91' title='bbox 191 1124 237 1154; x_wconf 80' lang='lat' dir='ltr'>De</span> <span class='ocrx_word' id='word_1_92' title='bbox 250 1125 379 1154; x_wconf 69' lang='lat' dir='ltr'>Atticae</span> <span class='ocrx_word' id='word_1_93' title='bbox 385 1123 558 1163; x_wconf 83' lang='lat' dir='ltr'>febricula.</span> <span class='ocrx_word' id='word_1_94' title='bbox 573 1123 646 1153; x_wconf 89' lang='lat' dir='ltr'>Iam</span> <span class='ocrx_word' id='word_1_95' title='bbox 658 1130 734 1154; x_wconf 85' lang='lat' dir='ltr'>aute</span> <span class='ocrx_word' id='word_1_96' title='bbox 752 1132 848 1153; x_wconf 86' lang='lat' dir='ltr'>suum</span> <span class='ocrx_word' id='word_1_97' title='bbox 860 1121 1009 1152; x_wconf 86' lang='lat' dir='ltr'>dolorem</span> <span class='ocrx_word' id='word_1_98' title='bbox 1031 1151 1032 1160; x_wconf 30' lang='lat'>2</span> <span class='ocrx_word' id='word_1_99' title='bbox 1055 1120 1276 1161; x_wconf 83' lang='lat' dir='ltr'>superioribus</span> <span class='ocrx_word' id='word_1_100' title='bbox 1309 1129 1452 1161; x_wconf 84' lang='lat' dir='ltr'>apparet,</span> <span class='ocrx_word' id='word_1_101' title='bbox 1483 1131 1572 1153; x_wconf 88' lang='lat' dir='ltr'>nunc</span> <span class='ocrx_word' id='word_1_102' title='bbox 1600 1121 1762 1162; x_wconf 85' lang='lat' dir='ltr'>promittit</span> <span class='ocrx_word' id='word_1_103' title='bbox 1790 1130 1824 1152; x_wconf 91' lang='lat' dir='ltr'>se</span> <span class='ocrx_word' id='word_1_104' title='bbox 1857 1120 1917 1152; x_wconf 90' lang='lat' dir='ltr'>illo</span> 
     </span>
     <span class='ocr_line' id='line_1_14' title="bbox 148 1165 1711 1217; baseline -0.001 -9"><span class='ocrx_word' id='word_1_105' title='bbox 148 1179 187 1208; x_wconf 73' lang='lat' dir='ltr'>(le</span> <span class='ocrx_word' id='word_1_106' title='bbox 210 1178 323 1208; x_wconf 83' lang='lat' dir='ltr'>Attica</span> <span class='ocrx_word' id='word_1_107' title='bbox 347 1182 538 1217; x_wconf 79' lang='lat' dir='ltr'>aegrotante</span> <span class='ocrx_word' id='word_1_108' title='bbox 561 1177 645 1217; x_wconf 84' lang='lat' dir='ltr'>patri</span> <span class='ocrx_word' id='word_1_109' title='bbox 669 1176 827 1207; x_wconf 81' lang='lat' dir='ltr'>indicavit</span> <span class='ocrx_word' id='word_1_110' title='bbox 851 1176 883 1206; x_wconf 88' lang='grc'>111</span> <span class='ocrx_word' id='word_1_111' title='bbox 908 1185 957 1216; x_wconf 88' lang='lat' dir='ltr'>ep.</span> <span class='ocrx_word' id='word_1_112' title='bbox 989 1175 1008 1205; x_wconf 82' lang='lat'><strong>6</strong></span> <span class='ocrx_word' id='word_1_113' title='bbox 1030 1165 1033 1170; x_wconf 50' lang='lat'><strong>⁴</strong></span> <span class='ocrx_word' id='word_1_114' title='bbox 1054 1173 1107 1205; x_wconf 87' lang='lat' dir='ltr'>die</span> <span class='ocrx_word' id='word_1_115' title='bbox 1130 1174 1171 1204; x_wconf 88' lang='lat' dir='ltr'>ad</span> <span class='ocrx_word' id='word_1_116' title='bbox 1193 1174 1410 1206; x_wconf 74' lang='lat' dir='ltr'>constitutum</span> <span class='ocrx_word' id='word_1_117' title='bbox 1429 1180 1608 1206; x_wconf 86' lang='lat' dir='ltr'>venturum</span> <span class='ocrx_word' id='word_1_118' title='bbox 1630 1184 1711 1207; x_wconf 87' lang='lat' dir='ltr'>esse.</span> 
     </span>
     <span class='ocr_line' id='line_1_15' title="bbox 150 1227 1916 1272; baseline 0 -12"><span class='ocrx_word' id='word_1_119' title='bbox 150 1231 179 1260; x_wconf 78' lang='lat' dir='ltr'>h.</span> <span class='ocrx_word' id='word_1_120' title='bbox 206 1230 226 1260; x_wconf 65' lang='grc' dir='ltr'>1Δ</span> <span class='ocrx_word' id='word_1_121' title='bbox 252 1230 381 1261; x_wconf 86' lang='lat' dir='ltr'>ultimis</span> <span class='ocrx_word' id='word_1_122' title='bbox 404 1229 522 1260; x_wconf 78' lang='lat' dir='ltr'>verbis.</span> <span class='ocrx_word' id='word_1_123' title='bbox 1030 1262 1032 1272; x_wconf 61' lang='lat'><em>,</em></span> <span class='ocrx_word' id='word_1_124' title='bbox 1098 1227 1141 1259; x_wconf 90' lang='lat' dir='ltr'>Id</span> <span class='ocrx_word' id='word_1_125' title='bbox 1163 1230 1220 1266; x_wconf 79' lang='lat' dir='ltr'>est,</span> <span class='ocrx_word' id='word_1_126' title='bbox 1244 1227 1286 1258; x_wconf 92' lang='lat' dir='ltr'>II</span> <span class='ocrx_word' id='word_1_127' title='bbox 1305 1228 1381 1259; x_wconf 77' lang='lat' dir='ltr'>Kal.</span> <span class='ocrx_word' id='word_1_128' title='bbox 1405 1229 1447 1260; x_wconf 89' lang='lat' dir='ltr'>In</span> <span class='ocrx_word' id='word_1_129' title='bbox 1469 1230 1542 1260; x_wconf 91' lang='lat' dir='ltr'>cod.</span> <span class='ocrx_word' id='word_1_130' title='bbox 1565 1230 1654 1261; x_wconf 90' lang='lat' dir='ltr'>Med.</span> <span class='ocrx_word' id='word_1_131' title='bbox 1684 1228 1805 1267; x_wconf 69' lang='lat' dir='ltr'>VKa2„</span> <span class='ocrx_word' id='word_1_132' title='bbox 1827 1230 1916 1270; x_wconf 89' lang='lat' dir='ltr'>quod</span> 
     </span>
    </p>

    <p class='ocr_par' dir='ltr' id='par_1_7' title="bbox 146 1279 1916 1701">
     <span class='ocr_line' id='line_1_16' title="bbox 193 1279 1916 1334; baseline 0.002 -24"><span class='ocrx_word' id='word_1_133' title='bbox 193 1279 283 1320; x_wconf 75' lang='lat' dir='ltr'>Quod</span> <span class='ocrx_word' id='word_1_134' title='bbox 302 1280 413 1312; x_wconf 74' lang='lat' dir='ltr'>scribis</span> <span class='ocrx_word' id='word_1_135' title='bbox 438 1280 633 1322; x_wconf 56' lang='lat' dir='ltr'>nynia-ulam</span> <span class='ocrx_word' id='word_1_136' title='bbox 656 1280 840 1311; x_wconf 78' lang='lat' dir='ltr'>matutinum</span> <span class='ocrx_word' id='word_1_137' title='bbox 857 1290 1007 1324; x_wconf 71' lang='grc' dir='ltr'><strong><em>γεροντι·</em></strong></span> <span class='ocrx_word' id='word_1_138' title='bbox 1029 1300 1032 1334; x_wconf 48' lang='lat'>9</span> <span class='ocrx_word' id='word_1_139' title='bbox 1055 1287 1247 1322; x_wconf 85' lang='lat' dir='ltr'>corruptum</span> <span class='ocrx_word' id='word_1_140' title='bbox 1271 1290 1342 1312; x_wconf 90' lang='lat' dir='ltr'>esse</span> <span class='ocrx_word' id='word_1_141' title='bbox 1365 1291 1407 1313; x_wconf 85' lang='lat' dir='ltr'>ex</span> <span class='ocrx_word' id='word_1_142' title='bbox 1430 1281 1474 1311; x_wconf 93' lang='lat' dir='ltr'>II</span> <span class='ocrx_word' id='word_1_143' title='bbox 1492 1281 1570 1313; x_wconf 83' lang='lat' dir='ltr'>Kal.</span> <span class='ocrx_word' id='word_1_144' title='bbox 1588 1287 1620 1313; x_wconf 88' lang='lat' dir='ltr'>et</span> <span class='ocrx_word' id='word_1_145' title='bbox 1633 1282 1916 1323; x_wconf 78' lang='lat' dir='ltr'>pronuntiandum</span> 
     </span>
     <span class='ocr_line' id='line_1_17' title="bbox 148 1329 1914 1382; baseline 0 -16"><span class='ocrx_word' id='word_1_146' title='bbox 148 1329 231 1367; x_wconf 79' lang='grc' dir='ltr'>κόν”</span> <span class='ocrx_word' id='word_1_147' title='bbox 263 1342 322 1366; x_wconf 87' lang='lat' dir='ltr'>cet.</span> <span class='ocrx_word' id='word_1_148' title='bbox 368 1335 483 1367; x_wconf 89' lang='lat' dir='ltr'>Cicero</span> <span class='ocrx_word' id='word_1_149' title='bbox 513 1336 657 1366; x_wconf 80' lang='lat' dir='ltr'>amicum</span> <span class='ocrx_word' id='word_1_150' title='bbox 692 1342 833 1375; x_wconf 79' lang='lat' dir='ltr'>rogarat,</span> <span class='ocrx_word' id='word_1_151' title='bbox 871 1340 906 1366; x_wconf 85' lang='lat' dir='ltr'>ut</span> <span class='ocrx_word' id='word_1_152' title='bbox 945 1334 1008 1366; x_wconf 87' lang='lat' dir='ltr'>sibi</span> <span class='ocrx_word' id='word_1_153' title='bbox 1030 1349 1031 1382; x_wconf 54' lang='grc'>1</span> <span class='ocrx_word' id='word_1_154' title='bbox 1047 1333 1154 1375; x_wconf 79' lang='lat' dir='ltr'>pridie</span> <span class='ocrx_word' id='word_1_155' title='bbox 1176 1334 1251 1364; x_wconf 79' lang='lat' dir='ltr'>Kal.</span> <span class='ocrx_word' id='word_1_156' title='bbox 1275 1334 1428 1365; x_wconf 81' lang='lat' dir='ltr'>Manutio</span> <span class='ocrx_word' id='word_1_157' title='bbox 1450 1344 1527 1366; x_wconf 87' lang='lat' dir='ltr'>vere</span> <span class='ocrx_word' id='word_1_158' title='bbox 1549 1335 1658 1366; x_wconf 86' lang='lat' dir='ltr'>visum</span> <span class='ocrx_word' id='word_1_159' title='bbox 1681 1340 1738 1367; x_wconf 84' lang='lat' dir='ltr'>est.</span> <span class='ocrx_word' id='word_1_160' title='bbox 1763 1335 1829 1366; x_wconf 90' lang='lat' dir='ltr'>Illo</span> <span class='ocrx_word' id='word_1_161' title='bbox 1851 1335 1914 1372; x_wconf 85' lang='lat' dir='ltr'>die,</span> 
     </span>
     <span class='ocr_line' id='line_1_18' title="bbox 149 1388 1915 1433; baseline -0.001 -11"><span class='ocrx_word' id='word_1_162' title='bbox 149 1393 261 1431; x_wconf 79' lang='lat' dir='ltr'>ignem</span> <span class='ocrx_word' id='word_1_163' title='bbox 284 1393 475 1423; x_wconf 85' lang='lat' dir='ltr'>accenderet</span> <span class='ocrx_word' id='word_1_164' title='bbox 499 1392 630 1433; x_wconf 81' lang='lat' dir='ltr'>frigoris</span> <span class='ocrx_word' id='word_1_165' title='bbox 653 1392 808 1424; x_wconf 83' lang='lat' dir='ltr'>matutini</span> <span class='ocrx_word' id='word_1_166' title='bbox 819 1392 1008 1433; x_wconf 81' lang='lat' dir='ltr'>depellendi</span> <span class='ocrx_word' id='word_1_167' title='bbox 1029 1391 1031 1400; x_wconf 94' lang='lat'>&#39;</span> <span class='ocrx_word' id='word_1_168' title='bbox 1054 1398 1120 1419; x_wconf 82' lang='lat'>11011</span> <span class='ocrx_word' id='word_1_169' title='bbox 1145 1388 1178 1418; x_wconf 91' lang='lat' dir='ltr'>V</span> <span class='ocrx_word' id='word_1_170' title='bbox 1199 1388 1287 1425; x_wconf 63' lang='lat' dir='ltr'>Kal„</span> <span class='ocrx_word' id='word_1_171' title='bbox 1309 1388 1450 1419; x_wconf 75' lang='lat' dir='ltr'>Romam</span> <span class='ocrx_word' id='word_1_172' title='bbox 1469 1394 1647 1420; x_wconf 70' lang='lat' dir='ltr'>venturum</span> <span class='ocrx_word' id='word_1_173' title='bbox 1659 1395 1692 1420; x_wconf 77' lang='lat' dir='ltr'>et</span> <span class='ocrx_word' id='word_1_174' title='bbox 1709 1389 1797 1430; x_wconf 76' lang='lat' dir='ltr'>apud</span> <span class='ocrx_word' id='word_1_175' title='bbox 1810 1389 1915 1427; x_wconf 82' lang='lat' dir='ltr'>Quin-</span> 
     </span>
     <span class='ocr_line' id='line_1_19' title="bbox 147 1443 1911 1491; baseline -0.001 -14"><span class='ocrx_word' id='word_1_176' title='bbox 147 1457 253 1477; x_wconf 81' lang='lat' dir='ltr'>causa.</span> <span class='ocrx_word' id='word_1_177' title='bbox 297 1447 371 1477; x_wconf 87' lang='lat' dir='ltr'>Hoc</span> <span class='ocrx_word' id='word_1_178' title='bbox 394 1456 498 1487; x_wconf 86' lang='lat' dir='ltr'>quum</span> <span class='ocrx_word' id='word_1_179' title='bbox 520 1447 654 1478; x_wconf 85' lang='lat' dir='ltr'>Atticus</span> <span class='ocrx_word' id='word_1_180' title='bbox 677 1447 735 1477; x_wconf 93' lang='lat' dir='ltr'>illo</span> <span class='ocrx_word' id='word_1_181' title='bbox 759 1447 839 1477; x_wconf 88' lang='lat' dir='ltr'>anni</span> <span class='ocrx_word' id='word_1_182' title='bbox 861 1452 1007 1487; x_wconf 89' lang='lat' dir='ltr'>tempore</span> <span class='ocrx_word' id='word_1_183' title='bbox 1028 1471 1031 1491; x_wconf 60' lang='lat'><em>,</em></span> <span class='ocrx_word' id='word_1_184' title='bbox 1054 1451 1125 1474; x_wconf 86' lang='lat' dir='ltr'>tum</span> <span class='ocrx_word' id='word_1_185' title='bbox 1149 1443 1282 1474; x_wconf 76' lang='lat' dir='ltr'>fratrem</span> <span class='ocrx_word' id='word_1_186' title='bbox 1306 1453 1340 1475; x_wconf 88' lang='lat' dir='ltr'>se</span> <span class='ocrx_word' id='word_1_187' title='bbox 1363 1450 1579 1475; x_wconf 79' lang='lat' dir='ltr'>coenaturum</span> <span class='ocrx_word' id='word_1_188' title='bbox 1590 1450 1666 1476; x_wconf 88' lang='lat' dir='ltr'>ante</span> <span class='ocrx_word' id='word_1_189' title='bbox 1680 1444 1911 1476; x_wconf 88' lang='lat' dir='ltr'>constituerat:</span> 
     </span>
     <span class='ocr_line' id='line_1_20' title="bbox 148 1497 1915 1546; baseline -0.001 -16"><span class='ocrx_word' id='word_1_190' title='bbox 148 1499 405 1539; x_wconf 81' lang='lat' dir='ltr'>ingravescentis</span> <span class='ocrx_word' id='word_1_191' title='bbox 442 1499 622 1530; x_wconf 84' lang='lat' dir='ltr'>senectutis</span> <span class='ocrx_word' id='word_1_192' title='bbox 658 1499 818 1530; x_wconf 81' lang='lat' dir='ltr'>iudicium</span> <span class='ocrx_word' id='word_1_193' title='bbox 856 1508 926 1530; x_wconf 87' lang='lat' dir='ltr'>esse</span> <span class='ocrx_word' id='word_1_194' title='bbox 960 1508 1006 1530; x_wconf 82' lang='lat' dir='ltr'>re·</span> <span class='ocrx_word' id='word_1_195' title='bbox 1028 1521 1031 1546; x_wconf 60' lang='lat'>3</span> <span class='ocrx_word' id='word_1_196' title='bbox 1054 1507 1141 1528; x_wconf 87' lang='lat' dir='ltr'>nunc</span> <span class='ocrx_word' id='word_1_197' title='bbox 1157 1497 1273 1527; x_wconf 78' lang='lat' dir='ltr'>Attico</span> <span class='ocrx_word' id='word_1_198' title='bbox 1290 1507 1417 1528; x_wconf 84' lang='lat' dir='ltr'>morem</span> <span class='ocrx_word' id='word_1_199' title='bbox 1434 1507 1552 1537; x_wconf 85' lang='lat' dir='ltr'>gerens</span> <span class='ocrx_word' id='word_1_200' title='bbox 1564 1498 1742 1529; x_wconf 87' lang='lat' dir='ltr'>consilium</span> <span class='ocrx_word' id='word_1_201' title='bbox 1761 1503 1915 1530; x_wconf 83' lang='lat' dir='ltr'>mutarat.</span> 
     </span>
     <span class='ocr_line' id='line_1_21' title="bbox 146 1549 1914 1594; baseline -0.001 -11"><span class='ocrx_word' id='word_1_202' title='bbox 146 1553 337 1594; x_wconf 82' lang='lat' dir='ltr'>scripsisset,</span> <span class='ocrx_word' id='word_1_203' title='bbox 373 1553 489 1584; x_wconf 82' lang='lat' dir='ltr'>Cicero</span> <span class='ocrx_word' id='word_1_204' title='bbox 531 1553 723 1594; x_wconf 83' lang='lat' dir='ltr'>respondet:</span> <span class='ocrx_word' id='word_1_205' title='bbox 772 1568 783 1578; x_wconf 69' lang='grc' dir='ltr'>υ</span> <span class='ocrx_word' id='word_1_206' title='bbox 796 1553 905 1583; x_wconf 85' lang='grc'><strong>11111110</strong></span> <span class='ocrx_word' id='word_1_207' title='bbox 928 1562 1006 1583; x_wconf 86' lang='lat' dir='ltr'>vero</span> <span class='ocrx_word' id='word_1_208' title='bbox 1028 1551 1030 1562; x_wconf 88' lang='lat'>¹</span> <span class='ocrx_word' id='word_1_209' title='bbox 1093 1549 1165 1580; x_wconf 78' lang='lat' dir='ltr'>Hoc</span> <span class='ocrx_word' id='word_1_210' title='bbox 1186 1567 1226 1571; x_wconf 85' lang='lat'>—-</span> <span class='ocrx_word' id='word_1_211' title='bbox 1250 1549 1375 1580; x_wconf 73' lang='lat' dir='ltr'>habebi-5</span> <span class='ocrx_word' id='word_1_212' title='bbox 1398 1560 1431 1581; x_wconf 73' lang='lat' dir='ltr'>o:</span> <span class='ocrx_word' id='word_1_213' title='bbox 1456 1549 1512 1581; x_wconf 90' lang='lat' dir='ltr'>Sic</span> <span class='ocrx_word' id='word_1_214' title='bbox 1535 1557 1592 1582; x_wconf 85' lang='lat' dir='ltr'>tuo</span> <span class='ocrx_word' id='word_1_215' title='bbox 1608 1556 1640 1582; x_wconf 90' lang='lat' dir='ltr'>te</span> <span class='ocrx_word' id='word_1_216' title='bbox 1653 1551 1765 1591; x_wconf 77' lang='lat' dir='ltr'>gladio</span> <span class='ocrx_word' id='word_1_217' title='bbox 1784 1551 1914 1591; x_wconf 83' lang='lat' dir='ltr'>iugulo,</span> 
     </span>
     <span class='ocr_line' id='line_1_22' title="bbox 147 1602 1914 1659; baseline -0.002 -21"><span class='ocrx_word' id='word_1_218' title='bbox 147 1608 252 1639; x_wconf 87' lang='lat' dir='ltr'>multo</span> <span class='ocrx_word' id='word_1_219' title='bbox 274 1608 381 1647; x_wconf 82' lang='lat' dir='ltr'>magis</span> <span class='ocrx_word' id='word_1_220' title='bbox 404 1608 533 1638; x_wconf 88' lang='lat' dir='ltr'>senium</span> <span class='ocrx_word' id='word_1_221' title='bbox 557 1608 666 1649; x_wconf 89' lang='lat' dir='ltr'>prodit</span> <span class='ocrx_word' id='word_1_222' title='bbox 690 1608 866 1639; x_wconf 84' lang='lat' dir='ltr'>memoriae</span> <span class='ocrx_word' id='word_1_223' title='bbox 897 1606 1005 1640; x_wconf 85' lang='lat' dir='ltr'>defec-</span> <span class='ocrx_word' id='word_1_224' title='bbox 1028 1603 1031 1659; x_wconf 58' lang='lat' dir='ltr'>i</span> <span class='ocrx_word' id='word_1_225' title='bbox 1054 1609 1110 1634; x_wconf 82' lang='lat' dir='ltr'>tUO</span> <span class='ocrx_word' id='word_1_226' title='bbox 1132 1603 1219 1634; x_wconf 76' lang='lat' dir='ltr'>dieto</span> <span class='ocrx_word' id='word_1_227' title='bbox 1243 1603 1276 1634; x_wconf 83' lang='lat' dir='ltr'>in</span> <span class='ocrx_word' id='word_1_228' title='bbox 1301 1610 1333 1634; x_wconf 84' lang='lat' dir='ltr'>te</span> <span class='ocrx_word' id='word_1_229' title='bbox 1357 1609 1440 1634; x_wconf 85' lang='lat' dir='ltr'>utor.</span> <span class='ocrx_word' id='word_1_230' title='bbox 1464 1602 1581 1635; x_wconf 88' lang='lat' dir='ltr'>Cicero</span> <span class='ocrx_word' id='word_1_231' title='bbox 1603 1604 1738 1639; x_wconf 70' lang='lat' dir='ltr'>videtur,</span> <span class='ocrx_word' id='word_1_232' title='bbox 1752 1605 1914 1646; x_wconf 85' lang='lat' dir='ltr'>respicere</span> 
     </span>
     <span class='ocr_line' id='line_1_23' title="bbox 147 1655 1735 1701; baseline -0.002 -10"><span class='ocrx_word' id='word_1_233' title='bbox 147 1668 207 1698; x_wconf 85' lang='lat' dir='ltr'>tus,</span> <span class='ocrx_word' id='word_1_234' title='bbox 231 1670 297 1701; x_wconf 90' lang='lat' dir='ltr'>quo</span> <span class='ocrx_word' id='word_1_235' title='bbox 320 1667 354 1691; x_wconf 90' lang='lat' dir='ltr'>tu</span> <span class='ocrx_word' id='word_1_236' title='bbox 383 1661 545 1691; x_wconf 80' lang='lat' dir='ltr'>laboras.”</span> <span class='ocrx_word' id='word_1_237' title='bbox 1053 1656 1255 1687; x_wconf 84' lang='lat' dir='ltr'>locutionem</span> <span class='ocrx_word' id='word_1_238' title='bbox 1277 1656 1514 1696; x_wconf 78' lang='lat' dir='ltr'>gladiatorum:</span> <span class='ocrx_word' id='word_1_239' title='bbox 1538 1655 1610 1687; x_wconf 80' lang='lat' dir='ltr'>Hoc</span> <span class='ocrx_word' id='word_1_240' title='bbox 1631 1656 1735 1688; x_wconf 71' lang='lat' dir='ltr'>habet.</span> 
     </span>
    </p>

    <p class='ocr_par' dir='ltr' id='par_1_8' title="bbox 146 1707 1914 1861">
     <span class='ocr_line' id='line_1_24' title="bbox 188 1707 1914 1753; baseline -0.001 -10"><span class='ocrx_word' id='word_1_241' title='bbox 188 1713 343 1743; x_wconf 78' lang='lat' dir='ltr'>Dederam</span> <span class='ocrx_word' id='word_1_242' title='bbox 367 1723 396 1743; x_wconf 73' lang='grc' dir='ltr'>οε</span> <span class='ocrx_word' id='word_1_243' title='bbox 423 1714 669 1745; x_wconf 72' lang='lat' dir='ltr'>constitueram.</span> <span class='ocrx_word' id='word_1_244' title='bbox 683 1712 738 1743; x_wconf 80' lang='lat' dir='ltr'>JV</span> <span class='ocrx_word' id='word_1_245' title='bbox 753 1713 828 1743; x_wconf 80' lang='lat' dir='ltr'>Kal.</span> <span class='ocrx_word' id='word_1_246' title='bbox 841 1713 1008 1744; x_wconf 88' lang='lat' dir='ltr'>obiectum</span> <span class='ocrx_word' id='word_1_247' title='bbox 1097 1709 1230 1753; x_wconf 75' lang='grc' dir='ltr'><strong>Λέσχη,</strong></span> <span class='ocrx_word' id='word_1_248' title='bbox 1263 1707 1492 1748; x_wconf 64' lang='lat' dir='ltr'>confabulatio.</span> <span class='ocrx_word' id='word_1_249' title='bbox 1518 1717 1583 1748; x_wconf 73' lang='lat' dir='ltr'>qua</span> <span class='ocrx_word' id='word_1_250' title='bbox 1605 1708 1663 1749; x_wconf 78' lang='lat' dir='ltr'>qui</span> <span class='ocrx_word' id='word_1_251' title='bbox 1685 1710 1785 1741; x_wconf 84' lang='lat' dir='ltr'>nimis</span> <span class='ocrx_word' id='word_1_252' title='bbox 1807 1711 1914 1742; x_wconf 82' lang='lat' dir='ltr'>delec-</span> 
     </span>
     <span class='ocr_line' id='line_1_25' title="bbox 146 1760 1914 1818; baseline 0.001 -22"><span class='ocrx_word' id='word_1_253' title='bbox 146 1767 254 1797; x_wconf 86' lang='lat' dir='ltr'>habet.</span> <span class='ocrx_word' id='word_1_254' title='bbox 284 1767 350 1796; x_wconf 90' lang='lat' dir='ltr'>Illo</span> <span class='ocrx_word' id='word_1_255' title='bbox 372 1767 425 1797; x_wconf 90' lang='lat' dir='ltr'>die</span> <span class='ocrx_word' id='word_1_256' title='bbox 448 1776 524 1796; x_wconf 87' lang='lat' dir='ltr'>cum</span> <span class='ocrx_word' id='word_1_257' title='bbox 554 1766 648 1797; x_wconf 83' lang='lat' dir='ltr'>Axio</span> <span class='ocrx_word' id='word_1_258' title='bbox 677 1776 747 1797; x_wconf 76' lang='lat' dir='ltr'>esse</span> <span class='ocrx_word' id='word_1_259' title='bbox 781 1766 1006 1803; x_wconf 83' lang='lat' dir='ltr'>constituerat,</span> <span class='ocrx_word' id='word_1_260' title='bbox 1030 1782 1033 1818; x_wconf 60' lang='grc'>1</span> <span class='ocrx_word' id='word_1_261' title='bbox 1055 1769 1166 1794; x_wconf 82' lang='lat' dir='ltr'>tantur</span> <span class='ocrx_word' id='word_1_262' title='bbox 1189 1760 1391 1808; x_wconf 66' lang='grc' dir='ltr'>ἀδολέσχαι,</span> <span class='ocrx_word' id='word_1_263' title='bbox 1408 1765 1513 1805; x_wconf 71' lang='lat' dir='ltr'>fatui,</span> <span class='ocrx_word' id='word_1_264' title='bbox 1537 1765 1756 1806; x_wconf 81' lang='lat' dir='ltr'>appellantur.</span> <span class='ocrx_word' id='word_1_265' title='bbox 1779 1766 1820 1798; x_wconf 91' lang='lat' dir='ltr'>cf.</span> <span class='ocrx_word' id='word_1_266' title='bbox 1854 1766 1914 1798; x_wconf 85' lang='lat' dir='ltr'>Ca-</span> 
     </span>
     <span class='ocr_line' id='line_1_26' title="bbox 147 1818 1914 1861; baseline 0.002 -11"><span class='ocrx_word' id='word_1_267' title='bbox 147 1820 203 1850; x_wconf 85' lang='lat'>111</span> <span class='ocrx_word' id='word_1_268' title='bbox 224 1820 301 1850; x_wconf 86' lang='lat' dir='ltr'>Kal.</span> <span class='ocrx_word' id='word_1_269' title='bbox 323 1830 399 1850; x_wconf 84' lang='lat' dir='ltr'>cum</span> <span class='ocrx_word' id='word_1_270' title='bbox 423 1820 549 1856; x_wconf 85' lang='lat' dir='ltr'>Attico,</span> <span class='ocrx_word' id='word_1_271' title='bbox 584 1830 651 1850; x_wconf 93' lang='lat' dir='ltr'>non</span> <span class='ocrx_word' id='word_1_272' title='bbox 683 1824 717 1850; x_wconf 87' lang='lat' dir='ltr'>ut</span> <span class='ocrx_word' id='word_1_273' title='bbox 746 1819 800 1849; x_wconf 89' lang='lat' dir='ltr'>hic</span> <span class='ocrx_word' id='word_1_274' title='bbox 830 1820 1008 1851; x_wconf 78' lang='lat' dir='ltr'>memoriae</span> <span class='ocrx_word' id='word_1_275' title='bbox 1031 1818 1144 1859; x_wconf 66' lang='grc'><strong>1511111).</strong></span> <span class='ocrx_word' id='word_1_276' title='bbox 1175 1820 1216 1850; x_wconf 87' lang='lat' dir='ltr'>ad</span> <span class='ocrx_word' id='word_1_277' title='bbox 1250 1819 1416 1861; x_wconf 88' lang='lat' dir='ltr'>Theophr.</span> <span class='ocrx_word' id='word_1_278' title='bbox 1447 1819 1598 1851; x_wconf 79' lang='lat' dir='ltr'>Charact.</span> <span class='ocrx_word' id='word_1_279' title='bbox 1634 1830 1704 1861; x_wconf 84' lang='lat' dir='ltr'>cap.</span> <span class='ocrx_word' id='word_1_280' title='bbox 1735 1822 1753 1852; x_wconf 88' lang='grc'><strong>3</strong></span> <span class='ocrx_word' id='word_1_281' title='bbox 1779 1821 1852 1852; x_wconf 81' lang='lat' dir='ltr'>init.</span> <span class='ocrx_word' id='word_1_282' title='bbox 1881 1828 1914 1853; x_wconf 91' lang='lat' dir='ltr'>et</span> 
     </span>
    </p>
   </div>
   <div class='ocr_carea' id='block_1_7' title="bbox 147 1862 1841 1917">
    <p class='ocr_par' dir='ltr' id='par_1_9' title="bbox 147 1862 1841 1917">
     <span class='ocr_line' id='line_1_27' title="bbox 147 1862 1841 1917; baseline 0.003 -15"><span class='ocrx_word' id='word_1_283' title='bbox 147 1873 238 1913; x_wconf 73' lang='lat' dir='ltr'>lapsu</span> <span class='ocrx_word' id='word_1_284' title='bbox 268 1874 420 1903; x_wconf 73' lang='lat' dir='ltr'>credebat</span> <span class='ocrx_word' id='word_1_285' title='bbox 456 1872 487 1902; x_wconf 91' lang='lat' dir='ltr'>V</span> <span class='ocrx_word' id='word_1_286' title='bbox 512 1872 587 1903; x_wconf 82' lang='lat' dir='ltr'>Kal.</span> <span class='ocrx_word' id='word_1_287' title='bbox 623 1871 739 1903; x_wconf 75' lang='lat' dir='ltr'>Cicero</span> <span class='ocrx_word' id='word_1_288' title='bbox 773 1879 893 1910; x_wconf 81' lang='lat' dir='ltr'>tamen,</span> <span class='ocrx_word' id='word_1_289' title='bbox 931 1878 966 1904; x_wconf 89' lang='lat' dir='ltr'>ut</span> <span class='ocrx_word' id='word_1_290' title='bbox 992 1883 1009 1904; x_wconf 90' lang='lat' dir='ltr'>e</span> <span class='ocrx_word' id='word_1_291' title='bbox 1031 1862 1035 1900; x_wconf 75' lang='lat' dir='ltr'>l</span> <span class='ocrx_word' id='word_1_292' title='bbox 1057 1874 1220 1906; x_wconf 86' lang='lat' dir='ltr'>Valcken.</span> <span class='ocrx_word' id='word_1_293' title='bbox 1243 1875 1344 1905; x_wconf 86' lang='lat' dir='ltr'>anim.</span> <span class='ocrx_word' id='word_1_294' title='bbox 1368 1875 1407 1905; x_wconf 86' lang='lat' dir='ltr'>ad</span> <span class='ocrx_word' id='word_1_295' title='bbox 1430 1875 1589 1906; x_wconf 87' lang='lat' dir='ltr'>Ammon.</span> <span class='ocrx_word' id='word_1_296' title='bbox 1614 1885 1643 1915; x_wconf 87' lang='lat' dir='ltr'>p.</span> <span class='ocrx_word' id='word_1_297' title='bbox 1667 1875 1726 1906; x_wconf 82' lang='lat'>211</span> <span class='ocrx_word' id='word_1_298' title='bbox 1751 1885 1841 1917; x_wconf 87' lang='lat' dir='ltr'>seqq.</span> 
     </span>
    </p>
   </div>
   <div class='ocr_carea' id='block_1_8' title="bbox 768 1979 1289 2034">
    <p class='ocr_par' dir='ltr' id='par_1_10' title="bbox 768 1979 1289 2034">
     <span class='ocr_line' id='line_1_28' title="bbox 768 1979 1289 2034; baseline 0.006 -15"><span class='ocrx_word' id='word_1_299' title='bbox 768 1979 830 2019; x_wconf 82' lang='grc' dir='ltr'>Π.</span> <span class='ocrx_word' id='word_1_300' title='bbox 898 1981 963 2032; x_wconf 82' lang='lat' dir='ltr'>(A.</span> <span class='ocrx_word' id='word_1_301' title='bbox 1007 1981 1051 2020; x_wconf 82' lang='lat' dir='ltr'>U.</span> <span class='ocrx_word' id='word_1_302' title='bbox 1090 1983 1131 2021; x_wconf 82' lang='lat' dir='ltr'>C.</span> <span class='ocrx_word' id='word_1_303' title='bbox 1172 1982 1289 2034; x_wconf 73' lang='lat'>708.)</span> 
     </span>
    </p>
   </div>
   <div class='ocr_carea' id='block_1_9' title="bbox 145 2095 1913 2298">
    <p class='ocr_par' dir='ltr' id='par_1_11' title="bbox 145 2095 1913 2298">
     <span class='ocr_line' id='line_1_29' title="bbox 213 2095 1913 2150; baseline 0.001 -14"><span class='ocrx_word' id='word_1_304' title='bbox 213 2098 249 2137; x_wconf 89' lang='lat' dir='ltr'>l.</span> <span class='ocrx_word' id='word_1_305' title='bbox 296 2096 374 2136; x_wconf 83' lang='lat' dir='ltr'>Hic</span> <span class='ocrx_word' id='word_1_306' title='bbox 416 2110 592 2136; x_wconf 85' lang='lat' dir='ltr'>rumores</span> <span class='ocrx_word' id='word_1_307' title='bbox 638 2104 769 2136; x_wconf 83' lang='lat' dir='ltr'>tamen</span> <span class='ocrx_word' id='word_1_308' title='bbox 817 2095 1004 2136; x_wconf 89' lang='lat' dir='ltr'>Murcum</span> <span class='ocrx_word' id='word_1_309' title='bbox 1052 2096 1198 2150; x_wconf 85' lang='lat' dir='ltr'>perisse</span> <span class='ocrx_word' id='word_1_310' title='bbox 1244 2095 1468 2149; x_wconf 85' lang='lat' dir='ltr'>naufragio,</span> <span class='ocrx_word' id='word_1_311' title='bbox 1514 2095 1702 2136; x_wconf 77' lang='lat' dir='ltr'>Asinium</span> <span class='ocrx_word' id='word_1_312' title='bbox 1735 2095 1913 2137; x_wconf 88' lang='lat' dir='ltr'>delatum</span> 
     </span>
     <span class='ocr_line' id='line_1_30' title="bbox 146 2167 1911 2222; baseline 0.001 -13"><span class='ocrx_word' id='word_1_313' title='bbox 146 2169 279 2209; x_wconf 70' lang='lat' dir='ltr'>vivum</span> <span class='ocrx_word' id='word_1_314' title='bbox 312 2169 355 2208; x_wconf 85' lang='lat' dir='ltr'>iu</span> <span class='ocrx_word' id='word_1_315' title='bbox 388 2183 531 2208; x_wconf 86' lang='lat' dir='ltr'>manus</span> <span class='ocrx_word' id='word_1_316' title='bbox 564 2168 753 2217; x_wconf 82' lang='lat' dir='ltr'>militum,</span> <span class='ocrx_word' id='word_1_317' title='bbox 791 2182 828 2207; x_wconf 82' lang='lat'>1..</span> <span class='ocrx_word' id='word_1_318' title='bbox 863 2182 983 2207; x_wconf 85' lang='lat' dir='ltr'>naves</span> <span class='ocrx_word' id='word_1_319' title='bbox 1017 2167 1167 2208; x_wconf 82' lang='lat' dir='ltr'>delatas</span> <span class='ocrx_word' id='word_1_320' title='bbox 1203 2168 1281 2222; x_wconf 89' lang='lat' dir='ltr'>[in]</span> <span class='ocrx_word' id='word_1_321' title='bbox 1318 2167 1480 2208; x_wconf 69' lang='lat' dir='ltr'>[ticam</span> <span class='ocrx_word' id='word_1_322' title='bbox 1513 2168 1654 2209; x_wconf 90' lang='lat' dir='ltr'>reflatu</span> <span class='ocrx_word' id='word_1_323' title='bbox 1679 2169 1768 2220; x_wconf 89' lang='lat' dir='ltr'>hoc,</span> <span class='ocrx_word' id='word_1_324' title='bbox 1793 2170 1911 2210; x_wconf 84' lang='lat' dir='ltr'>Pom—</span> 
     </span>
     <span class='ocr_line' id='line_1_31' title="bbox 145 2239 1912 2298; baseline 0.001 -15"><span class='ocrx_word' id='word_1_325' title='bbox 145 2244 280 2298; x_wconf 86' lang='lat' dir='ltr'>peium</span> <span class='ocrx_word' id='word_1_326' title='bbox 314 2257 395 2282; x_wconf 93' lang='grc'><strong>11011</strong></span> <span class='ocrx_word' id='word_1_327' title='bbox 429 2256 654 2295; x_wconf 83' lang='lat' dir='ltr'>comparere</span> <span class='ocrx_word' id='word_1_328' title='bbox 687 2256 759 2281; x_wconf 79' lang='lat' dir='ltr'>nec</span> <span class='ocrx_word' id='word_1_329' title='bbox 792 2240 836 2280; x_wconf 90' lang='lat' dir='ltr'>in</span> <span class='ocrx_word' id='word_1_330' title='bbox 874 2239 1105 2281; x_wconf 84' lang='lat' dir='ltr'>Balearibus</span> <span class='ocrx_word' id='word_1_331' title='bbox 1138 2241 1302 2281; x_wconf 87' lang='lat' dir='ltr'>omnino</span> <span class='ocrx_word' id='word_1_332' title='bbox 1334 2240 1472 2290; x_wconf 85' lang='lat' dir='ltr'>fuisse,</span> <span class='ocrx_word' id='word_1_333' title='bbox 1507 2244 1554 2280; x_wconf 91' lang='lat' dir='ltr'>ut</span> <span class='ocrx_word' id='word_1_334' title='bbox 1575 2241 1791 2283; x_wconf 81' lang='lat' dir='ltr'>Paciaecus</span> <span class='ocrx_word' id='word_1_335' title='bbox 1810 2243 1912 2284; x_wconf 82' lang='lat' dir='ltr'>affir-</span> 
     </span>
    </p>
   </div>
   <div class='ocr_carea' id='block_1_10' title="bbox 146 2313 1912 2368">
    <p class='ocr_par' dir='ltr' id='par_1_12' title="bbox 146 2313 1912 2368">
     <span class='ocr_line' id='line_1_32' title="bbox 146 2313 1912 2368; baseline 0.002 -13"><span class='ocrx_word' id='word_1_336' title='bbox 146 2319 242 2355; x_wconf 82' lang='lat' dir='ltr'>mat.</span> <span class='ocrx_word' id='word_1_337' title='bbox 276 2314 354 2355; x_wconf 86' lang='lat' dir='ltr'>Sed</span> <span class='ocrx_word' id='word_1_338' title='bbox 388 2320 526 2354; x_wconf 86' lang='lat' dir='ltr'>auctor</span> <span class='ocrx_word' id='word_1_339' title='bbox 560 2313 709 2353; x_wconf 81' lang='lat' dir='ltr'>nullius</span> <span class='ocrx_word' id='word_1_340' title='bbox 743 2314 799 2353; x_wconf 84' lang='lat' dir='ltr'>rei</span> <span class='ocrx_word' id='word_1_341' title='bbox 833 2313 1058 2366; x_wconf 81' lang='lat' dir='ltr'>quisquam.</span> <span class='ocrx_word' id='word_1_342' title='bbox 1114 2313 1250 2354; x_wconf 82' lang='lat' dir='ltr'>Habes</span> <span class='ocrx_word' id='word_1_343' title='bbox 1284 2329 1400 2368; x_wconf 87' lang='lat' dir='ltr'>quae,</span> <span class='ocrx_word' id='word_1_344' title='bbox 1436 2313 1532 2354; x_wconf 89' lang='lat' dir='ltr'>dum</span> <span class='ocrx_word' id='word_1_345' title='bbox 1565 2320 1611 2356; x_wconf 91' lang='lat' dir='ltr'>tu</span> <span class='ocrx_word' id='word_1_346' title='bbox 1644 2315 1752 2366; x_wconf 83' lang='lat' dir='ltr'>abes,</span> <span class='ocrx_word' id='word_1_347' title='bbox 1787 2316 1912 2358; x_wconf 87' lang='lat' dir='ltr'>locuti</span> 
     </span>
    </p>
   </div>
   <div class='ocr_carea' id='block_1_11' title="bbox 203 2425 326 2428">
    <p class='ocr_par' dir='ltr' id='par_1_13' title="bbox 203 2425 326 2428">
     <span class='ocr_line' id='line_1_33' title="bbox 203 2425 326 2428; baseline 0 0"><span class='ocrx_word' id='word_1_348' title='bbox 203 2425 326 2428; x_wconf 95' lang='lat' dir='ltr'> </span> 
     </span>
    </p>
   </div>
   <div class='ocr_carea' id='block_1_12' title="bbox 414 2423 502 2429">
    <p class='ocr_par' dir='ltr' id='par_1_14' title="bbox 414 2423 502 2429">
     <span class='ocr_line' id='line_1_34' title="bbox 414 2423 502 2429; baseline 0 0"><span class='ocrx_word' id='word_1_349' title='bbox 414 2423 502 2429; x_wconf 95' lang='lat' dir='ltr'> </span> 
     </span>
    </p>
   </div>
   <div class='ocr_carea' id='block_1_13' title="bbox 190 2477 555 2515">
    <p class='ocr_par' dir='ltr' id='par_1_15' title="bbox 190 2477 555 2515">
     <span class='ocr_line' id='line_1_35' title="bbox 190 2477 555 2515; baseline -0.003 -7"><span class='ocrx_word' id='word_1_350' title='bbox 190 2479 208 2508; x_wconf 89' lang='lat'><strong>3</strong></span> <span class='ocrx_word' id='word_1_351' title='bbox 231 2477 296 2508; x_wconf 78' lang='lat' dir='ltr'>Hic</span> <span class='ocrx_word' id='word_1_352' title='bbox 316 2480 334 2515; x_wconf 85' lang='lat'>†</span> <span class='ocrx_word' id='word_1_353' title='bbox 356 2486 492 2508; x_wconf 74' lang='lat' dir='ltr'>rumores</span> <span class='ocrx_word' id='word_1_354' title='bbox 515 2494 555 2499; x_wconf 88' lang='lat'>—-</span> 
     </span>
    </p>
   </div>
   <div class='ocr_carea' id='block_1_14' title="bbox 149 2614 1009 2766">
    <p class='ocr_par' dir='ltr' id='par_1_16' title="bbox 149 2614 1009 2766">
     <span class='ocr_line' id='line_1_36' title="bbox 191 2614 1009 2656; baseline 0 -11"><span class='ocrx_word' id='word_1_355' title='bbox 191 2616 209 2654; x_wconf 57' lang='grc' dir='ltr'>ᾗ</span> <span class='ocrx_word' id='word_1_356' title='bbox 243 2615 271 2645; x_wconf 89' lang='grc'>1.</span> <span class='ocrx_word' id='word_1_357' title='bbox 304 2614 369 2645; x_wconf 65' lang='lat' dir='ltr'>Hic</span> <span class='ocrx_word' id='word_1_358' title='bbox 402 2624 539 2645; x_wconf 75' lang='lat' dir='ltr'>rumores</span> <span class='ocrx_word' id='word_1_359' title='bbox 577 2618 680 2646; x_wconf 77' lang='lat' dir='ltr'>tamen</span> <span class='ocrx_word' id='word_1_360' title='bbox 715 2614 853 2646; x_wconf 68' lang='lat' dir='ltr'>Murcum</span> <span class='ocrx_word' id='word_1_361' title='bbox 887 2615 1009 2656; x_wconf 73' lang='lat' dir='ltr'>perisse</span> 
     </span>
     <span class='ocr_line' id='line_1_37' title="bbox 149 2669 1007 2711; baseline 0.002 -11"><span class='ocrx_word' id='word_1_362' title='bbox 149 2669 328 2710; x_wconf 65' lang='lat' dir='ltr'>naufrayio.</span> <span class='ocrx_word' id='word_1_363' title='bbox 371 2669 452 2700; x_wconf 88' lang='lat' dir='ltr'>Sine</span> <span class='ocrx_word' id='word_1_364' title='bbox 485 2679 582 2700; x_wconf 87' lang='lat' dir='ltr'>causa</span> <span class='ocrx_word' id='word_1_365' title='bbox 613 2670 694 2702; x_wconf 83' lang='lat' dir='ltr'>haec</span> <span class='ocrx_word' id='word_1_366' title='bbox 729 2671 828 2702; x_wconf 81' lang='lat' dir='ltr'>verba</span> <span class='ocrx_word' id='word_1_367' title='bbox 857 2676 1007 2711; x_wconf 78' lang='lat' dir='ltr'>suspecta</span> 
     </span>
     <span class='ocr_line' id='line_1_38' title="bbox 149 2723 1009 2766; baseline 0.001 -11"><span class='ocrx_word' id='word_1_368' title='bbox 149 2729 235 2755; x_wconf 87' lang='lat' dir='ltr'>suut.</span> <span class='ocrx_word' id='word_1_369' title='bbox 273 2723 387 2754; x_wconf 82' lang='lat' dir='ltr'>Tamen</span> <span class='ocrx_word' id='word_1_370' title='bbox 410 2723 621 2755; x_wconf 87' lang='lat' dir='ltr'>referendum</span> <span class='ocrx_word' id='word_1_371' title='bbox 643 2730 691 2756; x_wconf 83' lang='lat' dir='ltr'>est</span> <span class='ocrx_word' id='word_1_372' title='bbox 714 2726 756 2756; x_wconf 79' lang='lat' dir='ltr'>ad</span> <span class='ocrx_word' id='word_1_373' title='bbox 776 2725 884 2756; x_wconf 84' lang='lat' dir='ltr'>Attici</span> <span class='ocrx_word' id='word_1_374' title='bbox 906 2735 1009 2766; x_wconf 85' lang='lat' dir='ltr'>quan-</span> 
     </span>
    </p>
   </div>
   <div class='ocr_carea' id='block_1_15' title="bbox 149 2776 1029 2818">
    <p class='ocr_par' dir='ltr' id='par_1_17' title="bbox 149 2776 1029 2818">
     <span class='ocr_line' id='line_1_39' title="bbox 149 2776 1029 2818; baseline 0 -10"><span class='ocrx_word' id='word_1_375' title='bbox 149 2777 224 2808; x_wconf 86' lang='lat' dir='ltr'>dam</span> <span class='ocrx_word' id='word_1_376' title='bbox 248 2776 430 2817; x_wconf 86' lang='lat' dir='ltr'>epistolam,</span> <span class='ocrx_word' id='word_1_377' title='bbox 453 2776 511 2817; x_wconf 87' lang='lat' dir='ltr'>qui</span> <span class='ocrx_word' id='word_1_378' title='bbox 533 2777 706 2818; x_wconf 86' lang='lat' dir='ltr'>scripserat</span> <span class='ocrx_word' id='word_1_379' title='bbox 727 2788 762 2809; x_wconf 89' lang='lat' dir='ltr'>se</span> <span class='ocrx_word' id='word_1_380' title='bbox 784 2777 852 2808; x_wconf 87' lang='grc'><strong>11011</strong></span> <span class='ocrx_word' id='word_1_381' title='bbox 874 2779 1006 2810; x_wconf 84' lang='lat' dir='ltr'>credere</span> <span class='ocrx_word' id='word_1_382' title='bbox 1028 2792 1029 2795; x_wconf 44' lang='lat'>¹</span> 
     </span>
    </p>
   </div>
   <div class='ocr_carea' id='block_1_16' title="bbox 150 2829 1007 2975">
    <p class='ocr_par' dir='ltr' id='par_1_18' title="bbox 150 2829 1007 2975">
     <span class='ocr_line' id='line_1_40' title="bbox 150 2829 1007 2871; baseline 0.001 -11"><span class='ocrx_word' id='word_1_383' title='bbox 150 2835 221 2870; x_wconf 89' lang='lat' dir='ltr'>post</span> <span class='ocrx_word' id='word_1_384' title='bbox 243 2839 341 2861; x_wconf 88' lang='lat' dir='ltr'>suum</span> <span class='ocrx_word' id='word_1_385' title='bbox 362 2829 543 2860; x_wconf 86' lang='lat' dir='ltr'>discessum</span> <span class='ocrx_word' id='word_1_386' title='bbox 565 2830 746 2871; x_wconf 83' lang='lat' dir='ltr'>quidquam</span> <span class='ocrx_word' id='word_1_387' title='bbox 769 2831 848 2861; x_wconf 89' lang='lat' dir='ltr'>novi</span> <span class='ocrx_word' id='word_1_388' title='bbox 865 2831 1007 2862; x_wconf 85' lang='lat' dir='ltr'>Romam</span> 
     </span>
     <span class='ocr_line' id='line_1_41' title="bbox 150 2881 1007 2922; baseline 0.002 -10"><span class='ocrx_word' id='word_1_389' title='bbox 150 2882 287 2913; x_wconf 85' lang='lat' dir='ltr'>allatum</span> <span class='ocrx_word' id='word_1_390' title='bbox 310 2891 390 2913; x_wconf 87' lang='lat' dir='ltr'>esse.</span> <span class='ocrx_word' id='word_1_391' title='bbox 413 2881 454 2912; x_wconf 90' lang='lat' dir='ltr'>cf.</span> <span class='ocrx_word' id='word_1_392' title='bbox 477 2891 527 2922; x_wconf 91' lang='lat' dir='ltr'>ep.</span> <span class='ocrx_word' id='word_1_393' title='bbox 551 2884 588 2912; x_wconf 86' lang='lat'>35</span> <span class='ocrx_word' id='word_1_394' title='bbox 611 2883 644 2913; x_wconf 89' lang='lat' dir='ltr'>h.</span> <span class='ocrx_word' id='word_1_395' title='bbox 668 2884 690 2913; x_wconf 90' lang='lat'>1.</span> <span class='ocrx_word' id='word_1_396' title='bbox 713 2888 744 2914; x_wconf 85' lang='lat' dir='ltr'>et</span> <span class='ocrx_word' id='word_1_397' title='bbox 765 2883 859 2914; x_wconf 85' lang='lat' dir='ltr'>Fam.</span> <span class='ocrx_word' id='word_1_398' title='bbox 876 2883 940 2914; x_wconf 84' lang='lat' dir='ltr'>IX.</span> <span class='ocrx_word' id='word_1_399' title='bbox 957 2884 1007 2922; x_wconf 81' lang='lat'>19,</span> 
     </span>
     <span class='ocr_line' id='line_1_42' title="bbox 151 2934 1007 2975; baseline 0.004 -10"><span class='ocrx_word' id='word_1_400' title='bbox 151 2935 206 2965; x_wconf 87' lang='lat' dir='ltr'>ubi</span> <span class='ocrx_word' id='word_1_401' title='bbox 235 2938 337 2965; x_wconf 74' lang='lat' dir='ltr'>tamen</span> <span class='ocrx_word' id='word_1_402' title='bbox 364 2934 461 2966; x_wconf 87' lang='lat' dir='ltr'>initio</span> <span class='ocrx_word' id='word_1_403' title='bbox 491 2934 647 2975; x_wconf 87' lang='lat' dir='ltr'>epistolae</span> <span class='ocrx_word' id='word_1_404' title='bbox 675 2936 802 2967; x_wconf 89' lang='lat' dir='ltr'>nemini</span> <span class='ocrx_word' id='word_1_405' title='bbox 832 2936 1007 2968; x_wconf 87' lang='lat' dir='ltr'>offensioni</span> 
     </span>
    </p>
   </div>
   <div class='ocr_carea' id='block_1_17' title="bbox 150 2986 1029 3028">
    <p class='ocr_par' dir='ltr' id='par_1_19' title="bbox 150 2986 1029 3028">
     <span class='ocr_line' id='line_1_43' title="bbox 150 2986 1029 3028; baseline 0.003 -11"><span class='ocrx_word' id='word_1_406' title='bbox 150 2987 222 3017; x_wconf 84' lang='lat' dir='ltr'>fuit.</span> <span class='ocrx_word' id='word_1_407' title='bbox 254 2986 290 3017; x_wconf 87' lang='lat' dir='ltr'>Si</span> <span class='ocrx_word' id='word_1_408' title='bbox 313 2987 393 3027; x_wconf 87' lang='lat' dir='ltr'>quid</span> <span class='ocrx_word' id='word_1_409' title='bbox 415 2987 617 3025; x_wconf 83' lang='lat' dir='ltr'>mutandum,</span> <span class='ocrx_word' id='word_1_410' title='bbox 641 2988 776 3020; x_wconf 87' lang='lat' dir='ltr'>mallem</span> <span class='ocrx_word' id='word_1_411' title='bbox 798 2998 875 3019; x_wconf 87' lang='lat' dir='ltr'>cum</span> <span class='ocrx_word' id='word_1_412' title='bbox 898 2989 1007 3020; x_wconf 85' lang='lat' dir='ltr'>Peerl-</span> <span class='ocrx_word' id='word_1_413' title='bbox 1027 3011 1029 3028; x_wconf 54' lang='lat'>2</span> 
     </span>
    </p>
   </div>
   <div class='ocr_carea' id='block_1_18' title="bbox 150 3040 1007 3186">
    <p class='ocr_par' dir='ltr' id='par_1_20' title="bbox 150 3040 1007 3186">
     <span class='ocr_line' id='line_1_44' title="bbox 151 3040 1006 3080; baseline 0.002 -10"><span class='ocrx_word' id='word_1_414' title='bbox 151 3040 284 3080; x_wconf 88' lang='lat' dir='ltr'>kampio</span> <span class='ocrx_word' id='word_1_415' title='bbox 305 3041 446 3071; x_wconf 87' lang='lat' dir='ltr'>scribere</span> <span class='ocrx_word' id='word_1_416' title='bbox 468 3040 541 3071; x_wconf 79' lang='lat' dir='ltr'>Huc</span> <span class='ocrx_word' id='word_1_417' title='bbox 563 3051 699 3072; x_wconf 75' lang='lat' dir='ltr'>rumores</span> <span class='ocrx_word' id='word_1_418' title='bbox 721 3044 850 3072; x_wconf 80' lang='lat' dir='ltr'>manant</span> <span class='ocrx_word' id='word_1_419' title='bbox 864 3041 1006 3073; x_wconf 69' lang='lat' dir='ltr'>Marcam</span> 
     </span>
     <span class='ocr_line' id='line_1_45' title="bbox 150 3093 1007 3133; baseline 0.005 -10"><span class='ocrx_word' id='word_1_420' title='bbox 150 3098 221 3130; x_wconf 66' lang='lat' dir='ltr'>cet„</span> <span class='ocrx_word' id='word_1_421' title='bbox 245 3103 344 3133; x_wconf 88' lang='lat' dir='ltr'>quam</span> <span class='ocrx_word' id='word_1_422' title='bbox 367 3103 443 3124; x_wconf 89' lang='lat' dir='ltr'>cum</span> <span class='ocrx_word' id='word_1_423' title='bbox 465 3093 591 3126; x_wconf 88' lang='lat' dir='ltr'>Orellio</span> <span class='ocrx_word' id='word_1_424' title='bbox 618 3094 679 3125; x_wconf 81' lang='lat' dir='ltr'>Hic</span> <span class='ocrx_word' id='word_1_425' title='bbox 691 3104 794 3125; x_wconf 82' lang='lat' dir='ltr'>rumor</span> <span class='ocrx_word' id='word_1_426' title='bbox 809 3097 856 3125; x_wconf 75' lang='lat' dir='ltr'>est</span> <span class='ocrx_word' id='word_1_427' title='bbox 872 3094 1007 3126; x_wconf 76' lang='lat' dir='ltr'>Statium</span> 
     </span>
     <span class='ocr_line' id='line_1_46' title="bbox 152 3146 1005 3186; baseline 0.004 -9"><span class='ocrx_word' id='word_1_428' title='bbox 152 3146 292 3177; x_wconf 65' lang='lat' dir='ltr'>,Um-mon</span> <span class='ocrx_word' id='word_1_429' title='bbox 316 3153 375 3178; x_wconf 74' lang='lat' dir='ltr'>cet.</span> <span class='ocrx_word' id='word_1_430' title='bbox 398 3148 560 3178; x_wconf 73' lang='lat' dir='ltr'>Rumores</span> <span class='ocrx_word' id='word_1_431' title='bbox 581 3154 688 3179; x_wconf 79' lang='lat' dir='ltr'>antem</span> <span class='ocrx_word' id='word_1_432' title='bbox 705 3149 753 3179; x_wconf 84' lang='lat' dir='ltr'>illi</span> <span class='ocrx_word' id='word_1_433' title='bbox 774 3149 850 3179; x_wconf 78' lang='lat' dir='ltr'>vani</span> <span class='ocrx_word' id='word_1_434' title='bbox 864 3149 1005 3186; x_wconf 71' lang='lat' dir='ltr'>fuerunt,</span> 
     </span>
    </p>
   </div>
   <div class='ocr_carea' id='block_1_19' title="bbox 1027 2613 1915 3190">
    <p class='ocr_par' dir='ltr' id='par_1_21' title="bbox 1028 2613 1913 2703">
     <span class='ocr_line' id='line_1_47' title="bbox 1054 2613 1913 2658; baseline 0.008 -13"><span class='ocrx_word' id='word_1_435' title='bbox 1054 2620 1090 2645; x_wconf 89' lang='lat' dir='ltr'>ut</span> <span class='ocrx_word' id='word_1_436' title='bbox 1111 2613 1208 2646; x_wconf 88' lang='lat' dir='ltr'>facile</span> <span class='ocrx_word' id='word_1_437' title='bbox 1230 2615 1449 2648; x_wconf 85' lang='lat' dir='ltr'>demonstrari</span> <span class='ocrx_word' id='word_1_438' title='bbox 1478 2623 1594 2658; x_wconf 81' lang='lat' dir='ltr'>potest.</span> <span class='ocrx_word' id='word_1_439' title='bbox 1632 2617 1682 2651; x_wconf 88' lang='lat' dir='ltr'>De</span> <span class='ocrx_word' id='word_1_440' title='bbox 1705 2620 1823 2652; x_wconf 92' lang='lat' dir='ltr'>Murco</span> <span class='ocrx_word' id='word_1_441' title='bbox 1846 2620 1913 2652; x_wconf 89' lang='lat' dir='ltr'>vid.</span> 
     </span>
     <span class='ocr_line' id='line_1_48' title="bbox 1028 2663 1602 2703; baseline 0.007 -4"><span class='ocrx_word' id='word_1_442' title='bbox 1028 2663 1029 2678; x_wconf 63' lang='lat'><em>³</em></span> <span class='ocrx_word' id='word_1_443' title='bbox 1053 2668 1146 2700; x_wconf 83' lang='lat' dir='ltr'>Fam.</span> <span class='ocrx_word' id='word_1_444' title='bbox 1168 2668 1251 2700; x_wconf 84' lang='lat' dir='ltr'>XII.</span> <span class='ocrx_word' id='word_1_445' title='bbox 1275 2670 1323 2701; x_wconf 92' lang='lat' dir='ltr'>ll.</span> <span class='ocrx_word' id='word_1_446' title='bbox 1347 2670 1435 2701; x_wconf 87' lang='lat' dir='ltr'>Phil.</span> <span class='ocrx_word' id='word_1_447' title='bbox 1459 2671 1525 2702; x_wconf 85' lang='lat' dir='ltr'>XI.</span> <span class='ocrx_word' id='word_1_448' title='bbox 1550 2673 1602 2703; x_wconf 89' lang='lat'>30.</span> 
     </span>
    </p>

    <p class='ocr_par' dir='ltr' id='par_1_22' title="bbox 1027 2722 1915 2976">
     <span class='ocr_line' id='line_1_49' title="bbox 1027 2722 1911 2772; baseline 0.011 -21"><span class='ocrx_word' id='word_1_449' title='bbox 1027 2733 1030 2772; x_wconf 50' lang='grc' dir='ltr'>ᾗ</span> <span class='ocrx_word' id='word_1_450' title='bbox 1094 2722 1128 2753; x_wconf 84' lang='lat' dir='ltr'>L.</span> <span class='ocrx_word' id='word_1_451' title='bbox 1153 2733 1248 2754; x_wconf 78' lang='lat' dir='ltr'>naves</span> <span class='ocrx_word' id='word_1_452' title='bbox 1270 2723 1397 2755; x_wconf 70' lang='lat' dir='ltr'>delatas</span> <span class='ocrx_word' id='word_1_453' title='bbox 1419 2725 1452 2755; x_wconf 85' lang='lat' dir='ltr'>in</span> <span class='ocrx_word' id='word_1_454' title='bbox 1479 2724 1610 2758; x_wconf 77' lang='lat' dir='ltr'>Uticam.</span> <span class='ocrx_word' id='word_1_455' title='bbox 1632 2727 1674 2758; x_wconf 89' lang='lat' dir='ltr'>In</span> <span class='ocrx_word' id='word_1_456' title='bbox 1696 2728 1787 2760; x_wconf 88' lang='lat' dir='ltr'>Med.</span> <span class='ocrx_word' id='word_1_457' title='bbox 1808 2739 1911 2770; x_wconf 89' lang='lat' dir='ltr'>quum</span> 
     </span>
     <span class='ocr_line' id='line_1_50' title="bbox 1052 2775 1915 2822; baseline 0.01 -17"><span class='ocrx_word' id='word_1_458' title='bbox 1052 2775 1094 2806; x_wconf 86' lang='lat' dir='ltr'>sit</span> <span class='ocrx_word' id='word_1_459' title='bbox 1117 2775 1206 2806; x_wconf 71' lang='lat' dir='ltr'>navis</span> <span class='ocrx_word' id='word_1_460' title='bbox 1227 2776 1336 2807; x_wconf 82' lang='lat' dir='ltr'>delata</span> <span class='ocrx_word' id='word_1_461' title='bbox 1361 2776 1394 2807; x_wconf 80' lang='lat' dir='ltr'>in</span> <span class='ocrx_word' id='word_1_462' title='bbox 1420 2776 1552 2816; x_wconf 75' lang='lat' dir='ltr'>Uticam,</span> <span class='ocrx_word' id='word_1_463' title='bbox 1575 2779 1657 2810; x_wconf 87' lang='lat' dir='ltr'>mihi</span> <span class='ocrx_word' id='word_1_464' title='bbox 1683 2779 1826 2822; x_wconf 84' lang='lat' dir='ltr'>suspicio</span> <span class='ocrx_word' id='word_1_465' title='bbox 1842 2787 1915 2814; x_wconf 79' lang='lat' dir='ltr'>orta</span> 
     </span>
     <span class='ocr_line' id='line_1_51' title="bbox 1053 2829 1914 2866; baseline 0.009 -7"><span class='ocrx_word' id='word_1_466' title='bbox 1053 2833 1101 2860; x_wconf 84' lang='lat' dir='ltr'>est</span> <span class='ocrx_word' id='word_1_467' title='bbox 1129 2829 1340 2860; x_wconf 89' lang='lat' dir='ltr'>scribendum</span> <span class='ocrx_word' id='word_1_468' title='bbox 1371 2840 1456 2862; x_wconf 87' lang='lat' dir='ltr'>esse:</span> <span class='ocrx_word' id='word_1_469' title='bbox 1492 2831 1528 2862; x_wconf 80' lang='lat' dir='ltr'>L.</span> <span class='ocrx_word' id='word_1_470' title='bbox 1554 2843 1661 2864; x_wconf 84' lang='lat' dir='ltr'>navem</span> <span class='ocrx_word' id='word_1_471' title='bbox 1684 2833 1823 2866; x_wconf 79' lang='lat' dir='ltr'>delatam</span> <span class='ocrx_word' id='word_1_472' title='bbox 1849 2834 1914 2866; x_wconf 72' lang='lat' dir='ltr'>Uti-</span> 
     </span>
     <span class='ocr_line' id='line_1_52' title="bbox 1027 2875 1914 2937; baseline 0.011 -27"><span class='ocrx_word' id='word_1_473' title='bbox 1027 2875 1030 2937; x_wconf 34' lang='lat' dir='ltr'><strong><em>s</em></strong></span> <span class='ocrx_word' id='word_1_474' title='bbox 1053 2890 1129 2918; x_wconf 84' lang='lat' dir='ltr'>cam,</span> <span class='ocrx_word' id='word_1_475' title='bbox 1159 2886 1196 2911; x_wconf 92' lang='lat' dir='ltr'>ut</span> <span class='ocrx_word' id='word_1_476' title='bbox 1218 2890 1247 2911; x_wconf 83' lang='lat' dir='ltr'>L.</span> <span class='ocrx_word' id='word_1_477' title='bbox 1274 2892 1341 2913; x_wconf 91' lang='lat' dir='ltr'>non</span> <span class='ocrx_word' id='word_1_478' title='bbox 1364 2883 1405 2913; x_wconf 92' lang='lat' dir='ltr'>sit</span> <span class='ocrx_word' id='word_1_479' title='bbox 1425 2884 1661 2925; x_wconf 73' lang='lat' dir='ltr'>quinquaqinta,</span> <span class='ocrx_word' id='word_1_480' title='bbox 1684 2887 1742 2918; x_wconf 86' lang='lat' dir='ltr'>sed</span> <span class='ocrx_word' id='word_1_481' title='bbox 1763 2897 1914 2928; x_wconf 83' lang='lat' dir='ltr'>compen-</span> 
     </span>
     <span class='ocr_line' id='line_1_53' title="bbox 1028 2933 1590 2976; baseline 0.009 -13"><span class='ocrx_word' id='word_1_482' title='bbox 1028 2943 1029 2947; x_wconf 57' lang='lat'><em>*</em></span> <span class='ocrx_word' id='word_1_483' title='bbox 1053 2934 1146 2964; x_wconf 86' lang='lat' dir='ltr'>dium</span> <span class='ocrx_word' id='word_1_484' title='bbox 1168 2933 1313 2965; x_wconf 87' lang='lat' dir='ltr'>nominis</span> <span class='ocrx_word' id='word_1_485' title='bbox 1335 2936 1469 2976; x_wconf 85' lang='lat' dir='ltr'>proprii.</span> <span class='ocrx_word' id='word_1_486' title='bbox 1587 2936 1590 2938; x_wconf 74' lang='grc'><strong>’</strong></span> 
     </span>
    </p>

    <p class='ocr_par' dir='ltr' id='par_1_23' title="bbox 1028 2989 1913 3190">
     <span class='ocr_line' id='line_1_54' title="bbox 1028 2989 1913 3036; baseline 0.009 -17"><span class='ocrx_word' id='word_1_487' title='bbox 1028 3031 1029 3034; x_wconf 12' lang='lat'>¹</span> <span class='ocrx_word' id='word_1_488' title='bbox 1094 2989 1280 3022; x_wconf 78' lang='lat' dir='ltr'>Paciaecus,</span> <span class='ocrx_word' id='word_1_489' title='bbox 1318 2991 1420 3023; x_wconf 85' lang='lat' dir='ltr'>Recte</span> <span class='ocrx_word' id='word_1_490' title='bbox 1461 2991 1606 3025; x_wconf 78' lang='lat' dir='ltr'>Orellius</span> <span class='ocrx_word' id='word_1_491' title='bbox 1647 3004 1692 3026; x_wconf 89' lang='lat' dir='ltr'>ex</span> <span class='ocrx_word' id='word_1_492' title='bbox 1726 3004 1777 3036; x_wconf 87' lang='lat' dir='ltr'>ep.</span> <span class='ocrx_word' id='word_1_493' title='bbox 1809 2996 1857 3033; x_wconf 88' lang='lat'>18,</span> <span class='ocrx_word' id='word_1_494' title='bbox 1893 2997 1913 3027; x_wconf 77' lang='lat'>2</span> 
     </span>
     <span class='ocr_line' id='line_1_55' title="bbox 1028 3039 1913 3080; baseline 0.01 -9"><span class='ocrx_word' id='word_1_495' title='bbox 1028 3039 1029 3044; x_wconf 74' lang='grc'>’</span> <span class='ocrx_word' id='word_1_496' title='bbox 1053 3042 1131 3073; x_wconf 87' lang='lat' dir='ltr'>libri</span> <span class='ocrx_word' id='word_1_497' title='bbox 1168 3042 1221 3072; x_wconf 84' lang='lat' dir='ltr'>VI</span> <span class='ocrx_word' id='word_1_498' title='bbox 1250 3043 1291 3073; x_wconf 84' lang='lat' dir='ltr'>ad</span> <span class='ocrx_word' id='word_1_499' title='bbox 1321 3043 1413 3075; x_wconf 85' lang='lat' dir='ltr'>Fam.</span> <span class='ocrx_word' id='word_1_500' title='bbox 1444 3044 1587 3076; x_wconf 88' lang='lat' dir='ltr'>Plenum</span> <span class='ocrx_word' id='word_1_501' title='bbox 1615 3047 1761 3078; x_wconf 87' lang='lat' dir='ltr'>hominis</span> <span class='ocrx_word' id='word_1_502' title='bbox 1790 3058 1913 3080; x_wconf 88' lang='lat' dir='ltr'>nomen</span> 
     </span>
     <span class='ocr_line' id='line_1_56' title="bbox 1053 3094 1913 3132; baseline 0.008 -7"><span class='ocrx_word' id='word_1_503' title='bbox 1053 3094 1155 3126; x_wconf 86' lang='lat' dir='ltr'>fuisse</span> <span class='ocrx_word' id='word_1_504' title='bbox 1176 3095 1217 3125; x_wconf 90' lang='lat' dir='ltr'>L.</span> <span class='ocrx_word' id='word_1_505' title='bbox 1241 3095 1377 3127; x_wconf 88' lang='lat' dir='ltr'>Iunium</span> <span class='ocrx_word' id='word_1_506' title='bbox 1401 3096 1595 3129; x_wconf 85' lang='lat' dir='ltr'>Paciaecum</span> <span class='ocrx_word' id='word_1_507' title='bbox 1619 3109 1636 3130; x_wconf 92' lang='lat' dir='ltr'>e</span> <span class='ocrx_word' id='word_1_508' title='bbox 1659 3099 1744 3130; x_wconf 83' lang='lat' dir='ltr'>libro</span> <span class='ocrx_word' id='word_1_509' title='bbox 1767 3101 1807 3132; x_wconf 77' lang='lat' dir='ltr'>(le</span> <span class='ocrx_word' id='word_1_510' title='bbox 1824 3101 1913 3132; x_wconf 90' lang='lat' dir='ltr'>bello</span> 
     </span>
     <span class='ocr_line' id='line_1_57' title="bbox 1028 3148 1420 3190; baseline 0.005 -10"><span class='ocrx_word' id='word_1_511' title='bbox 1028 3148 1029 3161; x_wconf 71' lang='lat'>³</span> <span class='ocrx_word' id='word_1_512' title='bbox 1054 3151 1193 3190; x_wconf 76' lang='lat' dir='ltr'>Hispan.</span> <span class='ocrx_word' id='word_1_513' title='bbox 1217 3152 1233 3179; x_wconf 71' lang='lat'>:3</span> <span class='ocrx_word' id='word_1_514' title='bbox 1259 3151 1420 3182; x_wconf 69' lang='lat' dir='ltr'>novimus.</span> 
     </span>
    </p>
   </div>
   <div class='ocr_carea' id='block_1_20' title="bbox 1027 2631 1030 3137">
    <p class='ocr_par' dir='ltr' id='par_1_24' title="bbox 1027 2631 1030 3137">
     <span class='ocr_line' id='line_1_58' title="bbox 1027 2631 1030 3137; baseline 0 0"><span class='ocrx_word' id='word_1_515' title='bbox 1027 2631 1030 3137; x_wconf 95' lang='lat' dir='ltr'> </span> 
     </span>
    </p>
   </div>
   <div class='ocr_carea' id='block_1_21' title="bbox 2060 2902 2062 3565">
    <p class='ocr_par' dir='ltr' id='par_1_25' title="bbox 2060 2902 2062 3565">
     <span class='ocr_line' id='line_1_59' title="bbox 2060 2902 2062 3565; baseline 0 0"><span class='ocrx_word' id='word_1_516' title='bbox 2060 2902 2062 3565; x_wconf 95' lang='lat' dir='ltr'> </span> 
     </span>
    </p>
   </div>
  </div>
 </body>
</html>
