2062 3565
426 160 534 202 LIB.
570 159 690 202 ΧΙΙΙ.
727 160 810 202 ΕΡ.
848 163 919 200 52.
956 184 1011 188 -
1048 158 1154 200 LIB.
1191 158 1306 200 XIV.
1341 157 1503 232 EP31.
1766 160 1850 198 269

85 293 196 347 Quid
238 295 396 337 multa?
440 297 638 338 Homines
682 296 754 337 visi
799 311 954 337 sumus.
998 295 1156 351 Hospes
1201 300 1336 336 tamen
1376 309 1457 335 non
1491 294 1541 346 is,
1575 294 1641 335 cui
1675 293 1850 335 diceres:

90 367 264 421 namabo
306 374 361 421 te,
405 370 545 412 eodem
590 370 639 412 ad
685 386 760 420 me,
803 385 926 425 quum
971 368 1214 411 revertere.”
1264 368 1394 411 Semel
1439 369 1536 410 satis
1569 373 1644 409 est.
1689 368 1853 411 Σπου·

85 436 249 487 δαῖον
275 436 425 487 οὐδὲν
466 444 510 486 in
554 459 748 496 sermone,
784 441 1032 503 φιλόλογα
1066 443 1208 485 multa.
1258 442 1369 495 Quid
1403 443 1586 498 quaeris?
1622 442 1854 484 Delectatus

84 520 145 556 est
192 519 233 556 et
276 514 449 558 libenter
492 516 584 559 suit.
636 517 817 559 Puteolis
859 532 900 558 se
945 516 1078 558 aiebat
1126 531 1250 558 unum
1298 515 1405 557 diem
1450 516 1547 568 fore,
1593 516 1762 558 alterum
1804 515 1853 557 ad

84 588 217 631 Baias.
268 589 406 632 Habes
450 590 671 647 hospitium
718 590 800 632 sive
845 587 1202 649 ἐπισταθμιὰν
1251 589 1429 632 odiosam
1474 591 1588 642 mihi,
1638 590 1738 642 dixi,
1773 605 1854 632 non
1896 605 1908 629 s

83 659 305 705 molestam.
356 665 444 720 Ego
489 665 691 721 paulisper
739 664 819 715 hic,
864 664 1009 706 deinde
1054 665 1096 706 in
1129 663 1419 706 Tusculanum.
1454 663 1686 706 Dolabellae
1721 664 1853 706 villam

84 753 210 794 quum
260 737 508 794 praeteriret,
543 738 673 779 omnis
707 742 948 779 armatorum
984 738 1098 793 copia
1133 737 1272 778 dextra
1306 737 1469 778 sinistra
1503 737 1552 778 ad
1587 753 1747 793 equum,
1782 752 1855 779 nec

85 826 254 865 usquam
287 810 398 854 alibi.
434 811 525 853 Hoc
557 826 606 853 ex
640 811 776 853 Nicia.

127 978 144 1007 5
167 977 308 1009 odiosam
316 991 327 1015 ;
352 978 428 1009 milti
452 997 491 1001 —

125 1123 212 1156 Bene
233 1127 319 1156 coeto
341 1143 384 1148 —
404 1125 547 1157 libenter.
580 1124 702 1156 Lucilii
725 1134 822 1157 versu
844 1124 949 1156 utitur
971 1130 977 1207 Ι
997 1124 1101 1156 stolae
1124 1124 1293 1164 leguntur.
1318 1123 1386 1156 Sed
1397 1124 1450 1155 hic
1462 1124 1604 1155 movebo
1617 1124 1858 1165 quaestionem,

85 1189 216 1220 quoque
238 1180 279 1212 de
300 1179 380 1211 Fin.
401 1180 447 1211 11.
470 1180 522 1211 25.
996 1187 1080 1219 quae
1102 1178 1185 1210 mihi
1210 1178 1338 1220 saepius
1360 1179 1446 1209 hanc
1469 1178 1642 1220 epistolam
1665 1179 1791 1219 legenti
1822 1188 1858 1210 se

127 1233 145 1273 ξ
169 1233 198 1264 2.
220 1231 394 1274 Eleyanter
416 1243 450 1264 o:
474 1233 649 1275 exquisite,
672 1238 709 1264 ut
731 1242 791 1264 nos
807 1232 951 1264 dicimus
997 1232 1129 1264 obtulit.
1151 1233 1317 1274 Apertum
1339 1238 1389 1264 est
1409 1232 1514 1264 tertiis
1536 1232 1667 1265 Saturn.
1682 1234 1856 1264 Caesarem

85 1285 204 1328 keuriy.
238 1286 415 1327 Elegantia
437 1286 471 1318 in
495 1286 596 1324 cultu,
629 1291 666 1318 ut
686 1292 775 1318 recte
797 1286 951 1318 observat
996 1291 1174 1318 coenatum
1196 1296 1266 1318 esse
1297 1286 1332 1317 in
1364 1286 1446 1318 villa
1479 1285 1659 1318 Ciceronis.
1693 1286 1759 1318 Sed
1788 1297 1855 1317 non

86 1341 243 1372 Ernestus
265 1341 300 1372 in
322 1341 418 1378 clavi,
442 1340 530 1373 inter
553 1341 664 1373 sordes
687 1346 719 1373 et
731 1341 945 1382 magnificen-
971 1320 977 1387 Ι
995 1340 1127 1378 dicitur,
1150 1341 1282 1380 quando
1304 1340 1442 1378 venerit,
1459 1349 1566 1382 neque
1578 1340 1715 1371 omnino
1726 1339 1856 1371 venisse

85 1393 165 1425 tiam
188 1394 336 1426 medium
360 1400 462 1426 tenet.
971 1393 976 1422 l
996 1393 1038 1424 ad
1060 1391 1256 1424 Ciceronem
1278 1392 1408 1424 dicitur.
1432 1392 1507 1424 Hoc
1529 1393 1651 1424 scimus
1674 1402 1750 1425 eum
1773 1392 1858 1433 apud

127 1447 244 1479 Amabo
257 1450 299 1485 te,
309 1447 416 1479 eodem
425 1447 470 1478 ad
482 1457 539 1486 me,
550 1458 644 1490 quum
657 1450 824 1479 revertere.
839 1447 950 1480 Peerl-
971 1440 976 1496 l
995 1446 1176 1488 Philippum
1197 1446 1359 1478 mansisse
1382 1445 1426 1477 ad
1446 1446 1554 1477 horam
1583 1445 1658 1478 VII.
1696 1447 1784 1478 Tum
1806 1457 1857 1478 su-

86 1500 238 1542 kampius
259 1509 313 1532 me
343 1500 474 1531 monuit
507 1509 577 1532 esse
607 1509 741 1532 versum
769 1501 949 1533 iambicum
997 1500 1064 1531 bito
1086 1500 1240 1533 videmus
1261 1510 1339 1532 eum
1370 1501 1404 1532 in
1444 1501 1562 1532 balneo
1593 1502 1694 1542 (apud
1726 1500 1855 1534 Cicero-

85 1563 129 1586 ex
150 1555 277 1586 comico
300 1559 332 1586 et
354 1555 564 1586 scribendum
587 1555 716 1586 ehodum
746 1555 791 1586 ad
823 1566 880 1594 me,
911 1561 948 1587 ut
995 1553 1124 1593 nem?),
1146 1554 1268 1586 deinde
1289 1559 1428 1586 unctum
1453 1560 1486 1586 et
1507 1560 1712 1587 coenantem.
1734 1555 1856 1587 Nonne

87 1607 121 1638 in
144 1607 220 1639 Ter.
242 1608 375 1639 Andria
404 1608 432 1639 I.
462 1608 492 1646 2,
516 1608 566 1640 13.
603 1608 713 1640 Etiam
745 1609 840 1640 semel
868 1609 949 1640 satis
996 1608 1176 1640 verisimile
1198 1614 1248 1640 est
1277 1608 1482 1640 intercidisse
1504 1609 1710 1640 mentionem
1731 1609 1855 1641 adven-

85 1662 133 1691 est
155 1660 288 1692 videtur
311 1670 382 1693 esse
404 1666 537 1702 poetae.
997 1661 1074 1694 tus?
1096 1662 1170 1702 Ego
1192 1666 1270 1703 puto
1292 1672 1398 1694 unum
1435 1671 1564 1695 versum
1595 1663 1755 1695 omissum
1785 1673 1855 1696 esse

125 1710 319 1748 Σπουὸαἷον
349 1711 448 1748 οὐδὲν
479 1731 530 1736 —
562 1712 731 1761 φιλόλογα
775 1716 874 1747 multa
912 1726 947 1749 οι
995 1721 1071 1758 post
1084 1717 1185 1748 verba
1197 1719 1267 1758 post
1285 1717 1394 1748 horam
1412 1716 1505 1755 VIII,
1521 1717 1575 1749 vel
1587 1717 1723 1750 fortasse
1734 1718 1853 1760 plures,

85 1771 171 1802 nihil
193 1772 234 1803 de
255 1781 291 1803 re
313 1772 455 1813 publica,
478 1772 583 1804 multa
605 1773 645 1804 de
675 1772 770 1804 libris
804 1779 837 1804 et
875 1773 949 1804 doc·
996 1771 1031 1802 in
1053 1770 1174 1812 quibus
1196 1771 1402 1809 narrabatur,
1424 1781 1491 1812 quo
1513 1772 1612 1803 modo
1635 1771 1755 1804 Caesar
1778 1783 1797 1804 a
1819 1783 1853 1804 se

86 1825 193 1858 trinae
215 1826 342 1858 studiis.
996 1829 1147 1865 acceptus
1172 1824 1223 1862 sit,
1245 1829 1277 1855 et
1298 1834 1384 1866 quae
1406 1829 1478 1856 tum
1499 1824 1565 1856 sint
1586 1825 1698 1857 locuti.

127 1878 180 1910 Ad
200 1878 312 1912 Baias,
346 1879 489 1911 Romani
512 1880 668 1912 dicebant
690 1880 734 1911 ad
755 1879 859 1911 Baias
881 1889 950 1911 esse
971 1862 976 1929 ἶ
1041 1878 1147 1909 Omni-5
1169 1880 1360 1910 armatorum
1381 1878 1473 1920 copia
1495 1884 1554 1910 cet.
1591 1880 1752 1921 Equitans
1775 1881 1854 1913 Cae-

86 1933 158 1964 Att.
180 1933 209 1964 1.
235 1933 285 1971 16,
309 1933 359 1971 10,
382 1938 414 1965 et
435 1933 481 1964 ad
500 1933 602 1964 Baias
625 1933 732 1965 venire
752 1933 833 1966 XV.
858 1934 906 1973 13,
919 1936 949 1966 5.
995 1943 1049 1965 sar
1070 1932 1265 1965 Dolabellae
1280 1933 1399 1965 villam
1408 1934 1587 1975 praeteriit,
1600 1934 1756 1976 utrinque
1766 1945 1856 1976 saep·

87 1985 181 2017 Fam.
206 1985 271 2017 IX.
293 1986 322 2024 2,
345 1988 374 2024 5,
397 1992 432 2018 ut
464 1986 509 2017 ad
543 1997 642 2029 aquas
675 1997 743 2018 esse
775 1987 810 2018 in
841 1997 948 2025 versu,
995 1992 1047 2019 tus
1069 1987 1242 2026 militibus,
1264 1997 1332 2019 non
1355 1989 1444 2029 quod
1473 1988 1598 2030 aliquid
1628 1989 1766 2027 timeret,
1799 1990 1856 2022 sed

87 2047 184 2080 quem
208 2037 325 2071 Cicero
346 2039 460 2070 citavit
481 2038 536 2072 Or.
564 2040 611 2071 ΙΙ.
636 2039 708 2073 274.
995 2043 1131 2074 honoris
1152 2053 1261 2074 causa.

133 2090 279 2122 Odiosum
301 2091 388 2130 mihi,
410 2092 489 2130 dixi,
520 2103 582 2124 non
609 2093 780 2125 molestam.
816 2094 871 2125 lta
903 2071 976 2132 di-l
1039 2096 1109 2127 Hoc
1130 2106 1170 2127 ea·
1203 2095 1308 2135 Nicia,
1338 2096 1554 2137 grammatico
1587 2097 1780 2130 Dolabellae
1813 2100 1855 2129 ia-

88 2144 193 2176 stinxi
214 2153 291 2176 cum
322 2144 562 2186 Wesenbergio
594 2146 736 2178 Emend.
767 2157 800 2188 p.
821 2147 874 2185 49,
912 2153 950 2178 ut
970 2135 976 2192 l
994 2151 1127 2182 miliari.
1150 2149 1191 2182 cf.
1213 2150 1245 2181 h.
1269 2151 1291 2181 1.
1314 2151 1364 2187 28,
1387 2151 1416 2181 3.
1439 2150 1539 2182 XIV.
1562 2152 1590 2189 9,
1614 2154 1644 2183 3.

88 2201 168 2232 haec
190 2200 289 2241 plane
311 2202 547 2242 responderent
569 2202 619 2241 iis,
649 2213 732 2244 quae
762 2203 858 2235 initio
881 2204 947 2245 epi·
969 2193 974 2245 Ι

603 2541 1069 2599 LIBER
1176 2546 1346 2601 xlv.

726 2789 762 2828 J.
828 2790 894 2842 (A.
935 2790 981 2831 U·
1019 2792 1060 2832 C.
1100 2792 1218 2847 710).

163 2903 202 2942 1.
235 2900 399 2942 Deverti
432 2900 482 2942 ad
527 2900 656 2953 illum,
690 2901 740 2944 de
774 2917 853 2957 quo
885 2908 1020 2947 tecum
1053 2921 1184 2948 mane.
1227 2906 1343 2948 Nihil
1376 2906 1592 2962 perditius:
1633 2932 1654 2956 ,Ι
1665 2903 1853 2959 explicari

91 2987 176 3016 rem
218 2989 300 3016 non
343 2989 472 3030 posse.
523 2975 684 3018 Etenim
727 2978 761 3019 si
793 2978 860 3020 ille
893 2978 966 3020 tali
997 2979 1161 3035 ingenio
1194 2981 1348 3022 exitum
1383 2995 1464 3022 non
1496 2977 1730 3035 reperiebat,
1766 2976 1855 3030 quis

136 3131 156 3171 ξ
178 3131 206 3162 1.
229 3131 360 3163 Deverti
380 3131 426 3162 ad
443 3131 543 3163 illum.
566 3131 687 3165 Primis
707 3135 812 3167 tribus
833 3136 953 3168 mensi·
1004 3138 1182 3181 aliquando
1199 3149 1254 3172 rus
1276 3139 1471 3176 excucurrit,
1496 3137 1604 3169 nullas
1616 3142 1725 3167 tamen
1741 3134 1782 3164 ad
1796 3132 1856 3164 At·

94 3185 154 3216 bus
183 3185 262 3216 anni
292 3185 354 3219 710
385 3186 501 3218 Cicero
534 3186 566 3217 111
597 3187 678 3219 urbe
700 3187 810 3227 fuisse,
835 3195 900 3228 aut,
923 3191 950 3222 si
1002 3193 1103 3225 ticum
1128 3194 1239 3226 literas
1260 3193 1388 3226 dedisse
1411 3193 1551 3224 videtur.
1583 3188 1747 3230 Epistolae
1758 3187 1855 3218 huius
