2062 3565
697 159 805 202 LIB.
841 160 958 202 XVI.
994 161 1077 203 ΕΡ.
1117 163 1186 203 15.
1226 164 1297 204 16.
1789 167 1872 207 377

110 297 190 336 tem
225 299 499 336 conservatam
533 302 711 352 cuperet,
748 298 954 352 pecuniam
992 299 1217 340 numeravit
1250 299 1299 340 de
1334 315 1419 341 suo.
1461 301 1582 347 Quod
1618 316 1739 356 quum
1775 312 1878 343 esst-t.

111 366 276 418 factum,
329 366 504 409 adiimus
545 368 595 410 ad
634 370 857 421 Caesarem,
904 369 1023 412 verba
1067 370 1234 413 fecimus
1269 388 1338 428 pro
1374 373 1614 425 Buthrotiis,
1649 374 1878 416 liberalissi-

111 454 221 480 mum
271 439 474 482 decretum
521 441 774 493 abstulimus,
820 443 926 499 quod
977 450 1038 485 est
1087 444 1344 500 obsignatum
1395 447 1445 488 ab
1479 448 1735 504 amplissimis
1768 448 1877 489 viris.

111 510 228 557 Quae
270 527 395 567 quum
444 520 578 556 essent
620 521 722 567 acta,
766 517 900 558 mirari
947 517 1133 572 equidem
1169 517 1341 560 solebam
1377 520 1461 575 pati
1494 520 1701 562 Caesarem
1738 536 1879 563 conve-

111 585 198 626 nire
241 600 322 637 005,
368 588 439 643 qui
480 603 621 644 agrum
671 589 932 631 Buthrotium
985 591 1282 646 concupissent,
1334 608 1462 648 neque
1506 593 1634 635 solum
1677 594 1774 650 pati,
1809 595 1878 636 sed
1918 612 1932 638 5

111 656 232 701 effiam
277 660 314 702 ei
356 661 520 716 negotio
562 666 602 702 te
643 664 868 718 praeficere.
920 663 1060 718 Itaque
1101 669 1140 704 et
1173 679 1246 718 ego
1280 680 1371 706 cum
1406 665 1474 706 illo
1507 666 1666 707 locutus
1700 682 1803 718 sum,
1839 674 1878 709 et

111 733 271 790 saepius
305 734 483 789 quidem,
528 740 574 776 ut
607 736 726 778 etiam
762 751 968 778 accusarer
1003 736 1052 778 ab
1087 752 1147 788 eo,
1185 738 1291 792 quod
1325 754 1466 794 parum
1500 740 1749 782 constantiae
1784 756 1877 782 suae

112 806 367 859 confiderem,
417 814 457 850 et
505 809 564 850 M.
610 809 807 851 Messalae
852 816 892 851 et
935 811 1012 866 ipsi
1061 811 1199 852 Attico
1244 811 1361 861 dixit,
1404 818 1450 854 ut
1482 813 1567 855 sine
1601 828 1697 855 cura
1729 822 1876 867 essent,

111 885 325 937 aperteque
373 882 612 924 ostendebat
663 898 703 924 se
738 884 1008 939 praesentium
1042 884 1197 925 animos
1232 909 1288 915 —-
1323 892 1407 926 erat
1440 886 1545 927 enim
1580 888 1797 942 popularis,
1833 896 1876 930 ut

111 968 229 996 noras
271 979 328 985 —-
374 954 573 996 offendere
619 955 744 996 nolle:
793 970 917 1010 quum
958 970 1065 997 mare
1104 955 1356 1006 transissent,
1398 962 1631 998 curaturum
1675 974 1715 999 se
1751 964 1796 1000 ut
1834 960 1875 1001 in
1898 974 1931 999 ιιι

110 1026 232 1069 alium
268 1043 409 1084 agrum
443 1027 751 1070 deducerentur.
786 1030 828 1069 6.
865 1028 977 1070 Haec
1009 1028 1079 1069 illo
1113 1028 1216 1069 vivo.
1252 1029 1350 1070 Post
1382 1029 1588 1071 interitum
1624 1036 1756 1074 autem
1780 1033 1876 1075 Cae-

110 1100 224 1152 saris,
273 1106 321 1143 ut
368 1102 544 1157 primum
585 1116 633 1143 ex
675 1107 838 1143 senatus
885 1101 1069 1143 consulto
1102 1116 1242 1143 causas
1275 1102 1459 1144 consules
1492 1118 1729 1159 cognoscere
1762 1106 1877 1148 insti-

109 1178 296 1226 tuerunt,v
336 1174 448 1226 haec,
484 1190 585 1230 quae
619 1190 739 1228 supra
771 1175 928 1230 scripsi,
963 1174 1014 1216 ad
1047 1190 1114 1217 eos
1147 1174 1280 1216 delata
1314 1181 1423 1217 sunt.
1476 1177 1753 1220 Probaverunt
1786 1195 1876 1221 cau-

111 1263 195 1291 sam
227 1249 313 1291 sine
346 1248 430 1290 ulla
459 1247 714 1290 dubitatione
748 1263 869 1303 seque
903 1248 953 1289 ad
988 1254 1027 1289 te
1060 1248 1197 1290 literas
1231 1248 1395 1289 daturos
1428 1252 1512 1290 esse
1545 1248 1747 1293 dixerunt.
1791 1253 1876 1308 Ego

111 1327 259 1374 autem,
303 1322 360 1364 mi
408 1322 595 1372 Plance,‘
615 1321 692 1362 etsi
735 1336 816 1362 non
861 1319 1113 1372 dubitabam,
1158 1321 1258 1377 quin
1307 1326 1348 1361 et
1381 1326 1542 1362 senatus
1576 1324 1800 1366 consultum
1838 1332 1878 1368 et
1899 1344 1928 1368 15

110 1396 174 1437 lex
217 1400 258 1437 et
301 1395 512 1438 consulum
560 1394 766 1436 decretum
809 1409 853 1435 ac
885 1394 1025 1436 literae
1059 1393 1167 1450 apud
1200 1398 1239 1435 te
1272 1393 1489 1450 plurimum
1525 1397 1775 1440 auctoritatis
1809 1399 1877 1441 ha-

110 1468 265 1520 berent,
318 1474 438 1524 teque
471 1468 600 1524 ipsius
634 1467 763 1510 Attici
797 1482 916 1509 causa
950 1466 1048 1509 velle
1082 1467 1372 1517 intellexeram,
1406 1472 1540 1509 tamen
1573 1467 1647 1510 hoc
1681 1486 1752 1526 pro
1784 1487 1876 1514 con-

109 1542 318 1584 iunctione
363 1547 404 1583 et
447 1541 726 1583 benevolentia
759 1546 897 1583 nostra
930 1541 1030 1582 mihi
1064 1541 1229 1596 sumpsi,
1265 1545 1310 1581 ut
1343 1541 1384 1582 id
1419 1556 1441 1581 a
1473 1546 1512 1582 te
1546 1547 1733 1597 peterem,
1768 1546 1876 1600 quod

110 1620 181 1657 tua
226 1615 442 1671 singularis
485 1615 716 1657 humanitas
761 1614 1069 1670 suavissimique
1117 1629 1245 1656 mores
1294 1630 1316 1655 a
1359 1619 1398 1656 te
1443 1620 1576 1656 essent
1608 1616 1875 1672 impetraturi.

110 1689 160 1731 Id
193 1695 327 1732 autem
363 1694 435 1740 est,
470 1694 518 1731 ut
548 1689 639 1740 hoc,
675 1688 782 1743 quod
815 1693 854 1730 te
894 1693 965 1730 tua
1009 1692 1149 1744 sponte
1183 1688 1384 1729 facturum
1419 1703 1502 1730 esse
1537 1693 1644 1730 certo
1678 1690 1773 1741 scio,
1808 1690 1877 1733 ho·
1897 1707 1932 1733 20

108 1763 218 1805 noris
263 1764 391 1805 nostri
439 1779 558 1806 causa
607 1762 792 1814 libenter,
835 1762 1002 1818 prolixe,
1049 1761 1228 1803 celeriter
1272 1761 1407 1803 facias.
1456 1763 1494 1803 7.
1529 1762 1635 1804 Mihi
1667 1778 1783 1805 nemo
1817 1770 1878 1807 est

110 1837 274 1880 amicior
306 1852 381 1879 1100
413 1837 628 1880 1110111111101·
661 1851 734 1878 1100
768 1836 896 1878 carior
930 1837 1082 1887 Attico,
1117 1836 1233 1877 cuius
1267 1840 1384 1877 antea
1417 1851 1478 1877 res
1511 1836 1638 1877 solum
1668 1836 1876 1880 familiaris

110 1910 304 1966 agebatur
348 1926 473 1966 eaque
516 1926 675 1967 magna,
726 1925 835 1953 nunc
885 1911 1053 1952 accessit
1103 1910 1221 1952 etiam
1257 1909 1513 1960 existimatio,
1548 1914 1607 1962 ut,
1642 1911 1748 1966 quod
1783 1927 1875 1954 con-

111 1989 272 2026 secutus
313 1989 375 2026 est
412 2000 558 2040 magna
602 1989 642 2026 et
673 1984 872 2027 industria
908 1989 948 2026 et
979 1984 1109 2040 gratia
1143 1991 1183 2025 et
1216 1984 1305 2024 vivo
1339 1983 1505 2025 Caesare
1539 1988 1578 2025 et
1611 1990 1782 2037 mortuo,
1832 1986 1874 2027 id

110 2063 150 2099 te
183 2057 400 2100 adiuvante
433 2058 628 2100 obtineat.
663 2058 784 2110 Quod
818 2058 852 2100 si
885 2074 908 2099 a
940 2062 980 2099 te
1014 2058 1090 2099 erit
1113 2056 1395 2113 'impeti-atum,
1430 2057 1486 2098 sic
1521 2057 1638 2100 velim
1657 2059 1873 2110 existimes,
1896 2080 1929 2107 25

110 2147 172 2173 me
213 2131 263 2173 de
302 2136 374 2173 tua
417 2132 659 2174 liberalitate
698 2133 756 2174 ita
804 2133 1178 2188 interpretaturum,
1213 2136 1259 2173 ut
1294 2137 1364 2172 tuo
1398 2146 1553 2173 summo
1586 2131 1779 2174 beneficio
1814 2147 1875 2173 me

109 2207 297 2248 affectum
329 2205 521 2248 iudicem.
556 2206 656 2260 Ego,
692 2220 794 2260 quae
825 2209 865 2246 te
899 2204 999 2246 velle
1033 2219 1214 2259 quaeque
1249 2203 1299 2244 ad
1331 2208 1370 2245 te
1405 2204 1603 2259 pertinere
1637 2204 1874 2251 arbitrabor,

110 2279 289 2321 studiose
323 2278 617 2334 diligenterque
650 2278 811 2321 curabo.
845 2278 909 2321 Da
942 2293 1116 2333 operam,
1151 2282 1196 2318 ut
1228 2277 1373 2318 valeas.

151 2478 303 2510 Libellum
325 2478 518 2520 supplicem.
540 2479 667 2510 Eadem
689 2480 722 2510 vi
745 2480 867 2520 legitur
882 2482 969 2522 apud
1059 2483 1076 2522 ξ
1101 2482 1130 2515 7.
1156 2482 1208 2514 Me
1230 2483 1269 2513 de
1291 2485 1348 2513 tua
1370 2481 1567 2513 liberalitate
1588 2481 1635 2512 ita
1653 2481 1877 2522 interpretatu-

109 2533 307 2566 Suetonium
327 2534 417 2574 Aug.
442 2534 491 2564 53.
517 2532 623 2574 Calig.
648 2534 698 2565 15.
1015 2546 1083 2565 rum
1105 2545 1138 2566 o:
1162 2545 1215 2566 me
1237 2536 1326 2576 quod
1347 2535 1465 2566 attinet
1487 2535 1528 2565 ad
1540 2539 1631 2565 tuam
1642 2533 1876 2565 liberalitatem

153 2589 171 2628 ξ
193 2589 221 2619 5.
245 2587 284 2618 Ei
299 2587 467 2627 neyotioo:
491 2597 571 2628 agro
583 2587 762 2620 Buthrotio
778 2589 966 2621 dividendo.
1015 2589 1050 2620 id
1078 2589 1124 2620 ita
1161 2595 1380 2630 accepturum.
1427 2588 1479 2620 Cf.
1511 2588 1704 2620 Menckenii
1737 2586 1875 2620 Observ.

150 2641 168 2681 ξ
193 2640 222 2672 6.
244 2639 293 2671 Ex
311 2639 400 2672 SCto.
424 2639 474 2672 Cf.
497 2649 548 2681 ep.
570 2640 600 2672 B
621 2640 694 2672 init.
992 2655 993 2684 3
1014 2641 1089 2674 Lat.
1112 2643 1194 2684 ling.
1223 2653 1254 2684 p.
1279 2643 1350 2674 532.

962 2741 1013 2781 Β.

573 2824 760 2863 CICERO
791 2826 992 2864 PLANCO
1022 2826 1202 2865 PRAET.
1233 2826 1339 2864 DES.
1370 2826 1406 2864 S.

173 2923 214 2960 8.
255 2920 342 2962 Iam
389 2925 505 2962 antea
537 2922 663 2976 petivi
696 2921 767 2964 abs
801 2927 841 2964 te
873 2938 942 2978 per
976 2923 1125 2973 literas,
1161 2928 1220 2972 ut,
1257 2936 1380 2975 quum
1413 2935 1533 2961 causa
1566 2917 1870 2959 Buthrotiorum

110 2992 276 3048 probata
308 3008 331 3035 a
362 2994 597 3036 consulibus
631 3001 748 3047 esset,
783 2995 932 3051 quibus
965 3000 1006 3037 et
1038 2995 1126 3050 lege
1159 3001 1200 3036 et
1233 3000 1395 3036 senatus
1428 2991 1611 3034 consulto
1636 2990 1869 3045 permissum

151 3179 169 3221 ξ
192 3181 222 3211 8.
243 3179 378 3211 Decreta
415 3199 442 3204 -
466 3190 546 3221 quae
571 3198 609 3205 -
632 3180 817 3222 interposita
843 3183 915 3210 sant
931 3191 964 3210 a:
984 3182 989 3222 Ι
1010 3179 1093 3211 facta
1115 3186 1202 3214 sunt.
1225 3180 1386 3212 Similiter
1408 3181 1443 3212 in
1466 3178 1577 3210 Pisou.
1601 3179 1620 3209 4
1655 3176 1870 3216 interpositam
