2062 3565
81 940 116 965 10

137 134 222 175 270
538 134 621 175 ΕΡ.
659 133 732 173 ΑΒ
766 133 812 172 Τ.
848 130 1198 171 POMPONIUM
1234 129 1497 171 ATTICUM.

134 283 242 309 nunc
287 267 515 323 reperiet?'’
559 266 670 318 Quid
715 266 903 321 quaeris?
949 265 1104 306 Perisse
1147 265 1280 306 omnia
1327 263 1474 314 aiebat,
1517 264 1624 319 quod
1671 264 1779 306 haud
1824 266 1906 306 scio

134 355 184 381 au
228 341 285 382 ita
329 341 404 392 sit3
451 355 587 381 verum
636 339 704 380 iile
737 337 932 394 gaudens,
967 337 1269 392 affirmabatque
1302 337 1437 378 minus
1470 336 1613 378 diebus
1649 352 1723 380 xx.
1757 338 1907 379 tumul-

133 419 220 456 tum
265 414 484 464 Gallicum,
527 414 571 455 in
615 427 838 454 sermonem
881 427 922 453 se
966 417 1057 467 post
1106 411 1204 453 Idus
1256 411 1378 452 Mart.
1430 415 1706 466 praeterquam
1751 411 1906 467 Lepido

134 489 289 530 venisse
332 487 500 538 nemini,
547 486 597 527 ad
639 501 850 538 summam,
895 501 976 527 non
1021 500 1136 541 posse
1181 486 1259 526 ista
1307 485 1363 526 sic
1413 484 1536 526 abire.
1587 486 1623 527 O
1669 484 1908 540 prudentem

134 563 326 618 Oppium,
377 562 447 615 qui
498 560 626 602 nihilo
675 561 810 602 minus
858 559 973 601 illum
1021 558 1235 609 desiderat,
1285 559 1354 600 sed
1407 559 1585 613 loquitur
1634 558 1751 610 nihil,
1801 557 1909 614 quod

134 651 374 691 quemquam
421 635 572 677 bonum
616 634 807 676 offendat.
859 634 937 676 Sed
981 634 1080 675 haec
1124 633 1332 675 hactenus.
1386 636 1425 674 2.
1471 635 1546 684 Tu,
1596 648 1758 689 quaeso,
1793 632 1910 688 quid-

134 710 231 765 quid
277 709 371 751 novi
406 734 462 738 —-
510 708 634 750 muita
668 713 801 750 autem
835 713 1022 764 exspecto
1058 732 1115 737 —-
1151 707 1323 749 scribere
1358 723 1408 748 ne
1443 708 1613 762 pigrere.
1664 707 1713 748 In
1746 706 1824 756 his,
1860 705 1909 746 de

135 783 254 823 Sexto
298 783 446 824 satisne
493 787 661 832 certum,
708 782 879 823 maxime
925 786 1059 822 autem
1104 780 1152 821 de
1199 781 1326 822 Bruto
1362 786 1512 831 nostro,
1550 780 1598 821 de
1635 795 1714 835 quo
1749 779 1911 834 quidem

134 854 215 905 ille,
251 855 300 896 ad
335 871 453 910 quem
488 855 654 905 deverti,
689 855 899 897 Caesarem
934 854 1096 895 solitum
1144 854 1291 904 dicere,
1334 882 1353 904 ΙΙ
1370 854 1511 908 Magni
1544 853 1678 904 refert,
1714 853 1779 894 hic
1812 853 1910 908 quid

137 927 245 977 velit,
295 928 361 970 sed
412 928 610 984 quidquid
659 930 760 979 vult,
796 929 909 970 valde
947 928 1088 969 vult:'’
1122 928 1244 982 idque
1279 944 1370 969 eum
1406 927 1750 975 animadvertisse,
1786 941 1910 981 quum

178 1107 197 1135 3
222 1105 331 1146 Lepidi
353 1123 394 1128 -

139 1263 213 1295 libri
237 1274 353 1296 omnes
375 1265 516 1306 scriptae
540 1272 618 1298 sunt
642 1267 720 1299 inde
743 1268 881 1300 aNonis
893 1269 1002 1310 April.
1028 1273 1029 1310 ᾗ

139 1327 241 1358 usque
263 1319 305 1349 ad
334 1319 384 1349 Id.
407 1318 526 1350 Maias.
551 1319 698 1352 Primam
722 1322 851 1363 scripsit
873 1322 906 1353 in
930 1323 1003 1353 sub·
1028 1332 1029 1363 ᾖ

136 1372 264 1403 urbano
287 1371 323 1404 C.
347 1372 454 1410 Mani,
477 1374 519 1404 ad
541 1383 640 1415 quem
676 1376 877 1413 deverteram
914 1377 1003 1416 quod
1028 1370 1030 1384 ³

138 1426 338 1467 intelligitur
364 1436 407 1458 ex
431 1427 481 1464 iis,
504 1436 587 1468 quae
617 1429 752 1460 nomine
774 1429 885 1461 addito
907 1430 1004 1471 scrip-

138 1480 180 1512 sit
202 1490 251 1522 ep.
275 1482 304 1518 3,
329 1481 345 1512 1
369 1487 403 1512 et
424 1483 454 1519 4,
478 1482 494 1512 l
518 1482 551 1513 h.
575 1483 596 1513 l.

181 1533 273 1566 Nihil
290 1534 456 1576 perditius.
483 1534 531 1567 cf.
557 1536 657 1567 vni.
684 1537 731 1575 11,
758 1540 788 1568 4.
814 1537 876 1569 XI.
904 1539 952 1576 18,
975 1539 1005 1569 2.
1028 1532 1030 1538 ’

137 1587 174 1619 Si
197 1588 366 1619 Ciceronis
388 1593 475 1626 sunt,
499 1589 648 1621 indicant
668 1590 758 1621 illum
780 1601 816 1622 0:
842 1591 878 1622 C.
908 1592 1005 1622 Mati·
1028 1581 1030 1589 ⁴

138 1651 195 1672 um
218 1651 285 1672 non
309 1651 379 1673 esse
405 1642 564 1673 bonarum
587 1644 739 1684 partium.
764 1643 800 1675 Si
823 1645 928 1676 Matio
952 1645 1005 1675 tri-

139 1695 195 1726 bui
228 1695 358 1733 debent,
395 1697 484 1737 quod
523 1697 606 1728 mihi
640 1704 751 1730 tamen
789 1709 856 1730 non
887 1699 1003 1740 placet,

137 1753 214 1779 sunt
250 1749 403 1789 negantis
441 1758 543 1790 remp.
582 1756 655 1791 post
686 1752 835 1783 Caesaris
864 1758 1005 1783 mortem

138 1806 226 1832 stare
248 1811 353 1842 posse.

189 1854 298 1886 Verum
321 1856 378 1887 ille
397 1857 552 1898 pandens.
575 1858 612 1889 C.
636 1858 761 1890 Matius
774 1860 909 1891 caedem
925 1858 1004 1892 Cae·
1027 1854 1029 1874 ³

140 1909 231 1946 saris,
254 1919 399 1950 quocum
422 1911 693 1944 coniunctissime
715 1913 855 1949 vixerat.
870 1914 1005 1945 dolebat

140 1967 237 2003 atque
260 1963 404 2004 optabat,
428 1968 464 1995 ut
485 1965 673 1996 coniuratos
696 1966 747 1996 sui
769 1965 846 1997 facti
859 1967 1003 2007 poenite-

140 2025 199 2054 ret,
223 2017 280 2047 sed
302 2026 404 2058 remp.
427 2018 554 2049 salvam
579 2027 649 2050 esse
671 2019 833 2060 cupiebat,
856 2026 894 2051 ut
908 2030 1003 2061 appar

140 2076 190 2101 ret
213 2080 230 2101 e
252 2071 419 2111 praeclara
447 2071 517 2103 eius
547 2073 588 2103 ad
610 2073 657 2103 M.
682 2073 832 2105 Tullium
855 2074 1003 2115 epistola,

139 2122 233 2154 Fam.
263 2123 326 2154 XI.
356 2124 406 2155 28.
437 2124 588 2165 Iniquius
616 2125 718 2166 igitur
747 2126 864 2158 Cicero
893 2128 934 2158 de
965 2137 1005 2158 eo

140 2177 272 2208 iudicat.

183 2228 356 2260 Tumultum
381 2230 548 2261 Gallicum.
572 2231 624 2263 Cf.
649 2241 697 2272 ep.
720 2233 750 2270 4,
776 2233 802 2263 1.
828 2232 893 2264 Sed
915 2232 1005 2264 Galli

138 2286 271 2322 praeter
293 2291 385 2322 spem
407 2283 449 2313 ab
471 2284 571 2314 armis
594 2284 839 2316 abstinuerunt.
864 2286 940 2316 Vid.
954 2296 1003 2327 ep.

140 2336 159 2366 9
183 2341 269 2367 extr.

182 2389 222 2420 In
243 2399 414 2421 sermonem
435 2401 468 2421 se
491 2410 530 2415 —
548 2402 598 2432 pr.
610 2392 729 2433 Lepido
745 2393 866 2424 venisse
877 2394 1004 2424 nemini.

140 2444 195 2475 Ex
225 2453 292 2475 uno
327 2444 449 2476 Faerni
471 2446 584 2477 codice
606 2446 741 2477 affertur
764 2446 890 2487 Lepido,
914 2449 1004 2488 quod
1028 2432 1031 2490 1

140 2505 251 2530 tamen
264 2500 316 2531 vel
330 2509 348 2531 e
360 2500 551 2532 coniectura
562 2499 789 2542 recipiendum
798 2507 866 2534 erat
874 2508 1005 2544 propter

141 2563 281 2595 sequens
303 2554 430 2592 nemini,
455 2556 543 2595 quod
564 2556 598 2587 in
621 2557 775 2588 omnibus
797 2557 892 2588 libris
916 2558 1004 2589 inve-

142 2607 241 2638 nitur.
264 2607 351 2638 Nam
375 2609 552 2648 quominus
575 2610 756 2641 scribamus
778 2611 889 2652 Lepidi
904 2622 1004 2642 -ne-

141 2661 234 2693 minis
255 2662 408 2703 prohibet
430 2673 507 2694 usus
530 2663 708 2703 Ciceronis,
725 2666 758 2696 in
772 2666 865 2697 cuius
878 2667 1005 2708 scriptis

143 2716 309 2757 genitivus
342 2716 476 2748 neminis
509 2728 577 2749 non
610 2719 743 2759 legitur,
776 2720 841 2751 nisi
862 2720 947 2752 forte
970 2721 1004 2752 in

143 2769 300 2801 Caeliana
328 2770 378 2808 56,
401 2771 458 2801 ubi
503 2778 611 2804 tamen
640 2774 717 2804 libri
744 2775 856 2815 scripti
889 2784 1005 2806 omnes

142 2823 284 2855 habent:
307 2823 402 2854 sillia
422 2824 539 2855 nemini
561 2837 669 2857 nomen
692 2827 867 2858 detulisset.
891 2828 1006 2867 Quum

143 2882 255 2909 autem
276 2877 453 2909 dicendum
475 2885 559 2910 esset
580 2880 717 2911 alieuius·
739 2892 847 2912 nomen
869 2882 1005 2922 deferre,

144 2941 211 2962 non
236 2931 336 2964 alicui
357 2943 466 2964 nomen
490 2933 628 2974 deferre,
652 2941 778 2968 veteres
793 2937 934 2968 editores
947 2947 1006 2978 pro

144 2986 256 3017 dativo
278 2993 459 3027 posuerunt
480 2989 678 3028 genitivum.
701 2989 768 3021 Sed
783 2999 857 3021 ecce
870 2991 1006 3032 palimp-

145 3044 250 3070 sestus
272 3040 489 3072 Taurinensis
518 3041 652 3073 insolita
681 3042 788 3073 forma
811 3042 1007 3075 Ciceronem

145 3091 309 3129 liberavit,
331 3092 366 3123 in
390 3102 457 3133 quo
479 3093 524 3124 ita
546 3094 704 3135 scriptum
726 3099 791 3126 est:
812 3095 842 3125 ,π’
863 3095 914 3126 hie
935 3095 1006 3126 nul-

146 3143 208 3173 lius
231 3154 337 3175 nomen
368 3145 545 3177 detulisses.
578 3147 690 3188 Atque
720 3146 914 3179 Ciceronem
939 3158 1005 3178 non

1050 1279 1146 1301 usum
1177 1279 1247 1301 esse
1281 1269 1430 1310 genitivo
1461 1269 1594 1300 neminis
1616 1270 1737 1300 docent
1759 1269 1915 1310 quodam-

1050 1323 1149 1354 modo
1171 1322 1289 1354 Festus
1312 1333 1342 1363 p.
1368 1322 1427 1353 162
1449 1327 1481 1353 et
1502 1322 1632 1353 Nonius
1662 1332 1694 1362 p.
1718 1321 1788 1359 143,
1811 1331 1915 1362 quum

1050 1377 1147 1408 huius
1182 1377 1306 1408 formae
1337 1377 1490 1417 exempla
1521 1376 1660 1408 afferant
1692 1386 1710 1408 e
1733 1375 1858 1408 Catone
1881 1382 1914 1408 et

1028 1442 1030 1470 ¹:
1050 1431 1193 1471 antiquis
1215 1431 1330 1471 poetis.
1355 1431 1449 1461 Idem
1471 1430 1559 1461 valet
1571 1430 1610 1461 de
1624 1430 1768 1461 ablativo
1780 1429 1913 1467 nemine,

1028 1503 1030 1521 s
1050 1486 1106 1527 qui
1129 1495 1196 1516 uno
1219 1485 1292 1516 loco
1314 1485 1430 1516 nititur
1453 1494 1496 1516 ex
1519 1490 1601 1515 orat.
1623 1484 1658 1515 in
1678 1489 1756 1525 toga
1773 1484 1914 1515 candida

1052 1549 1082 1579 p.
1107 1539 1157 1575 93,
1181 1538 1221 1568 18
1243 1537 1383 1568 Asconii
1406 1536 1518 1574 Orell.,
1542 1537 1598 1568 ubi
1621 1542 1732 1568 tamen
1745 1537 1846 1568 verba
1860 1536 1912 1568 On.

1030 1592 1168 1623 ,Pisone
1203 1591 1286 1622 socio
1320 1601 1417 1633 neque
1449 1590 1515 1622 alio
1550 1592 1672 1622 nemine
1702 1601 1720 1622 a
1753 1590 1914 1623 Cicerone

1051 1647 1139 1677 dicta
1171 1645 1271 1676 fuisse
1301 1655 1359 1686 pro
1396 1644 1450 1675 Cn.
1484 1643 1596 1675 Pisone
1617 1645 1700 1675 socio
1721 1647 1816 1686 atque
1837 1644 1913 1675 aliis

1051 1699 1215 1731 nonnullis
1253 1700 1402 1730 nondum
1439 1699 1547 1730 credo.
1584 1698 1713 1730 Nomine
1741 1699 1914 1730 invenitur

1030 1744 1138 1796 'apud
1167 1754 1323 1785 Plautum
1353 1754 1387 1784 in
1418 1752 1497 1784 cist.
1529 1754 1556 1784 1.
1586 1753 1613 1790 1,
1644 1753 1694 1784 89.
1724 1753 1798 1784 Mu.
1821 1751 1911 1784 Glor.

1028 1835 1029 1838 ¹
1052 1811 1114 1842 IV.
1138 1810 1166 1848 2,
1191 1810 1240 1843 70.
1264 1809 1448 1850 Scriptores
1471 1814 1547 1840 ante
1565 1809 1718 1840 Tacitum
1728 1809 1790 1839 hac
1805 1807 1912 1839 forma

1050 1865 1295 1896 abstinuerunt.

1093 1918 1146 1949 Ad
1174 1927 1320 1948 summam
1351 1926 1384 1947 o:
1403 1917 1436 1947 in
1471 1916 1662 1947 universum
1693 1916 1811 1947 aiebat.
1832 1915 1913 1946 Illu-

1050 1972 1164 2003 stravit
1192 1972 1278 2002 hanc
1301 1971 1502 2002 locutionem
1532 1970 1686 2002 Handius
1708 1970 1743 2002 in
1766 1971 1860 2002 Turs.
1884 1971 1913 2003 Ι.

1050 2038 1070 2068 p
1115 2026 1174 2057 130
1204 2035 1253 2066 sq.
1285 2032 1317 2057 et
1345 2025 1471 2056 similes
1501 2025 1658 2056 formulas
1686 2025 1721 2055 in
1742 2035 1860 2056 summa
1882 2031 1914 2057 et

1049 2080 1084 2111 in
1105 2089 1251 2110 summam
1273 2079 1476 2119 comparavit
1498 2078 1576 2109 ibid.
1602 2079 1668 2109 III.
1681 2089 1710 2119 p.
1727 2078 1799 2110 264.
1822 2079 1911 2110 Non-

1050 2142 1221 2173 nunquam
1243 2131 1288 2162 ad
1306 2140 1453 2162 summam
1478 2131 1564 2162 idem
1587 2138 1636 2163 est
1658 2141 1695 2162 ac
1717 2131 1860 2173 denique,
1877 2138 1913 2164 ut

1051 2197 1149 2228 supra
1170 2186 1251 2217 VII.
1274 2185 1302 2222 7,
1326 2184 1354 2218 7.

1092 2239 1162 2270 Non
1177 2248 1270 2280 posse
1298 2238 1361 2268 ista
1385 2238 1432 2268 sic
1461 2238 1548 2269 abire
1570 2249 1602 2269 o:
1628 2249 1694 2270 non
1717 2250 1812 2281 posse
1834 2240 1913 2272 Cae-

1051 2294 1132 2325 saris
1154 2293 1287 2324 caedem
1304 2291 1445 2322 inultam
1462 2302 1605 2324 manere.
1631 2293 1720 2324 Usus
1733 2300 1782 2325 est
1798 2295 1911 2326 eadem

1052 2347 1217 2379 locutione
1239 2347 1279 2379 de
1301 2347 1379 2378 Fin.
1404 2345 1446 2376 V.
1470 2345 1498 2383 7,
1511 2353 1548 2377 ut
1561 2346 1737 2378 Terentius
1756 2347 1864 2379 Andr.
1885 2348 1911 2379 Ι.

1052 2403 1081 2441 2,
1103 2405 1124 2434 4
1146 2402 1283 2434 mirabar
1306 2403 1363 2433 hoc
1384 2402 1412 2433 εἰ
1434 2402 1478 2432 sie
1501 2401 1600 2433 abiret
1624 2408 1656 2433 et
1676 2401 1797 2434 Catull.
1812 2412 1912 2434 carm.

1054 2458 1092 2488 14
1114 2467 1176 2488 non
1203 2457 1259 2487 hoe
1282 2455 1338 2486 tibi
1355 2475 1397 2480 —
1410 2455 1457 2486 sie
1478 2455 1584 2487 abibit.

1096 2511 1121 2541 O
1140 2511 1324 2551 prudentem
1351 2510 1489 2550 Oppium.
1518 2510 1618 2542 Recte
1640 2509 1785 2542 Orellius
1808 2510 1843 2541 in
1869 2511 1913 2542 al-

1051 2570 1120 2596 tera
1150 2564 1227 2595 edit.
1256 2563 1424 2595 revocavit
1452 2564 1546 2594 codd.
1577 2563 1782 2604 scripturam,
1805 2568 1914 2605 spreta

1052 2619 1184 2650 Ernesti
1213 2618 1399 2659 suspicione
1424 2617 1604 2658 pudentem.
1642 2618 1729 2649 Nam
1760 2628 1845 2660 quae
1865 2629 1912 2651 se·

1051 2679 1198 2715 quuntur
1219 2673 1317 2714 Oppii
1340 2673 1548 2714 prudentiam
1570 2673 1744 2705 manifesto
1758 2680 1912 2715 arguunt,

1051 2728 1109 2768 qui
1130 2726 1358 2758 dissimulabat
1379 2726 1527 2757 dolorem
1549 2736 1567 2757 e
1589 2736 1669 2758 nece
1693 2726 1842 2760 Caesaris
1861 2738 1910 2759 ac-

1052 2786 1194 2821 ceptum.

1095 2833 1113 2872 §
1136 2833 1155 2863 2
1187 2831 1236 2862 De
1257 2831 1350 2862 Sea-lo
1371 2832 1492 2863 satisne
1515 2834 1631 2863 certum
1653 2842 1686 2864 o:
1710 2834 1834 2866 satisne
1844 2844 1914 2866 cer-

1053 2895 1124 2918 tum
1147 2891 1231 2918 esset
1267 2885 1408 2917 Sextum
1430 2886 1627 2927 Pompeium
1649 2887 1682 2918 in
1707 2889 1807 2919 armis
1830 2898 1910 2921 esse.

1052 2950 1101 2982 ep.
1124 2941 1154 2977 4,
1179 2940 1208 2970 1.
1230 2941 1258 2974 8,
1283 2940 1311 2970 2.
1335 2940 1497 2980 imprimis
1520 2941 1568 2978 13,
1592 2941 1622 2971 2.

1095 2992 1142 3023 De
1164 2992 1276 3028 Bruto,
1299 2992 1357 3023 ubi
1379 2993 1422 3023 sit
1443 2997 1477 3024 et
1498 2992 1579 3034 quid
1600 2998 1684 3034 agat.

1096 3046 1251 3087 Quicquid
1270 3047 1347 3083 vult,
1369 3047 1464 3078 valde
1484 3046 1564 3078 vult.
1597 3047 1760 3080 Praesens
1784 3054 1911 3091 tempus

1052 3103 1161 3131 tuetur
1190 3099 1390 3131 Plutarchus
1419 3099 1454 3130 in
1477 3100 1592 3137 Bruto,
1617 3100 1635 3130 6
1657 3100 1745 3133 idem
1764 3107 1802 3133 ut
1823 3103 1912 3135 vide-

1052 3158 1103 3183 tur
1132 3151 1279 3183 Caesaris
1311 3152 1351 3182 de
1387 3152 1490 3183 Bruto
1519 3152 1642 3185 dictum
1676 3155 1718 3185 ita
1749 3155 1909 3187 referens:
