2062 3565
735 171 840 214 HR.
877 172 968 213 XV.
1009 170 1088 214 ΕΡ.
1130 172 1165 211 1.
1204 176 1243 212 2.
1784 176 1869 213 :305

97 307 137 348 in
187 321 331 361 genere
381 307 533 349 Brutus
585 314 718 350 noster
771 324 854 350 esse
905 308 991 349 vult
1034 314 1074 348 ct
1107 307 1213 363 quod
1249 307 1443 349 iudicium
1483 308 1603 350 habet
1636 308 1684 349 dv
1719 309 1870 364 optimo

95 395 238 435 genere
289 380 464 430 dicendi,
512 382 553 423 id
595 383 651 424 ita
697 387 936 424 consecutus
967 388 1027 422 est
1060 383 1101 423 in
1136 398 1182 423 ca
1215 382 1412 433 oratione,
1447 388 1493 424 ut
1526 383 1752 438 elegantius
1786 400 1870 425 esso

97 453 198 495 nihil
247 454 386 509 possit.
442 455 518 495 Sed
568 471 640 511 ego
675 460 836 498 secutus
870 455 979 497 aliud
1015 470 1117 505 sum,
1153 455 1234 496 sive
1268 455 1343 495 hoc
1378 460 1484 497 recte
1520 457 1601 498 sive
1635 471 1714 497 non
1751 461 1870 497 recte.

96 527 158 568 'Pu
191 531 327 568 tamen
361 528 478 570 velim
522 530 742 571 orationem
788 530 909 584 legas,
944 529 1022 570 nisi
1057 529 1157 570 forte
1192 529 1270 570 iam
1306 529 1452 584 legisti,
1488 530 1774 585 certioremque
1811 546 1871 571 me

98 600 221 642 facias
272 601 370 655 quid
421 601 577 643 iudices
624 603 723 658 ipse.
779 602 1030 657 Quamquam
1078 617 1214 643 vercor
1257 618 1307 643 ne
1352 604 1588 657 cognomine
1633 608 1703 644 to
1737 603 1872 658 lapsus
1913 614 1926 639 ⁵

98 658 424 733 ὐπ’τεραττικὸς
469 675 523 716 sis
566 675 608 716 in
642 674 875 716 iudicando.
923 675 998 716 Sed
1035 676 1068 716 si
1101 674 1360 716 recordabere
1400 675 1763 733 Λημοσθένους
1799 677 1872 717 1111-

99 747 219 797 mina,
269 752 356 788 tum
401 747 604 803 intelliges
649 764 763 804 posse
808 754 848 789 et
893 746 1215 791 ἅττικώτατα
1251 749 1482 804 gravissime
1517 750 1611 791 (lici.
1663 751 1737 793 Sed
1778 752 1871 792 have

98 835 243 861 coram.
279 820 401 862 Nunc
436 835 509 861 nec
544 821 631 862 sine
666 822 837 877 epistola.
871 838 943 862 nec
980 837 1069 863 cum
1106 822 1217 863 inani
1253 822 1418 877 epistola
1455 823 1560 864 volui
1582 823 1629 864 ad
1656 830 1694 864 tv
1725 824 1871 865 Met-1«,-

98 892 242 934 dorum
275 894 425 935 venire.

140 1057 158 1088 3
181 1057 244 1090 Sed
265 1068 320 1098 eqo
342 1061 360 1097 †
381 1059 468 1090 solus
491 1059 585 1092 aliud
606 1079 647 1085 —

143 1218 206 1249 Sed
226 1229 281 1260 eqo
303 1222 430 1250 secutus
462 1219 556 1251 aliud
586 1230 662 1251 sum.
708 1221 784 1251 Non
813 1220 964 1251 dubitavi
989 1229 990 1234 ¹
1013 1218 1117 1249 fendit
1140 1218 1173 1248 in
1197 1223 1276 1259 part.
1300 1219 1410 1260 lapsus
1440 1220 1473 1250 in
1509 1220 1575 1251 illis
1609 1221 1737 1252 verbis:
1769 1232 1876 1263 coqne-

103 1269 246 1310 recipere
268 1270 354 1302 hene
377 1280 485 1303 meam
515 1272 748 1308 coniecturam,
779 1280 864 1313 quae
886 1281 964 1302 con-
988 1287 990 1290 v
1012 1272 1093 1303 mine
1115 1275 1168 1303 tuo
1190 1273 1309 1312 lapsus.
1345 1272 1446 1312 Quod
1480 1275 1635 1315 proponit
1664 1278 1776 1315 captus
1810 1287 1875 1307 non

102 1324 249 1354 firmatur
272 1323 326 1354 Pii
348 1325 528 1356 codicibus.
562 1325 603 1356 In
627 1325 716 1357 Med.
741 1329 772 1357 et
793 1333 818 1378 ψ
851 1325 964 1356 inven-
988 1353 990 1373 Ι
1012 1327 1191 1357 admodum
1213 1327 1331 1367 placet.
1362 1327 1486 1359 Fuitne
1519 1329 1662 1359 abusus?
1693 1328 1788 1360 Certe
1819 1331 1877 1370 qui

102 1382 172 1408 tum
195 1383 242 1409 est
264 1378 352 1409 solus
362 1378 462 1417 aliud,
475 1380 564 1410 unde
580 1385 708 1411 veteres
721 1380 862 1411 editores
877 1379 965 1410 male
988 1390 989 1394 ¹
1012 1378 1116 1409 Attici
1149 1379 1285 1410 nomine
1325 1379 1480 1417 abutitur,
1525 1377 1754 1426 ὑπεραττικός
1807 1383 1877 1414 fieri

102 1431 250 1464 fecerunt
272 1433 359 1464 solus
380 1433 475 1465 alius.
499 1434 616 1476 Neque
638 1434 827 1466 verosimile
839 1439 888 1466 est
902 1435 965 1466 hoe
987 1424 990 1470 1
1013 1446 1080 1467 non
1116 1435 1203 1466 male
1233 1435 1372 1470 dicetur.
1404 1454 1445 1460 —
1467 1437 1507 1467 In
1541 1437 1668 1468 verbis:
1706 1441 1739 1469 lu
1773 1441 1875 1470 tamen

100 1492 292 1528 corruptum
314 1497 384 1519 esse
407 1498 450 1520 ex
472 1491 558 1519 totus
580 1488 675 1527 alius,
699 1495 755 1520 aut
769 1488 965 1521 Ciceronem
987 1505 990 1535 1
1012 1489 1103 1521 velim
1134 1490 1306 1521 orationem
1340 1491 1430 1532 leqas
1462 1501 1505 1522 ex
1541 1501 1589 1530 eo,
1620 1494 1708 1534 quod
1739 1494 1828 1525 Med.
1859 1505 1877 1524 a

101 1540 268 1581 scripsisse
289 1535 369 1578 ’ὅλος
391 1541 486 1579 alius,
509 1552 593 1583 quae
616 1548 685 1574 erat
706 1542 878 1573 Tunstalli
897 1541 964 1582 opi·
987 1538 989 1579 Ξ
1012 1545 1118 1586 prima
1140 1554 1242 1575 lna-nu
1264 1545 1382 1576 habet:
1407 1547 1441 1575 tu
1464 1548 1568 1576 tamen
1592 1546 1681 1577 velim
1706 1549 1740 1577 Ιιι
1760 1549 1877 1579 oralio-

102 1597 166 1633 nio,
189 1597 293 1638 Epist.
320 1599 360 1629 ad
383 1598 534 1630 Middlet.
558 1609 587 1640 p.
602 1599 674 1630 205.
698 1599 829 1630 Horum
840 1604 964 1630 utrum·
987 1581 989 1624 Ι
1012 1609 1079 1629 nem
1102 1599 1124 1629 l.
1148 1598 1351 1630 Buchelerus
1375 1599 1410 1630 in
1433 1599 1522 1631 Mus.
1545 1600 1653 1631 Rhen.
1681 1600 1743 1632 XI.
1769 1612 1797 1642 p.
1815 1604 1877 1633 530

100 1651 149 1683 vis
162 1656 274 1683 tamen
286 1652 485 1694 praeferrem
502 1653 628 1684 Moseri
638 1653 835 1684 correctioni
845 1652 962 1694 Symb.
985 1645 988 1682 Ι
1011 1652 1194 1694 suspicatus
1229 1659 1278 1684 est
1317 1657 1390 1694 post
1426 1654 1515 1685 velim
1558 1655 1771 1687 inserendum
1807 1667 1876 1688 esse

102 1705 181 1736 Crit.
208 1705 289 1737 VlI.
312 1717 344 1748 p.
366 1708 396 1738 4Α
421 1707 479 1748 qui
510 1707 595 1738 inter
625 1718 680 1749 eqo
712 1707 798 1738 solus
828 1707 964 1748 putabat
1011 1707 1085 1737 item
1094 1720 1104 1742 ;
1129 1706 1268 1738 fortasse
1292 1717 1380 1739 vere.

100 1770 161 1790 non
185 1760 408 1792 inserendum.
443 1761 491 1792 At
513 1762 630 1793 merito
661 1763 748 1793 idem
772 1762 814 1793 V.
841 1761 882 1792 D.
917 1760 962 1791 of·
985 1758 987 1765 ¹

722 1903 785 1945 Π.
852 1904 917 1957 (A.
959 1903 1004 1948 U.
1044 1907 1085 1948 C.
1124 1907 1242 1961 710.)

166 2044 204 2084 1.
240 2057 312 2085 xv.
350 2043 524 2085 Kalend.
559 2058 580 2084 e
614 2043 858 2085 Sinuessano
898 2044 1153 2100 proficiscens
1188 2060 1313 2100 quum
1347 2045 1546 2088 dedissem
1581 2047 1632 2089 ad
1666 2053 1705 2090 te
1740 2049 1875 2090 literas

100 2115 437 2174 devertissemque
481 2119 507 2162 †
541 2118 715 2168 acutius,
760 2118 802 2160 in
848 2118 1022 2160 Vescino
1062 2119 1198 2174 accepi
1231 2134 1253 2160 a
1287 2119 1494 2161 tabellario
1525 2125 1617 2162 tuas
1649 2122 1798 2172 literas,
1833 2124 1875 2164 in

100 2190 248 2245 quibus
281 2192 403 2233 nimis
438 2191 564 2233 multa
598 2191 647 2232 de
680 2191 896 2233 Buthroto.
933 2192 1027 2233 Non
1062 2193 1170 2234 enim
1204 2192 1281 2234 tibi
1315 2209 1362 2235 ea
1394 2210 1454 2235 res
1488 2195 1630 2237 maiori
1664 2211 1781 2237 curae
1805 2200 1876 2238 aut

98 2269 159 2305 est
190 2270 261 2306 aut
294 2266 371 2306 erit
405 2280 522 2320 quam
559 2266 672 2308 mihi.
727 2266 795 2308 Sic
832 2266 941 2307 enim
977 2266 1092 2308 decet
1124 2272 1163 2308 te
1198 2282 1286 2308 mea
1320 2283 1472 2319 curare,
1507 2274 1578 2310 tua
1611 2285 1688 2311 me.
1722 2270 1874 2316 Quam·
1913 2289 1927 2314 ε

100 2336 236 2378 obrem
286 2338 329 2379 id
374 2338 537 2394 quidem
582 2339 638 2380 sic
686 2344 916 2395 susceptum
951 2344 1012 2380 est
1044 2339 1158 2390 mihi,
1196 2347 1244 2381 ut
1276 2340 1379 2382 nihil
1412 2342 1486 2382 sim
1521 2341 1735 2384 habiturus
1769 2345 1871 2385 anti-

103 2410 236 2465 quius.
273 2414 313 2452 2.
347 2411 396 2452 L,
433 2412 656 2453 Antonium
690 2413 969 2454 contionatum
999 2428 1083 2454 esse
1117 2414 1287 2468 cognovi
1319 2414 1402 2455 tuis
1433 2414 1560 2456 literis
1593 2421 1633 2457 et
1668 2417 1756 2458 aliis
1791 2433 1871 2458 sor-

101 2483 207 2534 dide,
253 2484 322 2526 sed
366 2484 408 2526 id
451 2484 567 2539 quale
611 2484 733 2526 fuerit
773 2485 932 2536 nescio;
981 2485 1085 2526 nihil
1119 2487 1224 2528 enim
1259 2487 1468 2543 scripsisti.
1522 2488 1581 2530 De
1615 2490 1868 2537 Menedemo,

141 2664 159 2693 3
182 2662 443 2702 devertissemque
467 2672 488 2692 a
513 2660 615 2692 Cumis
637 2677 679 2683 -

140 2822 158 2862 ἓ
185 2821 214 2854 l.
238 2819 509 2863 Devertissemque
530 2822 547 2856 †
569 2822 704 2853 acutius.
728 2821 842 2864 Vulgo
854 2823 962 2855 editur
1009 2823 1111 2854 turnis
1132 2823 1166 2855 in
1195 2823 1335 2856 Vescino.
1359 2824 1408 2857 Cf.
1433 2824 1531 2856 XVI.
1557 2826 1605 2863 10,
1631 2826 1659 2857 1.
1704 2826 1743 2856 In
1779 2826 1870 2856 Med·

99 2887 118 2907 a
143 2876 253 2914 Cumis,
277 2877 366 2918 quod
388 2876 509 2908 falsum
533 2880 590 2908 est.
630 2877 718 2908 Nam
747 2876 912 2909 devertere
941 2890 961 2910 a
1009 2889 1110 2920 quum
1134 2890 1201 2912 non
1225 2892 1244 2911 a
1268 2880 1380 2919 Cumis,
1404 2882 1460 2912 sed
1483 2881 1608 2912 acutius
1619 2882 1777 2921 scriptum
1798 2890 1867 2911 esse

97 2929 165 2961 loco
187 2940 256 2961 non
279 2936 328 2961 est
349 2929 518 2967 Latinum,
554 2934 586 2961 et
610 2929 723 2962 Cumae
745 2931 878 2972 longius
909 2933 962 2963 ab·
1009 2932 1148 2970 dicatur,
1172 2943 1234 2974 ego
1257 2934 1366 2974 potius
1389 2933 1538 2974 suspicor
1559 2934 1593 2964 in
1618 2943 1656 2965 eo
1681 2934 1779 2964 latere
1814 2944 1868 2963 no-

99 2988 177 3015 sunt
199 2984 240 3014 ab
261 2983 302 3014 iis
324 2983 416 3021 locis,
439 2983 496 3014 ubi
521 2988 592 3015 tum
615 2990 684 3016 erat
715 2984 831 3017 Cicero
861 2996 879 3017 e
908 2986 957 3018 Si·
987 2994 989 2999 ⁴
1010 2997 1087 3019 men
1107 2988 1257 3030 hospitis,
1282 2990 1323 3020 ad
1345 2998 1442 3030 quem
1467 2989 1500 3019 in
1525 2989 1641 3020 itinere
1676 2990 1867 3024 deverterat,

100 3046 262 3069 nuessano
290 3037 459 3078 Arpinum
491 3037 710 3078 proficiscens,
740 3048 788 3081 ep.
829 3040 843 3070 1
878 3041 909 3071 b.
933 3041 960 3071 1.
1011 3041 1101 3073 velut
1122 3042 1168 3074 ad
1194 3041 1339 3074 Vettium.

1052 3095 1071 3135 ξ
1094 3095 1123 3126 2.
1147 3095 1195 3126 De
1219 3095 1410 3132 Menedemo,
1427 3095 1533 3136 probe.
1556 3095 1801 3131 Menedemum,
1816 3104 1866 3126 ne·

99 3090 194 3121 Idem
216 3089 405 3121 observavit
426 3089 453 3120 1.
476 3089 515 3121 F.
537 3089 726 3122 Gronovius
750 3098 782 3124 et
809 3093 856 3124 ob
893 3092 964 3123 Ves-

99 3143 163 3175 cini
185 3143 398 3181 mentionem,
430 3143 487 3184 qui
509 3149 579 3175 erat
601 3154 680 3185 ager
711 3155 780 3177 nou
813 3146 914 3188 longe
944 3157 963 3178 a
1009 3149 1205 3189 quissimum
1227 3149 1437 3185 Graeculum,
1461 3159 1479 3179 a
1503 3148 1641 3179 Caesare
1664 3148 1796 3179 civitate
1815 3149 1869 3178 ‹lo-

99 3196 281 3227 Minturnis
299 3196 418 3234 corrigi
438 3196 586 3228 volebat:
606 3197 864 3239 devertis-remque
883 3199 961 3229 mn-
1012 3207 1138 3239 nntum,
1156 3207 1233 3232 111111Ί
1257 3202 1361 3232 securi
1386 3211 1573 3241 percussum
1599 3210 1677 3236 esse,
1703 3210 1742 3231 ex
1768 3201 1869 3231 Hirtii

164 3252 221 3294 Il.
1628 3260 1681 3296 :20
