2062 3565
142 594 154 616 5
174 597 269 631 sem,

126 957 159 982 10

128 1330 158 1355 15

126 1697 161 1722 20

183 158 237 194 94
579 153 661 194 ΕΡ.
699 155 731 192 A
743 152 772 191 1)
806 152 851 191 Τ.
889 149 1237 191 POMPONH‘M
1273 150 1534 191 ATTICUM.

178 289 288 330 tiam.
325 290 435 330 Haec
470 288 551 328 sive
585 286 793 328 iracundia
826 286 908 326 sive
942 284 1077 324 dolore
1111 284 1192 326 sive
1228 290 1337 325 metu
1370 295 1574 340 permotus
1607 287 1768 340 gravius
1790 287 1944 341 scripsi,

179 378 296 416 quam
331 370 401 403 aut
433 368 529 402 tuus
562 361 605 401 in
637 360 751 400 illum
786 374 896 400 amor
929 364 1000 400 aut
1020 373 1135 399 meus
1156 357 1401 413 postulabat.
1438 359 1480 400 Si
1505 374 1596 400 vera
1619 363 1729 409 sunt,
1746 358 1944 413 ignosces,

177 438 209 477 si
255 437 365 486 falsa,
409 451 470 476 me
521 434 672 475 libente
720 433 864 488 eripies
896 432 998 473 mihi
1031 431 1140 473 hunc
1174 447 1358 473 errorem.
1416 432 1590 486 Quoquo
1622 432 1741 473 modo
1774 447 1867 473 vero
1904 446 1945 473 se

174 524 234 550 res
268 507 446 558 habebit,
480 507 582 549 nihil
615 505 840 560 assignabis
872 521 946 547 nec
979 511 1121 561 patruo
1154 521 1228 546 nec
1260 506 1379 561 patri.
1419 507 1457 547 7.
1482 506 1620 558 Quum
1642 506 1741 548 haec
1764 505 1945 560 scripsis-

1630 579 1805 620 Venerat
1837 579 1944 620 enim

174 656 207 695 is
242 656 282 695 in
328 655 555 695 Cumanum
604 653 756 709 vesperi
791 651 933 708 pridie,
967 652 1010 693 id
1043 658 1118 703 est,
1155 651 1311 693 Idibus.
1359 653 1401 693 Si
1436 652 1531 707 quid
1567 652 1692 707 igitur
1724 651 1824 692 mihi
1859 652 1944 692 eius

316 596 337 621 a
383 581 556 622 Curione
601 579 701 620 mihi
746 579 980 620 nuntiatum
1026 584 1087 619 est
1119 594 1212 620 eum
1245 579 1294 620 ad
1330 594 1392 620 me
1427 579 1576 620 venire.

175 744 301 769 sermo
350 728 542 776 attulerit,
595 726 700 780 quod
750 726 800 767 ad
848 731 888 767 te
938 725 1195 767 scribendum
1247 727 1313 778 sit,
1364 725 1406 767 id
1450 727 1492 767 in
1541 726 1668 767 literis
1714 724 1946 779 adiungam.

178 811 216 842 ὃ.
265 802 475 843 Praeteriit
520 801 653 841 villam
694 815 821 841 meam
866 799 988 841 Curio
1034 800 1230 854 iussitque
1262 799 1361 841 mihi
1391 800 1575 842 nuntiari
1607 814 1700 840 mox
1734 814 1775 840 se
1808 805 1948 840 ventu—

176 891 275 925 rum,
317 875 573 929 cucurritque
619 874 824 923 Puteolos,
870 882 915 914 ut
960 873 1017 914 ibi
1052 873 1367 915 contionaretur.
1401 874 1670 914 Contionatus
1703 880 1778 924 est,
1813 873 1946 923 rediit,

174 950 252 990 fuit
300 949 406 1004 apud
451 965 512 989 me
557 964 651 990 sane
685 948 770 989 diu.
806 948 842 989 O
875 963 957 989 rem
992 947 1174 989 foedam!
1214 948 1333 988 Nosti
1372 947 1595 988 hominem:
1631 947 1734 989 nihil
1768 947 1943 988 occulta-

177 1023 246 1071 vit,
281 1023 478 1078 imprimis
510 1022 612 1063 nihil
647 1037 731 1063 esse
775 1022 936 1070 certius,
985 1035 1103 1075 quam
1139 1028 1186 1062 ut
1220 1036 1372 1071 omnes,
1407 1021 1477 1074 qui
1510 1021 1596 1075 lege
1633 1020 1824 1075 Pompeia
1856 1035 1949 1061 con-

177 1097 354 1138 demnati
401 1102 547 1146 essent,
592 1096 914 1146 restituerentur,
948 1095 1085 1150 itaque
1120 1111 1160 1136 se
1195 1096 1239 1136 in
1273 1095 1410 1136 Sicilia
1443 1109 1581 1136 eorum
1615 1109 1734 1149 opera
1766 1107 1948 1135 usurum.

177 1172 237 1211 [De
273 1171 482 1225 Hispaniis
516 1185 596 1210 non
629 1168 844 1210 dubitabat
877 1169 974 1223 quin
1008 1168 1189 1209 Caesaris
1223 1174 1356 1209 essent
1365 1186 1376 1218 3
1422 1167 1516 1209 inde
1550 1168 1682 1223 ipsum
1716 1181 1807 1208 cum
1841 1180 1950 1207 exer-

177 1245 274 1294 citu,
324 1242 556 1297 ubicunque
606 1242 821 1297 Pompeius
866 1247 992 1292 esset3
1043 1242 1129 1283 eius
1174 1241 1342 1282 interitu
1389 1241 1508 1281 finem
1553 1241 1578 1283 †
1596 1241 1656 1282 illi
1689 1240 1772 1282 fore
1786 1259 1798 1292 3
1833 1239 1949 1295 plane

178 1316 387 1359 iracundia
435 1316 583 1357 elatum
632 1314 802 1356 voluisse
852 1314 1062 1355 Caesarem
1097 1313 1225 1355 occidi
1258 1313 1469 1354 Metellum
1502 1312 1714 1354 tribunum
1746 1313 1802 1368 pl.
1815 1332 1828 1364 ;
1863 1327 1951 1368 pro-

180 1392 268 1447 pius
317 1391 467 1432 factum
516 1404 600 1430 esse
646 1387 748 1429 nihil
762 1407 774 1439 3
809 1388 915 1442 quod
951 1388 983 1428 si
1017 1392 1122 1429 esset
1156 1387 1321 1437 factum,
1357 1386 1520 1428 caedem
1557 1401 1744 1441 magnam
1777 1386 1953 1428 futuram

180 1465 300 1505 fuisse
315 1483 325 1515 ;
372 1463 590 1519 permultos
636 1461 858 1502 hortatores
909 1476 992 1502 esse
1044 1460 1201 1511 caedis;
1248 1460 1380 1515 ipsum
1430 1466 1565 1500 autem
1612 1475 1692 1501 non
1746 1458 1952 1501 voluntate

180 1547 251 1579 aut
283 1543 427 1578 natura
459 1551 539 1577 non
574 1550 657 1576 esse
703 1533 920 1584 crudelem,
954 1533 1022 1575 sed
1059 1532 1164 1587 quod
1202 1532 1433 1588 popularem
1467 1538 1631 1588 putaret
1665 1548 1750 1575 esse
1785 1533 1955 1575 clemen-

180 1613 278 1653 tiam
293 1630 302 1661 ;
338 1609 482 1664 quodsi
514 1608 654 1664 populi
703 1607 881 1648 studium
918 1606 1132 1657 amisisset,
1167 1605 1371 1647 crudelem
1405 1606 1508 1656 fore3
1544 1621 1715 1660 eumque
1749 1605 1955 1662 perturba·

180 1692 282 1734 tum,
319 1683 424 1738 quod
458 1682 702 1736 intelligeret
735 1696 775 1721 se
810 1680 915 1736 apud
950 1681 1079 1735 ipsam
1113 1679 1270 1735 plebem
1305 1679 1518 1721 offendisse
1543 1680 1592 1721 de
1616 1679 1793 1730 aerario,
1817 1679 1955 1734 itaque

182 1758 218 1799 ei
251 1772 375 1812 quum
409 1756 677 1797 certissimum
710 1755 867 1804 fuisset,
903 1759 1119 1808 antequam
1166 1752 1495 1808 proficisceretur,
1531 1753 1761 1794 contionem
1793 1750 1954 1800 habere,

181 1846 322 1873 ausum
370 1845 450 1871 non
500 1845 583 1871 esse
631 1828 962 1880 vehementerque
1015 1827 1148 1868 animo
1200 1825 1432 1880 perturbato
1466 1826 1704 1880 profectlun.
1743 1828 1782 1866 9.
1817 1825 1951 1876 Quum

183 2032 308 2062 cedere.
337 2031 424 2061 Nam
446 2037 481 2061 ut
503 2037 589 2062 recte
612 2030 765 2062 observat
787 2030 878 2066 Ern„
903 2037 938 2060 ut
962 2039 1044 2059 seve-

183 2085 265 2116 ritas
288 2085 432 2116 cernitur
455 2086 488 2115 iu
511 2084 653 2125 peccatis
675 2084 884 2124 castigandis,
908 2084 953 2114 ita
972 2083 1045 2113 dili-

180 2139 290 2178 yenlzssa
313 2139 346 2169 in
369 2138 534 2169 cavendis.
572 2138 670 2168 Hanc
693 2137 903 2178 diligentiam
928 2136 1045 2168 Cicero

185 2191 297 2222 laudat.
319 2191 353 2221 in
378 2190 439 2222 Cn.
461 2189 630 2230 Pompeio,
654 2189 774 2221 Milon.
798 2189 836 2219 65
861 2199 908 2230 sq.

226 2244 244 2283 ξ
268 2243 296 2275 7.
320 2244 347 2273 A
377 2242 511 2274 Curione
534 2252 565 2273 o:
591 2241 744 2274 Curionis
779 2241 924 2272 nomine.
955 2241 1045 2271 Hinc

185 2298 273 2329 addit
297 2308 361 2328 eum
387 2298 426 2328 ad
450 2307 503 2328 me
526 2298 649 2334 venire,
684 2306 752 2327 non
774 2305 817 2333 se,
847 2305 1046 2336 quamquam

185 2353 227 2383 ad
249 2352 430 2383 Curionem
461 2352 569 2392 ipsum
603 2351 664 2381 hoc
698 2350 851 2391 pertinet.
883 2349 1047 2381 Similiter

186 2408 220 2438 in
257 2408 362 2438 Acad.
391 2406 482 2437 Post.
514 2407 530 2436 l
566 2406 743 2437 nuntiatum
778 2407 827 2436 est
849 2405 934 2435 nobis
958 2417 975 2435 u
1003 2404 1045 2434 M.

191 2459 340 2497 Varrone,
364 2460 484 2490 venisse
507 2469 573 2489 eum
596 2457 692 2489 Roma
709 2457 825 2499 pridie.

228 2513 271 2544 Id
291 2514 325 2544 in
348 2513 453 2543 literis
474 2511 654 2553 adirtnqanz.
689 2511 776 2543 Cum
803 2511 958 2542 Schutzio
982 2511 1046 2551 leg.

187 2572 281 2608 puto:
306 2566 341 2597 id
360 2566 409 2597 Itis
430 2566 535 2596 literis
567 2564 747 2607 adiunqam,
780 2565 825 2595 ita
853 2571 887 2596 ut
920 2565 1047 2605 reliqua

189 2618 347 2660 epistolae
368 2628 442 2659 pars
465 2618 635 2659 aliquanto
657 2625 730 2659 post
752 2618 862 2649 addita
885 2618 1046 2649 videatur.

231 2675 249 2714 ξ
272 2675 302 2705 8.
326 2673 400 2704 Fuit
423 2672 508 2714 apud
530 2683 575 2703 me
594 2682 673 2703 sane
695 2672 760 2703 diu.
788 2672 888 2711 Quod
907 2672 1047 2703 inlibris

191 2726 318 2768 scriptis
341 2733 389 2758 est
411 2725 457 2756 ad
475 2736 522 2756 me
543 2735 560 2756 e
592 2725 797 2765 compendio⁸
812 2725 977 2756 scribendi
999 2734 1048 2755 or·
1071 2727 1072 2730 ’

190 2787 261 2812 t-um
285 2781 424 2817 videtur,
448 2780 601 2820 idemque
625 2788 714 2810 error
737 2779 948 2819 castigandus
969 2778 1002 2809 h.
1026 2778 1047 2809 l.

190 2836 239 2873 16,
264 2836 292 2866 1.
316 2835 402 2865 Nam
424 2840 461 2865 ut
482 2833 663 2865 rectissime
686 2833 806 2864 dicitm·
827 2833 990 2864 devertere
1006 2833 1049 2863 ad

189 2890 323 2931 aliquem
346 2888 448 2920 XIV.
470 2888 498 2926 1,
531 2889 560 2918 1.
594 2887 668 2918 Mil.
692 2887 741 2924 51,
766 2892 798 2918 et
820 2894 857 2918 ut
888 2888 977 2918 locus
1006 2897 1049 2918 ex

191 2944 283 2984 epist.
309 2942 402 2974 Fam.
425 2941 490 2973 IX.
514 2942 541 2978 1,
565 2942 584 2972 2
605 2941 638 2971 in
663 2940 800 2971 Cumano
822 2940 867 2971 ad
888 2942 920 2971 te
937 2950 954 2971 e
980 2941 1049 2972 bre-

193 2998 292 3028 vitate
330 2997 472 3037 quadam
503 2995 666 3026 scribendi
695 2994 829 3026 defendi
858 2999 974 3035 potest,
1007 2994 1051 3024 ita

193 3059 260 3080 non
283 3049 430 3080 concedo
450 3047 582 3078 Handio
604 3056 670 3077 esse
701 3045 745 3077 ad
775 3046 908 3088 aliquem
938 3056 956 3078 e
987 3056 1052 3078 ser·
1074 3082 1076 3087 Ι

197 3114 296 3135 1110110
327 3103 482 3135 familiari
511 3102 598 3143 apud
627 3100 822 3133 Ciceronem
851 3110 921 3133 esse
949 3102 1076 3143 expli-⁴

183 3174 186 3175 ν
203 3158 354 3188 eandum.
376 3157 442 3188 vid.
457 3156 552 3187 Ture.
577 3156 605 3186 1.
623 3164 655 3195 p.
670 3155 720 3185 94.
744 3155 855 3195 Atque
871 3155 956 3195 apud
972 3153 1050 3186 Cae·
1074 3142 1077 3180 ἒ

1093 2038 1199 2060 sarem
1232 2029 1271 2060 B.
1305 2028 1344 2059 G.
1379 2030 1404 2059 Ι.
1434 2029 1470 2059 31
1504 2028 1781 2067 distinguendum
1810 2027 1955 2059 vffletur:

1091 2082 1185 2114 iidem
1205 2082 1365 2124 principes
1389 2083 1561 2119 civitatum,
1588 2083 1639 2123 qui
1660 2083 1736 2113 ante
1748 2080 1898 2122 fuerant,
1914 2082 1959 2113 ad

1097 2138 1263 2170 Caesarem
1293 2141 1502 2175 reverterunt,
1540 2148 1606 2168 11011
1644 2147 1720 2168 cum
1757 2136 1893 2168 Davisio
1925 2143 1958 2168 et

1093 2192 1312 2224 Schneider-o:
1346 2193 1398 2234 qui
1431 2194 1507 2223 ante
1532 2192 1674 2232 juerant
1707 2190 1752 2222 ad
1787 2189 1954 2222 Caesarem

1090 2247 1298 2276 reverberaret.

1133 2298 1214 2340 Leqe
1246 2298 1390 2339 Pompeia
1425 2300 1464 2330 de
1495 2299 1620 2329 ambitu
1650 2309 1679 2329 a.
1708 2297 1768 2330 703
1792 2298 1868 2329 lata.
1890 2297 1953 2328 IX.

1093 2351 1143 2388 14,
1168 2351 1196 2382 2.
1218 2351 1306 2381 Nam
1329 2352 1431 2382 altera
1454 2352 1511 2382 lex
1528 2352 1568 2383 de
1591 2352 1622 2382 vi
1645 2352 1685 2382 de
1707 2351 1780 2382 sola
1800 2350 1899 2381 caede
1919 2349 1952 2381 111

1070 2404 1145 2448 ¹via.
1178 2404 1288 2444 Appia
1317 2404 1403 2434 facta
1432 2403 1497 2434 lata
1527 2404 1665 2435 videtur.
1695 2403 1735 2434 cf.
1770 2403 1895 2434 Ascon.
1919 2402 1951 2433 in

1094 2456 1214 2488 Milon.
1236 2467 1266 2497 p.
1290 2456 1338 2489 37.

1138 2512 1241 2542 Finem
1269 2512 1348 2546 †2‘lli
1363 2512 1449 2553 fore.
1475 2512 1675 2553 Conspirant
1692 2513 1801 2544 inhae
1814 2512 1956 2544 lectione

1094 2567 1232 2602 codices,
1263 2575 1399 2607 eamque
1431 2566 1582 2606 probavit
1612 2566 1806 2597 Tunstallus
1828 2576 1859 2607 p.
1883 2566 1955 2598 152.

1093 2618 1159 2651 Sed
1193 2620 1274 2661 quid.
1306 2626 1375 2651 tam
1409 2621 1558 2660 ineptum
1592 2626 1649 2657 est,
1679 2621 1767 2661 quod
1800 2630 1868 2651 non
1899 2620 1957 2651 ali-

1071 2672 1224 2716 ssquando
1263 2672 1436 2704 defensum
1470 2672 1536 2704 sit?
1578 2673 1751 2704 Praeclare
1786 2673 1956 2704 Manutius

1093 2725 1302 2757 scribendum
1325 2726 1408 2756 vidit
1431 2725 1515 2756 belli.

1137 2778 1310 2810 Metellum.
1338 2779 1404 2809 Hic
1434 2779 1476 2809 ab
1498 2778 1641 2809 inimicis
1673 2777 1822 2810 Caesaris
1844 2779 1957 2810 subor-

1093 2840 1190 2864 natus
1213 2833 1284 2863 eius
1307 2831 1484 2862 consilium
1505 2832 1546 2862 de
1568 2831 1686 2871 legatis
1703 2832 1744 2862 ad
1759 2831 1958 2872 Pompeium

1094 2886 1278 2923 mittendis,
1297 2885 1426 2926 aliaque
1448 2895 1530 2926 quae
1553 2894 1650 2925 agere
1673 2885 1871 2922 instituerat,
1895 2885 1953 2916 im-

1094 2940 1256 2982 pediebat.
1279 2939 1372 2971 Caes.
1395 2940 1436 2971 de
1459 2940 1498 2971 B.
1517 2938 1552 2971 C.
1576 2940 1603 2971 I.
1619 2940 1669 2970 33.
1685 2939 1789 2970 Anno
1806 2939 1957 2980 sequenti

1073 2993 1216 3046 'Caesar
1244 3002 1319 3025 eum
1354 2993 1389 3024 in
1422 2993 1556 3024 Italiam
1582 2992 1688 3024 redire
1719 2991 1876 3036 nolebat.v
1897 2991 1956 3022 inf.

1099 3047 1163 3078 XI.
1187 3047 1215 3084 7,
1241 3047 1271 3078 2.

1138 3100 1278 3140 Propius
1293 3100 1421 3140 fictum
1444 3109 1511 3130 esse
1533 3098 1624 3136 nihil,
1654 3109 1754 3140 quam
1775 3104 1812 3129 ut
1834 3098 1958 3130 occide-

1106 3159 1203 3186 retur.
1235 3153 1290 3184 Sic
1319 3153 1416 3194 plene
1446 3153 1598 3183 scribitur
1619 3153 1653 3183 in
1677 3152 1768 3192 epist.
1790 3153 1831 3183 ad
1855 3151 1897 3190 Q.
1919 3151 1956 3182 fr.

2059 3173 2062 3304 l

2061 3120 2062 3146 l

2060 3305 2062 3328 1

2058 3357 2062 3565 1
