<?xml version="1.0" encoding="UTF-8"?>
<!DOCTYPE html PUBLIC "-//W3C//DTD XHTML 1.0 Transitional//EN"
    "http://www.w3.org/TR/xhtml1/DTD/xhtml1-transitional.dtd">
<html xmlns="http://www.w3.org/1999/xhtml" xml:lang="en" lang="en">
 <head>
  <title>
</title>
<meta http-equiv="Content-Type" content="text/html;charset=utf-8" />
  <meta name='ocr-system' content='tesseract 3.04.00' />
  <meta name='ocr-capabilities' content='ocr_page ocr_carea ocr_par ocr_line ocrx_word'/>
</head>
<body>
  <div class='ocr_page' id='page_1' title='image "./epistolarumadtpo02ciceuoft_0203.png"; bbox 0 0 2062 3565; ppageno 0'>
   <div class='ocr_carea' id='block_1_1' title="bbox 123 181 1889 682">
    <p class='ocr_par' dir='ltr' id='par_1_1' title="bbox 123 181 1889 682">
     <span class='ocr_line' id='line_1_1' title="bbox 723 181 1887 224; baseline -0.002 -1"><span class='ocrx_word' id='word_1_1' title='bbox 723 181 828 223; x_wconf 85' lang='lat' dir='ltr'>LIB.</span> <span class='ocrx_word' id='word_1_2' title='bbox 864 182 962 224; x_wconf 85' lang='lat' dir='ltr'><strong>XII.</strong></span> <span class='ocrx_word' id='word_1_3' title='bbox 1000 182 1080 223; x_wconf 88' lang='grc' dir='ltr'>ΕΡ.</span> <span class='ocrx_word' id='word_1_4' title='bbox 1119 185 1190 223; x_wconf 53' lang='lat'>2⁵.</span> <span class='ocrx_word' id='word_1_5' title='bbox 1228 185 1298 223; x_wconf 68' lang='lat'>29.</span> <span class='ocrx_word' id='word_1_6' title='bbox 1806 183 1887 221; x_wconf 72' lang='lat'>1955</span> 
     </span>
     <span class='ocr_line' id='line_1_2' title="bbox 124 313 1889 374; baseline 0.002 -18"><span class='ocrx_word' id='word_1_7' title='bbox 124 313 368 357; x_wconf 78' lang='lat' dir='ltr'><strong>intellexisse</strong></span> <span class='ocrx_word' id='word_1_8' title='bbox 417 315 492 357; x_wconf 88' lang='lat' dir='ltr'>tibi</span> <span class='ocrx_word' id='word_1_9' title='bbox 546 316 668 359; x_wconf 88' lang='lat' dir='ltr'>videri</span> <span class='ocrx_word' id='word_1_10' title='bbox 714 315 834 359; x_wconf 82' lang='lat' dir='ltr'>idem.</span> <span class='ocrx_word' id='word_1_11' title='bbox 888 317 1101 369; x_wconf 84' lang='lat' dir='ltr'>Publilius,</span> <span class='ocrx_word' id='word_1_12' title='bbox 1150 318 1182 360; x_wconf 88' lang='lat' dir='ltr'>si</span> <span class='ocrx_word' id='word_1_13' title='bbox 1232 317 1532 373; x_wconf 84' lang='lat' dir='ltr'>aequinoctium</span> <span class='ocrx_word' id='word_1_14' title='bbox 1580 323 1796 374; x_wconf 79' lang='lat' dir='ltr'>exspectat,</span> <span class='ocrx_word' id='word_1_15' title='bbox 1846 327 1889 360; x_wconf 84' lang='lat' dir='ltr'>ut</span> 
     </span>
     <span class='ocr_line' id='line_1_3' title="bbox 125 388 1884 448; baseline 0.002 -18"><span class='ocrx_word' id='word_1_16' title='bbox 125 388 265 431; x_wconf 87' lang='lat' dir='ltr'>scribis</span> <span class='ocrx_word' id='word_1_17' title='bbox 297 388 502 431; x_wconf 87' lang='lat' dir='ltr'>Alledium</span> <span class='ocrx_word' id='word_1_18' title='bbox 536 389 681 442; x_wconf 87' lang='lat' dir='ltr'>dicere,</span> <span class='ocrx_word' id='word_1_19' title='bbox 717 392 977 447; x_wconf 77' lang='lat' dir='ltr'>navigaturus</span> <span class='ocrx_word' id='word_1_20' title='bbox 1020 391 1192 433; x_wconf 89' lang='lat' dir='ltr'>videtur.</span> <span class='ocrx_word' id='word_1_21' title='bbox 1227 390 1332 434; x_wconf 86' lang='lat' dir='ltr'>Mihi</span> <span class='ocrx_word' id='word_1_22' title='bbox 1366 396 1500 434; x_wconf 88' lang='lat' dir='ltr'>autem</span> <span class='ocrx_word' id='word_1_23' title='bbox 1534 391 1689 433; x_wconf 77' lang='lat' dir='ltr'>dixerat</span> <span class='ocrx_word' id='word_1_24' title='bbox 1725 407 1792 448; x_wconf 83' lang='lat' dir='ltr'>per</span> <span class='ocrx_word' id='word_1_25' title='bbox 1825 392 1884 433; x_wconf 91' lang='lat' dir='ltr'>Si-</span> 
     </span>
     <span class='ocr_line' id='line_1_4' title="bbox 123 463 1884 521; baseline 0.001 -15"><span class='ocrx_word' id='word_1_26' title='bbox 123 463 269 506; x_wconf 86' lang='lat' dir='ltr'>ciliam.</span> <span class='ocrx_word' id='word_1_27' title='bbox 319 463 467 506; x_wconf 90' lang='lat' dir='ltr'>Utrum</span> <span class='ocrx_word' id='word_1_28' title='bbox 510 468 550 505; x_wconf 92' lang='lat' dir='ltr'>et</span> <span class='ocrx_word' id='word_1_29' title='bbox 594 465 755 520; x_wconf 89' lang='lat' dir='ltr'>quando</span> <span class='ocrx_word' id='word_1_30' title='bbox 800 465 918 507; x_wconf 87' lang='lat' dir='ltr'>velim</span> <span class='ocrx_word' id='word_1_31' title='bbox 962 465 1077 507; x_wconf 88' lang='lat' dir='ltr'>scire.</span> <span class='ocrx_word' id='word_1_32' title='bbox 1133 467 1187 508; x_wconf 88' lang='lat' dir='ltr'>Et</span> <span class='ocrx_word' id='word_1_33' title='bbox 1230 466 1348 507; x_wconf 90' lang='lat' dir='ltr'>velim</span> <span class='ocrx_word' id='word_1_34' title='bbox 1382 465 1613 521; x_wconf 89' lang='lat' dir='ltr'>aliquando,</span> <span class='ocrx_word' id='word_1_35' title='bbox 1649 481 1772 521; x_wconf 85' lang='lat' dir='ltr'>quum</span> <span class='ocrx_word' id='word_1_36' title='bbox 1808 465 1884 507; x_wconf 86' lang='lat' dir='ltr'>crit</span> 
     </span>
     <span class='ocr_line' id='line_1_5' title="bbox 123 538 1886 596; baseline 0.001 -16"><span class='ocrx_word' id='word_1_37' title='bbox 123 544 239 580; x_wconf 88' lang='lat' dir='ltr'>tuum</span> <span class='ocrx_word' id='word_1_38' title='bbox 283 538 549 590; x_wconf 87' lang='lat' dir='ltr'>commodum,</span> <span class='ocrx_word' id='word_1_39' title='bbox 592 538 810 581; x_wconf 75' lang='lat' dir='ltr'>Lentulum</span> <span class='ocrx_word' id='word_1_40' title='bbox 846 555 1013 595; x_wconf 82' lang='lat' dir='ltr'>puerum</span> <span class='ocrx_word' id='word_1_41' title='bbox 1048 540 1151 582; x_wconf 88' lang='lat' dir='ltr'>visas</span> <span class='ocrx_word' id='word_1_42' title='bbox 1184 541 1299 596; x_wconf 87' lang='lat' dir='ltr'>eique</span> <span class='ocrx_word' id='word_1_43' title='bbox 1334 540 1382 582; x_wconf 86' lang='lat' dir='ltr'>de</span> <span class='ocrx_word' id='word_1_44' title='bbox 1415 540 1641 596; x_wconf 65' lang='lat' dir='ltr'>mancipiiS,</span> <span class='ocrx_word' id='word_1_45' title='bbox 1676 555 1776 594; x_wconf 70' lang='lat' dir='ltr'>qnae</span> <span class='ocrx_word' id='word_1_46' title='bbox 1810 539 1886 581; x_wconf 87' lang='lat' dir='ltr'>tibi</span> 
     </span>
     <span class='ocr_line' id='line_1_6' title="bbox 125 611 1230 682; baseline 0.002 -29"><span class='ocrx_word' id='word_1_47' title='bbox 125 611 341 682; x_wconf 32' lang='lat' dir='ltr'>uidebitur,</span> <span class='ocrx_word' id='word_1_48' title='bbox 376 612 586 656; x_wconf 74' lang='lat' dir='ltr'>attribuas.</span> <span class='ocrx_word' id='word_1_49' title='bbox 622 613 748 657; x_wconf 80' lang='lat' dir='ltr'>Piliae</span> <span class='ocrx_word' id='word_1_50' title='bbox 782 619 820 655; x_wconf 86' lang='lat' dir='ltr'>et</span> <span class='ocrx_word' id='word_1_51' title='bbox 856 615 1014 656; x_wconf 73' lang='lat' dir='ltr'>Atticae</span> <span class='ocrx_word' id='word_1_52' title='bbox 1048 615 1230 657; x_wconf 87' lang='lat' dir='ltr'>salutem.</span> 
     </span>
    </p>
   </div>
   <div class='ocr_carea' id='block_1_2' title="bbox 124 723 294 727">
    <p class='ocr_par' dir='ltr' id='par_1_2' title="bbox 124 723 294 727">
     <span class='ocr_line' id='line_1_7' title="bbox 124 723 294 727; baseline 0 0"><span class='ocrx_word' id='word_1_53' title='bbox 124 723 294 727; x_wconf 95' lang='lat' dir='ltr'> </span> 
     </span>
    </p>
   </div>
   <div class='ocr_carea' id='block_1_3' title="bbox 126 791 1892 1044">
    <p class='ocr_par' dir='ltr' id='par_1_3' title="bbox 126 791 1892 834">
     <span class='ocr_line' id='line_1_8' title="bbox 126 791 1892 834; baseline -0.001 -9"><span class='ocrx_word' id='word_1_54' title='bbox 126 802 176 834; x_wconf 81' lang='lat' dir='ltr'>ep.</span> <span class='ocrx_word' id='word_1_55' title='bbox 198 792 248 830; x_wconf 82' lang='lat'>24,</span> <span class='ocrx_word' id='word_1_56' title='bbox 273 791 304 832; x_wconf 95' lang='grc'>1)</span> <span class='ocrx_word' id='word_1_57' title='bbox 327 792 410 823; x_wconf 78' lang='lat' dir='ltr'>mari</span> <span class='ocrx_word' id='word_1_58' title='bbox 433 792 593 824; x_wconf 82' lang='lat' dir='ltr'>facturus.</span> <span class='ocrx_word' id='word_1_59' title='bbox 610 792 849 834; x_wconf 79' lang='lat' dir='ltr'>Aequinoctium</span> <span class='ocrx_word' id='word_1_60' title='bbox 865 792 985 824; x_wconf 86' lang='lat' dir='ltr'>dicitur</span> <span class='ocrx_word' id='word_1_61' title='bbox 1008 828 1009 833; x_wconf 18' lang='lat'>¹</span> <span class='ocrx_word' id='word_1_62' title='bbox 1031 799 1130 834; x_wconf 79' lang='lat' dir='ltr'>patre.</span> <span class='ocrx_word' id='word_1_63' title='bbox 1153 792 1240 823; x_wconf 84' lang='lat' dir='ltr'>Nam</span> <span class='ocrx_word' id='word_1_64' title='bbox 1263 792 1345 834; x_wconf 83' lang='lat' dir='ltr'>patri</span> <span class='ocrx_word' id='word_1_65' title='bbox 1370 792 1406 824; x_wconf 91' lang='lat' dir='ltr'>P.</span> <span class='ocrx_word' id='word_1_66' title='bbox 1430 791 1622 824; x_wconf 75' lang='lat' dir='ltr'>Dolabellae</span> <span class='ocrx_word' id='word_1_67' title='bbox 1645 792 1746 824; x_wconf 85' lang='lat' dir='ltr'>fuisse</span> <span class='ocrx_word' id='word_1_68' title='bbox 1760 802 1892 833; x_wconf 82' lang='lat' dir='ltr'>quoque</span> 
     </span>
    </p>

    <p class='ocr_par' dir='ltr' id='par_1_4' title="bbox 126 845 1892 942">
     <span class='ocr_line' id='line_1_9' title="bbox 126 845 1892 887; baseline -0.001 -11"><span class='ocrx_word' id='word_1_69' title='bbox 126 854 274 883; x_wconf 82' lang='lat' dir='ltr'>vernum,</span> <span class='ocrx_word' id='word_1_70' title='bbox 295 855 362 887; x_wconf 90' lang='lat' dir='ltr'>quo</span> <span class='ocrx_word' id='word_1_71' title='bbox 384 855 474 877; x_wconf 80' lang='lat' dir='ltr'>mare</span> <span class='ocrx_word' id='word_1_72' title='bbox 496 845 668 877; x_wconf 81' lang='lat' dir='ltr'>desinebat</span> <span class='ocrx_word' id='word_1_73' title='bbox 690 855 760 877; x_wconf 87' lang='lat' dir='ltr'>esse</span> <span class='ocrx_word' id='word_1_74' title='bbox 783 845 943 877; x_wconf 80' lang='lat' dir='ltr'>clausum.</span> <span class='ocrx_word' id='word_1_75' title='bbox 1008 876 1009 882; x_wconf 61' lang='grc'>,</span> <span class='ocrx_word' id='word_1_76' title='bbox 1029 845 1176 878; x_wconf 86' lang='lat' dir='ltr'>Lentulo</span> <span class='ocrx_word' id='word_1_77' title='bbox 1199 855 1319 877; x_wconf 86' lang='lat' dir='ltr'>nomen</span> <span class='ocrx_word' id='word_1_78' title='bbox 1346 856 1387 877; x_wconf 84' lang='lat' dir='ltr'>ex</span> <span class='ocrx_word' id='word_1_79' title='bbox 1411 846 1534 877; x_wconf 77' lang='lat' dir='ltr'>Ascou.</span> <span class='ocrx_word' id='word_1_80' title='bbox 1558 856 1590 887; x_wconf 88' lang='lat' dir='ltr'>p.</span> <span class='ocrx_word' id='word_1_81' title='bbox 1615 847 1643 883; x_wconf 83' lang='lat'>5,</span> <span class='ocrx_word' id='word_1_82' title='bbox 1668 845 1754 877; x_wconf 82' lang='lat' dir='ltr'>I‘lut.</span> <span class='ocrx_word' id='word_1_83' title='bbox 1774 846 1806 876; x_wconf 86' lang='lat' dir='ltr'>in</span> <span class='ocrx_word' id='word_1_84' title='bbox 1824 846 1892 876; x_wconf 64' lang='lat' dir='ltr'>(fic.</span> 
     </span>
     <span class='ocr_line' id='line_1_10' title="bbox 170 889 1879 940; baseline 0 -11"><span class='ocrx_word' id='word_1_85' title='bbox 170 897 334 929; x_wconf 78' lang='lat' dir='ltr'>Lentulum</span> <span class='ocrx_word' id='word_1_86' title='bbox 351 908 483 940; x_wconf 82' lang='lat' dir='ltr'>puerum</span> <span class='ocrx_word' id='word_1_87' title='bbox 505 905 566 931; x_wconf 90' lang='lat' dir='ltr'>cet.</span> <span class='ocrx_word' id='word_1_88' title='bbox 589 899 631 930; x_wconf 89' lang='lat' dir='ltr'>cf.</span> <span class='ocrx_word' id='word_1_89' title='bbox 657 908 709 940; x_wconf 83' lang='lat' dir='ltr'>ep.</span> <span class='ocrx_word' id='word_1_90' title='bbox 734 898 784 937; x_wconf 89' lang='grc'>30,</span> <span class='ocrx_word' id='word_1_91' title='bbox 809 899 839 930; x_wconf 92' lang='grc'>1.</span> <span class='ocrx_word' id='word_1_92' title='bbox 855 899 916 930; x_wconf 88' lang='lat' dir='ltr'>Est</span> <span class='ocrx_word' id='word_1_93' title='bbox 927 899 984 931; x_wconf 88' lang='lat' dir='ltr'>ille</span> <span class='ocrx_word' id='word_1_94' title='bbox 1007 889 1010 930; x_wconf 57' lang='lat' dir='ltr'>T</span> <span class='ocrx_word' id='word_1_95' title='bbox 1031 901 1081 938; x_wconf 84' lang='lat'>41,</span> <span class='ocrx_word' id='word_1_96' title='bbox 1105 900 1207 932; x_wconf 79' lang='lat' dir='ltr'>Macr.</span> <span class='ocrx_word' id='word_1_97' title='bbox 1230 900 1297 932; x_wconf 81' lang='lat' dir='ltr'>Sat.</span> <span class='ocrx_word' id='word_1_98' title='bbox 1322 901 1367 932; x_wconf 93' lang='grc' dir='ltr'>Π.</span> <span class='ocrx_word' id='word_1_99' title='bbox 1391 902 1409 932; x_wconf 88' lang='grc'>3</span> <span class='ocrx_word' id='word_1_100' title='bbox 1429 906 1568 932; x_wconf 86' lang='lat' dir='ltr'>constat.</span> <span class='ocrx_word' id='word_1_101' title='bbox 1583 900 1623 931; x_wconf 83' lang='lat' dir='ltr'>cf.</span> <span class='ocrx_word' id='word_1_102' title='bbox 1641 899 1758 932; x_wconf 82' lang='lat' dir='ltr'>Orellii</span> <span class='ocrx_word' id='word_1_103' title='bbox 1781 901 1879 931; x_wconf 78' lang='lat' dir='ltr'>adnot</span> 
     </span>
    </p>

    <p class='ocr_par' dir='ltr' id='par_1_5' title="bbox 127 946 1790 995">
     <span class='ocr_line' id='line_1_11' title="bbox 127 946 1790 995; baseline 0 -11"><span class='ocrx_word' id='word_1_104' title='bbox 127 962 238 995; x_wconf 86' lang='lat' dir='ltr'>nepos,</span> <span class='ocrx_word' id='word_1_105' title='bbox 261 952 371 984; x_wconf 78' lang='lat' dir='ltr'>infans</span> <span class='ocrx_word' id='word_1_106' title='bbox 393 963 572 994; x_wconf 81' lang='lat' dir='ltr'>paucorum</span> <span class='ocrx_word' id='word_1_107' title='bbox 590 953 766 991; x_wconf 82' lang='lat' dir='ltr'>mensium,</span> <span class='ocrx_word' id='word_1_108' title='bbox 783 954 824 985; x_wconf 88' lang='lat' dir='ltr'>de</span> <span class='ocrx_word' id='word_1_109' title='bbox 837 963 904 994; x_wconf 90' lang='lat' dir='ltr'>quo</span> <span class='ocrx_word' id='word_1_110' title='bbox 916 953 982 994; x_wconf 85' lang='lat' dir='ltr'>agi·</span> <span class='ocrx_word' id='word_1_111' title='bbox 1008 946 1010 959; x_wconf 87' lang='lat'>&#39;</span> <span class='ocrx_word' id='word_1_112' title='bbox 1031 953 1071 984; x_wconf 83' lang='lat' dir='ltr'>ad</span> <span class='ocrx_word' id='word_1_113' title='bbox 1095 951 1199 985; x_wconf 85' lang='lat' dir='ltr'>Cicer.</span> <span class='ocrx_word' id='word_1_114' title='bbox 1223 953 1297 984; x_wconf 88' lang='lat' dir='ltr'>hist.</span> <span class='ocrx_word' id='word_1_115' title='bbox 1321 953 1353 984; x_wconf 91' lang='lat' dir='ltr'>in</span> <span class='ocrx_word' id='word_1_116' title='bbox 1377 952 1497 986; x_wconf 88' lang='lat' dir='ltr'>Onom.</span> <span class='ocrx_word' id='word_1_117' title='bbox 1519 954 1610 985; x_wconf 84' lang='lat' dir='ltr'>Tull.</span> <span class='ocrx_word' id='word_1_118' title='bbox 1636 954 1662 984; x_wconf 93' lang='lat'>1.</span> <span class='ocrx_word' id='word_1_119' title='bbox 1687 964 1716 994; x_wconf 83' lang='lat' dir='ltr'>p.</span> <span class='ocrx_word' id='word_1_120' title='bbox 1739 954 1790 984; x_wconf 80' lang='lat'>91.</span> 
     </span>
    </p>

    <p class='ocr_par' dir='ltr' id='par_1_6' title="bbox 126 1005 985 1044">
     <span class='ocr_line' id='line_1_12' title="bbox 126 1005 985 1044; baseline 0 -7"><span class='ocrx_word' id='word_1_121' title='bbox 126 1012 179 1037; x_wconf 83' lang='lat' dir='ltr'>tur</span> <span class='ocrx_word' id='word_1_122' title='bbox 207 1006 240 1037; x_wconf 84' lang='lat' dir='ltr'>h.</span> <span class='ocrx_word' id='word_1_123' title='bbox 273 1006 294 1037; x_wconf 90' lang='lat' dir='ltr'>l.</span> <span class='ocrx_word' id='word_1_124' title='bbox 318 1006 357 1038; x_wconf 89' lang='grc'>18</span> <span class='ocrx_word' id='word_1_125' title='bbox 379 1016 418 1044; x_wconf 76' lang='lat' dir='ltr'>a„</span> <span class='ocrx_word' id='word_1_126' title='bbox 440 1005 470 1037; x_wconf 83' lang='lat'>2.</span> <span class='ocrx_word' id='word_1_127' title='bbox 500 1006 635 1038; x_wconf 83' lang='lat' dir='ltr'>Lentuli</span> <span class='ocrx_word' id='word_1_128' title='bbox 659 1016 780 1039; x_wconf 90' lang='lat' dir='ltr'>nomen</span> <span class='ocrx_word' id='word_1_129' title='bbox 802 1007 945 1039; x_wconf 77' lang='lat' dir='ltr'>habebat</span> <span class='ocrx_word' id='word_1_130' title='bbox 967 1017 985 1037; x_wconf 82' lang='lat' dir='ltr'>a</span> 
     </span>
    </p>
   </div>
   <div class='ocr_carea' id='block_1_4' title="bbox 1006 962 1011 1046">
    <p class='ocr_par' dir='ltr' id='par_1_7' title="bbox 1006 962 1011 1046">
     <span class='ocr_line' id='line_1_13' title="bbox 1006 962 1011 1046; baseline 0 2519"><span class='ocrx_word' id='word_1_131' title='bbox 1006 962 1011 1046; x_wconf 95' lang='lat' dir='ltr'> </span> 
     </span>
    </p>
   </div>
   <div class='ocr_carea' id='block_1_5' title="bbox 704 1126 1321 1179">
    <p class='ocr_par' dir='ltr' id='par_1_8' title="bbox 704 1126 1321 1179">
     <span class='ocr_line' id='line_1_14' title="bbox 704 1126 1321 1179; baseline -0.003 -11"><span class='ocrx_word' id='word_1_132' title='bbox 704 1126 865 1168; x_wconf 87' lang='lat' dir='ltr'><em>XXIX.</em></span> <span class='ocrx_word' id='word_1_133' title='bbox 932 1127 998 1179; x_wconf 71' lang='lat' dir='ltr'>(A.</span> <span class='ocrx_word' id='word_1_134' title='bbox 1039 1126 1085 1168; x_wconf 73' lang='lat' dir='ltr'>[J.</span> <span class='ocrx_word' id='word_1_135' title='bbox 1123 1127 1165 1167; x_wconf 79' lang='lat' dir='ltr'>C.</span> <span class='ocrx_word' id='word_1_136' title='bbox 1203 1126 1321 1179; x_wconf 86' lang='lat'>709.)</span> 
     </span>
    </p>
   </div>
   <div class='ocr_carea' id='block_1_6' title="bbox 126 1252 1951 2254">
    <p class='ocr_par' dir='ltr' id='par_1_9' title="bbox 126 1252 1951 2254">
     <span class='ocr_line' id='line_1_15' title="bbox 198 1252 1896 1311; baseline 0.001 -16"><span class='ocrx_word' id='word_1_137' title='bbox 198 1254 237 1295; x_wconf 93' lang='lat'>1.</span> <span class='ocrx_word' id='word_1_138' title='bbox 286 1253 423 1306; x_wconf 83' lang='lat' dir='ltr'>Silius,</span> <span class='ocrx_word' id='word_1_139' title='bbox 458 1259 504 1296; x_wconf 91' lang='lat' dir='ltr'>ut</span> <span class='ocrx_word' id='word_1_140' title='bbox 536 1252 692 1305; x_wconf 90' lang='lat' dir='ltr'>scribis,</span> <span class='ocrx_word' id='word_1_141' title='bbox 727 1253 863 1296; x_wconf 87' lang='lat' dir='ltr'>hodie.</span> <span class='ocrx_word' id='word_1_142' title='bbox 908 1254 1006 1296; x_wconf 86' lang='lat' dir='ltr'>Cras</span> <span class='ocrx_word' id='word_1_143' title='bbox 1038 1253 1164 1309; x_wconf 82' lang='lat' dir='ltr'>igitur</span> <span class='ocrx_word' id='word_1_144' title='bbox 1198 1255 1293 1309; x_wconf 87' lang='lat' dir='ltr'>(tu),</span> <span class='ocrx_word' id='word_1_145' title='bbox 1328 1254 1389 1295; x_wconf 92' lang='lat' dir='ltr'>vel</span> <span class='ocrx_word' id='word_1_146' title='bbox 1422 1254 1556 1310; x_wconf 85' lang='lat' dir='ltr'>pot-ius</span> <span class='ocrx_word' id='word_1_147' title='bbox 1589 1270 1713 1310; x_wconf 84' lang='lat' dir='ltr'>quum</span> <span class='ocrx_word' id='word_1_148' title='bbox 1748 1256 1896 1311; x_wconf 80' lang='lat' dir='ltr'>poteris</span> 
     </span>
     <span class='ocr_line' id='line_1_16' title="bbox 130 1325 1897 1383; baseline 0.002 -15"><span class='ocrx_word' id='word_1_149' title='bbox 130 1325 292 1378; x_wconf 44' lang='lat' dir='ltr'>scribes</span> <span class='ocrx_word' id='word_1_150' title='bbox 333 1327 367 1369; x_wconf 90' lang='lat' dir='ltr'>si</span> <span class='ocrx_word' id='word_1_151' title='bbox 411 1327 510 1383; x_wconf 80' lang='lat' dir='ltr'>quid</span> <span class='ocrx_word' id='word_1_152' title='bbox 543 1327 633 1378; x_wconf 86' lang='lat' dir='ltr'>erit,</span> <span class='ocrx_word' id='word_1_153' title='bbox 668 1342 793 1382; x_wconf 90' lang='lat' dir='ltr'>quum</span> <span class='ocrx_word' id='word_1_154' title='bbox 826 1326 988 1368; x_wconf 85' lang='lat' dir='ltr'>videris.</span> <span class='ocrx_word' id='word_1_155' title='bbox 1023 1327 1110 1368; x_wconf 87' lang='lat' dir='ltr'>Nec</span> <span class='ocrx_word' id='word_1_156' title='bbox 1144 1341 1217 1381; x_wconf 79' lang='lat' dir='ltr'>ego</span> <span class='ocrx_word' id='word_1_157' title='bbox 1251 1326 1423 1368; x_wconf 83' lang='lat' dir='ltr'>Brutum</span> <span class='ocrx_word' id='word_1_158' title='bbox 1457 1327 1540 1369; x_wconf 86' lang='lat' dir='ltr'>vito</span> <span class='ocrx_word' id='word_1_159' title='bbox 1574 1344 1646 1370; x_wconf 90' lang='lat' dir='ltr'>nec</span> <span class='ocrx_word' id='word_1_160' title='bbox 1680 1335 1811 1371; x_wconf 79' lang='lat' dir='ltr'>tamen</span> <span class='ocrx_word' id='word_1_161' title='bbox 1847 1329 1897 1371; x_wconf 86' lang='lat' dir='ltr'>ab</span> 
     </span>
     <span class='ocr_line' id='line_1_17' title="bbox 129 1400 1894 1459; baseline 0.001 -16"><span class='ocrx_word' id='word_1_162' title='bbox 129 1416 176 1442; x_wconf 90' lang='lat' dir='ltr'>eo</span> <span class='ocrx_word' id='word_1_163' title='bbox 214 1401 455 1443; x_wconf 79' lang='lat' dir='ltr'>levationem</span> <span class='ocrx_word' id='word_1_164' title='bbox 498 1400 622 1443; x_wconf 89' lang='lat' dir='ltr'>ullam</span> <span class='ocrx_word' id='word_1_165' title='bbox 665 1406 867 1458; x_wconf 82' lang='lat' dir='ltr'>exspecto,</span> <span class='ocrx_word' id='word_1_166' title='bbox 913 1401 983 1443; x_wconf 90' lang='lat' dir='ltr'>sed</span> <span class='ocrx_word' id='word_1_167' title='bbox 1030 1405 1144 1442; x_wconf 87' lang='lat' dir='ltr'>erant</span> <span class='ocrx_word' id='word_1_168' title='bbox 1187 1415 1345 1451; x_wconf 87' lang='lat' dir='ltr'>causae,</span> <span class='ocrx_word' id='word_1_169' title='bbox 1380 1416 1450 1442; x_wconf 88' lang='lat' dir='ltr'>cur</span> <span class='ocrx_word' id='word_1_170' title='bbox 1482 1401 1557 1443; x_wconf 86' lang='lat' dir='ltr'>hoe</span> <span class='ocrx_word' id='word_1_171' title='bbox 1591 1408 1768 1459; x_wconf 85' lang='lat' dir='ltr'>tempore</span> <span class='ocrx_word' id='word_1_172' title='bbox 1801 1404 1894 1445; x_wconf 83' lang='lat' dir='ltr'>istic</span> 
     </span>
     <span class='ocr_line' id='line_1_18' title="bbox 131 1474 1933 1530; baseline 0.001 -14"><span class='ocrx_word' id='word_1_173' title='bbox 131 1490 215 1516; x_wconf 90' lang='lat' dir='ltr'>esse</span> <span class='ocrx_word' id='word_1_174' title='bbox 259 1474 429 1527; x_wconf 84' lang='lat' dir='ltr'>nollem;</span> <span class='ocrx_word' id='word_1_175' title='bbox 474 1490 574 1530; x_wconf 87' lang='lat' dir='ltr'>quae</span> <span class='ocrx_word' id='word_1_176' title='bbox 616 1475 650 1517; x_wconf 91' lang='lat' dir='ltr'>si</span> <span class='ocrx_word' id='word_1_177' title='bbox 698 1474 935 1527; x_wconf 87' lang='lat' dir='ltr'>manebunt,</span> <span class='ocrx_word' id='word_1_178' title='bbox 981 1474 1208 1530; x_wconf 87' lang='lat' dir='ltr'>quaerenda</span> <span class='ocrx_word' id='word_1_179' title='bbox 1253 1475 1329 1516; x_wconf 86' lang='lat' dir='ltr'>erit</span> <span class='ocrx_word' id='word_1_180' title='bbox 1378 1476 1582 1517; x_wconf 83' lang='lat' dir='ltr'>excusatio</span> <span class='ocrx_word' id='word_1_181' title='bbox 1632 1477 1682 1518; x_wconf 87' lang='lat' dir='ltr'>ad</span> <span class='ocrx_word' id='word_1_182' title='bbox 1724 1477 1898 1518; x_wconf 75' lang='lat' dir='ltr'>&#39;Brutum</span> <span class='ocrx_word' id='word_1_183' title='bbox 1919 1489 1933 1512; x_wconf 73' lang='lat'>5</span> 
     </span>
     <span class='ocr_line' id='line_1_19' title="bbox 131 1548 1896 1605; baseline 0.001 -15"><span class='ocrx_word' id='word_1_184' title='bbox 131 1555 186 1600; x_wconf 89' lang='lat' dir='ltr'>et,</span> <span class='ocrx_word' id='word_1_185' title='bbox 233 1553 280 1590; x_wconf 88' lang='lat' dir='ltr'>ut</span> <span class='ocrx_word' id='word_1_186' title='bbox 327 1563 437 1590; x_wconf 90' lang='lat' dir='ltr'>nunc</span> <span class='ocrx_word' id='word_1_187' title='bbox 480 1553 555 1600; x_wconf 88' lang='lat' dir='ltr'>est,</span> <span class='ocrx_word' id='word_1_188' title='bbox 598 1563 808 1591; x_wconf 89' lang='lat' dir='ltr'>mansurae</span> <span class='ocrx_word' id='word_1_189' title='bbox 860 1548 1062 1590; x_wconf 86' lang='lat' dir='ltr'>videntur.</span> <span class='ocrx_word' id='word_1_190' title='bbox 1110 1551 1150 1590; x_wconf 73' lang='lat'>2.</span> <span class='ocrx_word' id='word_1_191' title='bbox 1185 1548 1246 1590; x_wconf 91' lang='lat' dir='ltr'>De</span> <span class='ocrx_word' id='word_1_192' title='bbox 1279 1549 1420 1602; x_wconf 87' lang='lat' dir='ltr'>hortis,</span> <span class='ocrx_word' id='word_1_193' title='bbox 1455 1565 1615 1605; x_wconf 83' lang='lat' dir='ltr'>quaeso,</span> <span class='ocrx_word' id='word_1_194' title='bbox 1649 1550 1803 1605; x_wconf 80' lang='lat' dir='ltr'>explica</span> <span class='ocrx_word' id='word_1_195' title='bbox 1839 1576 1896 1582; x_wconf 83' lang='lat'>——</span> 
     </span>
     <span class='ocr_line' id='line_1_20' title="bbox 133 1621 1898 1680; baseline 0.002 -17"><span class='ocrx_word' id='word_1_196' title='bbox 133 1627 255 1678; x_wconf 86' lang='lat' dir='ltr'>caput</span> <span class='ocrx_word' id='word_1_197' title='bbox 282 1621 398 1664; x_wconf 84' lang='lat' dir='ltr'>&#39;illud</span> <span class='ocrx_word' id='word_1_198' title='bbox 441 1627 516 1675; x_wconf 90' lang='lat' dir='ltr'>est,</span> <span class='ocrx_word' id='word_1_199' title='bbox 561 1622 668 1678; x_wconf 85' lang='lat' dir='ltr'>quod</span> <span class='ocrx_word' id='word_1_200' title='bbox 712 1622 812 1674; x_wconf 88' lang='lat' dir='ltr'>scis;</span> <span class='ocrx_word' id='word_1_201' title='bbox 854 1623 1050 1678; x_wconf 83' lang='lat' dir='ltr'>sequitur,</span> <span class='ocrx_word' id='word_1_202' title='bbox 1095 1627 1142 1664; x_wconf 88' lang='lat' dir='ltr'>ut</span> <span class='ocrx_word' id='word_1_203' title='bbox 1174 1622 1294 1664; x_wconf 87' lang='lat' dir='ltr'>etiam</span> <span class='ocrx_word' id='word_1_204' title='bbox 1328 1623 1429 1665; x_wconf 81' lang='lat' dir='ltr'>mihi</span> <span class='ocrx_word' id='word_1_205' title='bbox 1460 1624 1538 1679; x_wconf 89' lang='lat' dir='ltr'>ipsi</span> <span class='ocrx_word' id='word_1_206' title='bbox 1573 1623 1764 1678; x_wconf 82' lang='lat' dir='ltr'>quiddam</span> <span class='ocrx_word' id='word_1_207' title='bbox 1797 1640 1898 1680; x_wconf 90' lang='lat' dir='ltr'>opus</span> 
     </span>
     <span class='ocr_line' id='line_1_21' title="bbox 127 1696 1898 1754; baseline 0.002 -16"><span class='ocrx_word' id='word_1_208' title='bbox 127 1697 180 1738; x_wconf 88' lang='lat' dir='ltr'>sit</span> <span class='ocrx_word' id='word_1_209' title='bbox 189 1714 201 1748; x_wconf 89' lang='lat'>;</span> <span class='ocrx_word' id='word_1_210' title='bbox 253 1711 327 1738; x_wconf 91' lang='lat' dir='ltr'>nec</span> <span class='ocrx_word' id='word_1_211' title='bbox 371 1697 479 1739; x_wconf 90' lang='lat' dir='ltr'>enim</span> <span class='ocrx_word' id='word_1_212' title='bbox 511 1713 595 1740; x_wconf 91' lang='lat' dir='ltr'>esse</span> <span class='ocrx_word' id='word_1_213' title='bbox 628 1698 671 1740; x_wconf 92' lang='lat' dir='ltr'>in</span> <span class='ocrx_word' id='word_1_214' title='bbox 703 1697 823 1740; x_wconf 87' lang='lat' dir='ltr'>turba</span> <span class='ocrx_word' id='word_1_215' title='bbox 856 1713 1019 1754; x_wconf 90' lang='lat' dir='ltr'>possum</span> <span class='ocrx_word' id='word_1_216' title='bbox 1052 1712 1126 1739; x_wconf 89' lang='lat' dir='ltr'>nec</span> <span class='ocrx_word' id='word_1_217' title='bbox 1159 1712 1182 1739; x_wconf 90' lang='lat' dir='ltr'>a</span> <span class='ocrx_word' id='word_1_218' title='bbox 1215 1696 1328 1739; x_wconf 85' lang='lat' dir='ltr'>vobis</span> <span class='ocrx_word' id='word_1_219' title='bbox 1361 1697 1520 1750; x_wconf 80' lang='lat' dir='ltr'>abesse3</span> <span class='ocrx_word' id='word_1_220' title='bbox 1554 1698 1649 1740; x_wconf 88' lang='lat' dir='ltr'>huic</span> <span class='ocrx_word' id='word_1_221' title='bbox 1684 1714 1772 1740; x_wconf 87' lang='lat' dir='ltr'>meo</span> <span class='ocrx_word' id='word_1_222' title='bbox 1805 1714 1898 1741; x_wconf 91' lang='lat' dir='ltr'>con-</span> 
     </span>
     <span class='ocr_line' id='line_1_22' title="bbox 127 1770 1898 1829; baseline 0.002 -17"><span class='ocrx_word' id='word_1_223' title='bbox 127 1770 217 1812; x_wconf 83' lang='lat' dir='ltr'>silio</span> <span class='ocrx_word' id='word_1_224' title='bbox 261 1770 364 1813; x_wconf 81' lang='lat' dir='ltr'>nihil</span> <span class='ocrx_word' id='word_1_225' title='bbox 407 1772 561 1829; x_wconf 83' lang='lat' dir='ltr'>reperio</span> <span class='ocrx_word' id='word_1_226' title='bbox 604 1772 683 1814; x_wconf 89' lang='lat' dir='ltr'>isto</span> <span class='ocrx_word' id='word_1_227' title='bbox 732 1772 819 1814; x_wconf 87' lang='lat' dir='ltr'>loco</span> <span class='ocrx_word' id='word_1_228' title='bbox 860 1772 994 1828; x_wconf 87' lang='lat' dir='ltr'>aptius</span> <span class='ocrx_word' id='word_1_229' title='bbox 1002 1791 1014 1823; x_wconf 79' lang='lat'>3</span> <span class='ocrx_word' id='word_1_230' title='bbox 1062 1798 1118 1802; x_wconf 97' lang='lat'><strong>—</strong></span> <span class='ocrx_word' id='word_1_231' title='bbox 1167 1776 1208 1812; x_wconf 91' lang='lat' dir='ltr'>et</span> <span class='ocrx_word' id='word_1_232' title='bbox 1250 1770 1299 1813; x_wconf 89' lang='lat' dir='ltr'>de</span> <span class='ocrx_word' id='word_1_233' title='bbox 1334 1771 1408 1813; x_wconf 88' lang='lat' dir='ltr'>hac</span> <span class='ocrx_word' id='word_1_234' title='bbox 1441 1787 1482 1813; x_wconf 92' lang='lat' dir='ltr'>re</span> <span class='ocrx_word' id='word_1_235' title='bbox 1516 1771 1614 1826; x_wconf 83' lang='lat' dir='ltr'>quid</span> <span class='ocrx_word' id='word_1_236' title='bbox 1646 1773 1708 1814; x_wconf 90' lang='lat' dir='ltr'>tui</span> <span class='ocrx_word' id='word_1_237' title='bbox 1740 1773 1898 1815; x_wconf 86' lang='lat' dir='ltr'>consilii</span> 
     </span>
     <span class='ocr_line' id='line_1_23' title="bbox 127 1844 1951 1901; baseline 0.001 -15"><span class='ocrx_word' id='word_1_238' title='bbox 127 1845 194 1886; x_wconf 90' lang='lat' dir='ltr'>sit.</span> <span class='ocrx_word' id='word_1_239' title='bbox 242 1844 350 1886; x_wconf 88' lang='lat' dir='ltr'>Mihi</span> <span class='ocrx_word' id='word_1_240' title='bbox 397 1860 631 1901; x_wconf 88' lang='lat' dir='ltr'>persuasum</span> <span class='ocrx_word' id='word_1_241' title='bbox 679 1851 740 1887; x_wconf 91' lang='lat' dir='ltr'>est</span> <span class='ocrx_word' id='word_1_242' title='bbox 783 1851 823 1887; x_wconf 93' lang='lat' dir='ltr'>et</span> <span class='ocrx_word' id='word_1_243' title='bbox 867 1860 914 1887; x_wconf 92' lang='lat' dir='ltr'>eo</span> <span class='ocrx_word' id='word_1_244' title='bbox 957 1845 1099 1901; x_wconf 82' lang='lat' dir='ltr'>magis,</span> <span class='ocrx_word' id='word_1_245' title='bbox 1144 1845 1252 1900; x_wconf 90' lang='lat' dir='ltr'>quod</span> <span class='ocrx_word' id='word_1_246' title='bbox 1296 1844 1404 1886; x_wconf 89' lang='lat' dir='ltr'>idem</span> <span class='ocrx_word' id='word_1_247' title='bbox 1446 1845 1626 1887; x_wconf 74' lang='lat' dir='ltr'>intellexi</span> <span class='ocrx_word' id='word_1_248' title='bbox 1659 1845 1736 1887; x_wconf 88' lang='lat' dir='ltr'>tibi</span> <span class='ocrx_word' id='word_1_249' title='bbox 1770 1845 1897 1888; x_wconf 87' lang='lat' dir='ltr'>videri</span> <span class='ocrx_word' id='word_1_250' title='bbox 1918 1855 1951 1881; x_wconf 83' lang='lat'>1⁰</span> 
     </span>
     <span class='ocr_line' id='line_1_24' title="bbox 127 1917 1899 1977; baseline 0.002 -19"><span class='ocrx_word' id='word_1_251' title='bbox 127 1932 190 1959; x_wconf 92' lang='lat' dir='ltr'>me</span> <span class='ocrx_word' id='word_1_252' title='bbox 238 1917 288 1959; x_wconf 88' lang='lat' dir='ltr'>ab</span> <span class='ocrx_word' id='word_1_253' title='bbox 336 1918 468 1974; x_wconf 87' lang='lat' dir='ltr'>Oppio</span> <span class='ocrx_word' id='word_1_254' title='bbox 509 1925 550 1961; x_wconf 90' lang='lat' dir='ltr'>et</span> <span class='ocrx_word' id='word_1_255' title='bbox 591 1918 720 1960; x_wconf 86' lang='lat' dir='ltr'>Balbo</span> <span class='ocrx_word' id='word_1_256' title='bbox 770 1918 883 1961; x_wconf 85' lang='lat' dir='ltr'>valde</span> <span class='ocrx_word' id='word_1_257' title='bbox 936 1918 1065 1973; x_wconf 81' lang='lat' dir='ltr'>diligi.</span> <span class='ocrx_word' id='word_1_258' title='bbox 1136 1918 1239 1960; x_wconf 88' lang='lat' dir='ltr'>Cum</span> <span class='ocrx_word' id='word_1_259' title='bbox 1292 1917 1356 1959; x_wconf 87' lang='lat' dir='ltr'>his</span> <span class='ocrx_word' id='word_1_260' title='bbox 1408 1918 1677 1960; x_wconf 84' lang='lat' dir='ltr'>communices</span> <span class='ocrx_word' id='word_1_261' title='bbox 1730 1925 1899 1977; x_wconf 89' lang='lat' dir='ltr'>quanto-</span> 
     </span>
     <span class='ocr_line' id='line_1_25' title="bbox 126 1991 1897 2051; baseline 0.002 -18"><span class='ocrx_word' id='word_1_262' title='bbox 126 2006 218 2047; x_wconf 87' lang='lat' dir='ltr'>pere</span> <span class='ocrx_word' id='word_1_263' title='bbox 262 1996 302 2034; x_wconf 88' lang='lat' dir='ltr'>et</span> <span class='ocrx_word' id='word_1_264' title='bbox 347 2006 468 2047; x_wconf 88' lang='lat' dir='ltr'>quare</span> <span class='ocrx_word' id='word_1_265' title='bbox 510 1992 628 2034; x_wconf 86' lang='lat' dir='ltr'>velim</span> <span class='ocrx_word' id='word_1_266' title='bbox 669 1991 826 2051; x_wconf 76' lang='lat' dir='ltr'>hortos,</span> <span class='ocrx_word' id='word_1_267' title='bbox 872 1991 942 2033; x_wconf 85' lang='lat' dir='ltr'>sed</span> <span class='ocrx_word' id='word_1_268' title='bbox 973 1991 1016 2032; x_wconf 89' lang='lat' dir='ltr'>id</span> <span class='ocrx_word' id='word_1_269' title='bbox 1049 1992 1106 2032; x_wconf 90' lang='lat' dir='ltr'>ita</span> <span class='ocrx_word' id='word_1_270' title='bbox 1138 2006 1268 2047; x_wconf 85' lang='lat' dir='ltr'>posse,</span> <span class='ocrx_word' id='word_1_271' title='bbox 1303 1991 1336 2032; x_wconf 90' lang='lat' dir='ltr'>si</span> <span class='ocrx_word' id='word_1_272' title='bbox 1369 1991 1605 2047; x_wconf 83' lang='lat' dir='ltr'>expediatur</span> <span class='ocrx_word' id='word_1_273' title='bbox 1637 1992 1738 2034; x_wconf 77' lang='lat' dir='ltr'>illud</span> <span class='ocrx_word' id='word_1_274' title='bbox 1774 1993 1897 2036; x_wconf 82' lang='lat' dir='ltr'>Fabe-</span> 
     </span>
     <span class='ocr_line' id='line_1_26' title="bbox 128 2063 1897 2120; baseline 0.001 -14"><span class='ocrx_word' id='word_1_275' title='bbox 128 2063 300 2106; x_wconf 89' lang='lat' dir='ltr'>rianum.</span> <span class='ocrx_word' id='word_1_276' title='bbox 345 2064 500 2106; x_wconf 89' lang='lat' dir='ltr'>Suntne</span> <span class='ocrx_word' id='word_1_277' title='bbox 545 2064 671 2119; x_wconf 85' lang='lat' dir='ltr'>igitur</span> <span class='ocrx_word' id='word_1_278' title='bbox 705 2070 888 2107; x_wconf 87' lang='lat' dir='ltr'>auctores</span> <span class='ocrx_word' id='word_1_279' title='bbox 918 2064 1075 2107; x_wconf 82' lang='lat' dir='ltr'>futuri?</span> <span class='ocrx_word' id='word_1_280' title='bbox 1109 2065 1143 2106; x_wconf 90' lang='lat' dir='ltr'>si</span> <span class='ocrx_word' id='word_1_281' title='bbox 1176 2080 1255 2120; x_wconf 85' lang='lat' dir='ltr'>qua</span> <span class='ocrx_word' id='word_1_282' title='bbox 1287 2065 1409 2106; x_wconf 90' lang='lat' dir='ltr'>etiam</span> <span class='ocrx_word' id='word_1_283' title='bbox 1441 2065 1596 2108; x_wconf 86' lang='lat' dir='ltr'>iactura</span> <span class='ocrx_word' id='word_1_284' title='bbox 1628 2065 1812 2108; x_wconf 84' lang='lat' dir='ltr'>facienda</span> <span class='ocrx_word' id='word_1_285' title='bbox 1845 2067 1897 2108; x_wconf 90' lang='lat' dir='ltr'>sit</span> 
     </span>
     <span class='ocr_line' id='line_1_27' title="bbox 129 2137 1194 2194; baseline 0 -15"><span class='ocrx_word' id='word_1_286' title='bbox 129 2137 171 2179; x_wconf 90' lang='lat' dir='ltr'>in</span> <span class='ocrx_word' id='word_1_287' title='bbox 204 2137 554 2194; x_wconf 85' lang='lat' dir='ltr'>repraesentandO,</span> <span class='ocrx_word' id='word_1_288' title='bbox 590 2138 722 2193; x_wconf 86' lang='lat' dir='ltr'>quoad</span> <span class='ocrx_word' id='word_1_289' title='bbox 757 2145 938 2194; x_wconf 87' lang='lat' dir='ltr'>possunt,</span> <span class='ocrx_word' id='word_1_290' title='bbox 989 2137 1194 2180; x_wconf 84' lang='lat' dir='ltr'>adducito.</span> 
     </span>
     <span class='ocr_line' id='line_1_28' title="bbox 131 2217 233 2254; baseline 0 0"><span class='ocrx_word' id='word_1_291' title='bbox 131 2217 233 2254; x_wconf 90' lang='lat' dir='ltr'>tum.</span> 
     </span>
    </p>
   </div>
   <div class='ocr_carea' id='block_1_7' title="bbox 302 2138 1949 2268">
    <p class='ocr_par' dir='ltr' id='par_1_10' title="bbox 302 2138 1949 2268">
     <span class='ocr_line' id='line_1_29' title="bbox 1259 2138 1895 2196; baseline 0.005 -17"><span class='ocrx_word' id='word_1_292' title='bbox 1259 2138 1406 2180; x_wconf 84' lang='lat' dir='ltr'>Totum</span> <span class='ocrx_word' id='word_1_293' title='bbox 1439 2139 1546 2180; x_wconf 86' lang='lat' dir='ltr'>enim</span> <span class='ocrx_word' id='word_1_294' title='bbox 1579 2138 1680 2180; x_wconf 88' lang='lat' dir='ltr'>illud</span> <span class='ocrx_word' id='word_1_295' title='bbox 1714 2138 1895 2196; x_wconf 86' lang='lat' dir='ltr'>despera-</span> 
     </span>
     <span class='ocr_line' id='line_1_30' title="bbox 302 2212 1949 2268; baseline 0 -14"><span class='ocrx_word' id='word_1_296' title='bbox 302 2212 487 2267; x_wconf 89' lang='lat' dir='ltr'>Denique</span> <span class='ocrx_word' id='word_1_297' title='bbox 526 2212 728 2268; x_wconf 84' lang='lat' dir='ltr'>intelliges</span> <span class='ocrx_word' id='word_1_298' title='bbox 769 2213 913 2268; x_wconf 81' lang='lat' dir='ltr'>ecquid</span> <span class='ocrx_word' id='word_1_299' title='bbox 946 2212 1144 2254; x_wconf 85' lang='lat' dir='ltr'>inclinent</span> <span class='ocrx_word' id='word_1_300' title='bbox 1176 2212 1225 2253; x_wconf 88' lang='lat' dir='ltr'>ad</span> <span class='ocrx_word' id='word_1_301' title='bbox 1260 2212 1334 2254; x_wconf 89' lang='lat' dir='ltr'>hoc</span> <span class='ocrx_word' id='word_1_302' title='bbox 1367 2228 1499 2254; x_wconf 89' lang='lat' dir='ltr'>meum</span> <span class='ocrx_word' id='word_1_303' title='bbox 1534 2212 1745 2255; x_wconf 75' lang='lat' dir='ltr'>consilium</span> <span class='ocrx_word' id='word_1_304' title='bbox 1781 2213 1893 2255; x_wconf 87' lang='lat' dir='ltr'>adiu-</span> <span class='ocrx_word' id='word_1_305' title='bbox 1918 2220 1949 2244; x_wconf 75' lang='lat'>15</span> 
     </span>
    </p>
   </div>
   <div class='ocr_carea' id='block_1_8' title="bbox 130 2378 1891 2473">
    <p class='ocr_par' dir='ltr' id='par_1_11' title="bbox 130 2378 1891 2473">
     <span class='ocr_line' id='line_1_31' title="bbox 173 2378 1891 2422; baseline -0.001 -12"><span class='ocrx_word' id='word_1_306' title='bbox 173 2379 193 2411; x_wconf 85' lang='lat'>2</span> <span class='ocrx_word' id='word_1_307' title='bbox 217 2379 296 2411; x_wconf 73' lang='lat' dir='ltr'>Cras</span> <span class='ocrx_word' id='word_1_308' title='bbox 315 2379 415 2422; x_wconf 73' lang='lat' dir='ltr'>iqitur</span> <span class='ocrx_word' id='word_1_309' title='bbox 435 2380 486 2411; x_wconf 82' lang='lat' dir='ltr'>vel</span> <span class='ocrx_word' id='word_1_310' title='bbox 507 2398 548 2403; x_wconf 91' lang='lat'><strong>—</strong></span> <span class='ocrx_word' id='word_1_311' title='bbox 569 2379 588 2410; x_wconf 89' lang='lat'><strong>6</strong></span> <span class='ocrx_word' id='word_1_312' title='bbox 610 2379 743 2420; x_wconf 62' lang='lat' dir='ltr'>caplim.</span> <span class='ocrx_word' id='word_1_313' title='bbox 768 2378 867 2420; x_wconf 75' lang='lat' dir='ltr'>Caput</span> <span class='ocrx_word' id='word_1_314' title='bbox 888 2396 930 2402; x_wconf 92' lang='lat'><strong>—</strong></span> <span class='ocrx_word' id='word_1_315' title='bbox 952 2379 971 2410; x_wconf 81' lang='lat'>9</span> <span class='ocrx_word' id='word_1_316' title='bbox 993 2378 1098 2420; x_wconf 78' lang='lat' dir='ltr'>aptius</span> <span class='ocrx_word' id='word_1_317' title='bbox 1105 2392 1116 2415; x_wconf 94' lang='lat'><em>;</em></span> <span class='ocrx_word' id='word_1_318' title='bbox 1147 2381 1179 2410; x_wconf 79' lang='lat' dir='ltr'>et</span> <span class='ocrx_word' id='word_1_319' title='bbox 1201 2379 1241 2410; x_wconf 84' lang='lat' dir='ltr'>de</span> <span class='ocrx_word' id='word_1_320' title='bbox 1263 2379 1325 2410; x_wconf 80' lang='grc' dir='ltr'>Ιιαο</span> <span class='ocrx_word' id='word_1_321' title='bbox 1345 2398 1387 2403; x_wconf 89' lang='grc'>-</span> <span class='ocrx_word' id='word_1_322' title='bbox 1410 2379 1445 2410; x_wconf 90' lang='lat'>11</span> <span class='ocrx_word' id='word_1_323' title='bbox 1470 2381 1588 2420; x_wconf 77' lang='lat' dir='ltr'>quanto</span> <span class='ocrx_word' id='word_1_324' title='bbox 1613 2388 1706 2419; x_wconf 79' lang='lat' dir='ltr'>opere</span> <span class='ocrx_word' id='word_1_325' title='bbox 1721 2397 1761 2402; x_wconf 91' lang='lat'><em>-</em></span> <span class='ocrx_word' id='word_1_326' title='bbox 1780 2379 1816 2409; x_wconf 77' lang='lat'>12</span> <span class='ocrx_word' id='word_1_327' title='bbox 1832 2378 1891 2409; x_wconf 74' lang='lat' dir='ltr'>Fa-</span> 
     </span>
     <span class='ocr_line' id='line_1_32' title="bbox 130 2430 1417 2473; baseline 0 -10"><span class='ocrx_word' id='word_1_328' title='bbox 130 2431 308 2469; x_wconf 66' lang='lat' dir='ltr'>hermam,-</span> <span class='ocrx_word' id='word_1_329' title='bbox 330 2431 435 2463; x_wconf 77' lang='lat' dir='ltr'>sintne</span> <span class='ocrx_word' id='word_1_330' title='bbox 459 2431 482 2463; x_wconf 76' lang='lat' dir='ltr'>i.</span> <span class='ocrx_word' id='word_1_331' title='bbox 503 2442 534 2462; x_wconf 83' lang='lat' dir='ltr'>a.</span> <span class='ocrx_word' id='word_1_332' title='bbox 550 2431 672 2472; x_wconf 79' lang='lat' dir='ltr'>futuri,</span> <span class='ocrx_word' id='word_1_333' title='bbox 693 2430 723 2462; x_wconf 68' lang='lat' dir='ltr'>n·</span> <span class='ocrx_word' id='word_1_334' title='bbox 744 2441 805 2473; x_wconf 79' lang='lat' dir='ltr'>qua</span> <span class='ocrx_word' id='word_1_335' title='bbox 827 2449 868 2455; x_wconf 88' lang='lat'>——</span> <span class='ocrx_word' id='word_1_336' title='bbox 890 2431 931 2462; x_wconf 84' lang='lat'>14</span> <span class='ocrx_word' id='word_1_337' title='bbox 953 2430 1070 2462; x_wconf 81' lang='lat' dir='ltr'>adduci</span> <span class='ocrx_word' id='word_1_338' title='bbox 1091 2448 1132 2453; x_wconf 92' lang='lat'><strong>—</strong></span> <span class='ocrx_word' id='word_1_339' title='bbox 1154 2433 1251 2462; x_wconf 82' lang='lat' dir='ltr'>totum</span> <span class='ocrx_word' id='word_1_340' title='bbox 1275 2431 1355 2463; x_wconf 81' lang='lat' dir='ltr'>enim</span> <span class='ocrx_word' id='word_1_341' title='bbox 1378 2449 1417 2454; x_wconf 85' lang='lat'>——</span> 
     </span>
    </p>
   </div>
   <div class='ocr_carea' id='block_1_9' title="bbox 479 2516 578 2520">
    <p class='ocr_par' dir='ltr' id='par_1_12' title="bbox 479 2516 578 2520">
     <span class='ocr_line' id='line_1_33' title="bbox 479 2516 578 2520; baseline 0 0"><span class='ocrx_word' id='word_1_342' title='bbox 479 2516 578 2520; x_wconf 95' lang='lat' dir='ltr'> </span> 
     </span>
    </p>
   </div>
   <div class='ocr_carea' id='block_1_10' title="bbox 130 2569 991 3253">
    <p class='ocr_par' dir='ltr' id='par_1_13' title="bbox 130 2569 988 2932">
     <span class='ocr_line' id='line_1_34' title="bbox 173 2569 987 2612; baseline 0 -10"><span class='ocrx_word' id='word_1_343' title='bbox 173 2571 192 2612; x_wconf 72' lang='grc' dir='ltr'><strong>ξ</strong></span> <span class='ocrx_word' id='word_1_344' title='bbox 215 2571 243 2602; x_wconf 91' lang='grc'>1.</span> <span class='ocrx_word' id='word_1_345' title='bbox 265 2569 363 2602; x_wconf 75' lang='lat' dir='ltr'>Silius</span> <span class='ocrx_word' id='word_1_346' title='bbox 385 2589 427 2594; x_wconf 93' lang='lat'>—</span> <span class='ocrx_word' id='word_1_347' title='bbox 448 2569 540 2601; x_wconf 72' lang='lat' dir='ltr'>hodie</span> <span class='ocrx_word' id='word_1_348' title='bbox 564 2569 669 2602; x_wconf 76' lang='lat' dir='ltr'>nScil.</span> <span class='ocrx_word' id='word_1_349' title='bbox 692 2577 724 2602; x_wconf 86' lang='lat' dir='ltr'>te</span> <span class='ocrx_word' id='word_1_350' title='bbox 746 2570 922 2602; x_wconf 85' lang='lat' dir='ltr'>conveniet</span> <span class='ocrx_word' id='word_1_351' title='bbox 943 2577 987 2602; x_wconf 85' lang='lat' dir='ltr'>te-</span> 
     </span>
     <span class='ocr_line' id='line_1_35' title="bbox 130 2623 986 2667; baseline -0.001 -11"><span class='ocrx_word' id='word_1_352' title='bbox 130 2634 272 2667; x_wconf 88' lang='lat' dir='ltr'>cumque</span> <span class='ocrx_word' id='word_1_353' title='bbox 294 2630 371 2666; x_wconf 83' lang='lat' dir='ltr'>aget</span> <span class='ocrx_word' id='word_1_354' title='bbox 390 2625 431 2657; x_wconf 91' lang='lat' dir='ltr'>de</span> <span class='ocrx_word' id='word_1_355' title='bbox 452 2625 592 2657; x_wconf 80' lang='lat' dir='ltr'>hortis”.</span> <span class='ocrx_word' id='word_1_356' title='bbox 612 2623 717 2656; x_wconf 89' lang='lat' dir='ltr'>Gron.</span> <span class='ocrx_word' id='word_1_357' title='bbox 737 2623 818 2656; x_wconf 88' lang='lat' dir='ltr'>Post</span> <span class='ocrx_word' id='word_1_358' title='bbox 837 2624 938 2666; x_wconf 73' lang='lat' dir='ltr'>iqitur</span> <span class='ocrx_word' id='word_1_359' title='bbox 951 2624 986 2655; x_wconf 91' lang='lat' dir='ltr'>in</span> 
     </span>
     <span class='ocr_line' id='line_1_36' title="bbox 131 2677 987 2720; baseline -0.004 -9"><span class='ocrx_word' id='word_1_360' title='bbox 131 2678 221 2711; x_wconf 86' lang='lat' dir='ltr'>Med.</span> <span class='ocrx_word' id='word_1_361' title='bbox 243 2684 375 2720; x_wconf 84' lang='lat' dir='ltr'>apparet</span> <span class='ocrx_word' id='word_1_362' title='bbox 397 2688 474 2717; x_wconf 82' lang='lat' dir='ltr'>cum,</span> <span class='ocrx_word' id='word_1_363' title='bbox 502 2678 538 2710; x_wconf 83' lang='lat' dir='ltr'>in</span> <span class='ocrx_word' id='word_1_364' title='bbox 569 2688 633 2720; x_wconf 90' lang='lat' dir='ltr'>quo</span> <span class='ocrx_word' id='word_1_365' title='bbox 655 2678 806 2709; x_wconf 84' lang='lat' dir='ltr'>Klotzius</span> <span class='ocrx_word' id='word_1_366' title='bbox 829 2679 863 2709; x_wconf 81' lang='lat' dir='ltr'>tu</span> <span class='ocrx_word' id='word_1_367' title='bbox 885 2677 987 2708; x_wconf 80' lang='lat' dir='ltr'>latere</span> 
     </span>
     <span class='ocr_line' id='line_1_37' title="bbox 132 2730 986 2774; baseline -0.004 -10"><span class='ocrx_word' id='word_1_368' title='bbox 132 2732 278 2774; x_wconf 76' lang='lat' dir='ltr'>putabat.</span> <span class='ocrx_word' id='word_1_369' title='bbox 318 2732 393 2773; x_wconf 88' lang='lat' dir='ltr'>Ego</span> <span class='ocrx_word' id='word_1_370' title='bbox 421 2731 557 2764; x_wconf 86' lang='lat' dir='ltr'>inserui.</span> <span class='ocrx_word' id='word_1_371' title='bbox 585 2731 653 2762; x_wconf 85' lang='lat' dir='ltr'>Pro</span> <span class='ocrx_word' id='word_1_372' title='bbox 676 2730 786 2771; x_wconf 67' lang='lat' dir='ltr'>patim</span> <span class='ocrx_word' id='word_1_373' title='bbox 814 2730 929 2762; x_wconf 82' lang='lat' dir='ltr'>malim</span> <span class='ocrx_word' id='word_1_374' title='bbox 952 2730 986 2761; x_wconf 90' lang='lat' dir='ltr'>in</span> 
     </span>
     <span class='ocr_line' id='line_1_38' title="bbox 133 2782 988 2826; baseline -0.001 -9"><span class='ocrx_word' id='word_1_375' title='bbox 133 2786 246 2817; x_wconf 88' lang='lat' dir='ltr'>codiee</span> <span class='ocrx_word' id='word_1_376' title='bbox 267 2785 411 2817; x_wconf 86' lang='lat' dir='ltr'>inveniri</span> <span class='ocrx_word' id='word_1_377' title='bbox 432 2784 535 2816; x_wconf 74' lang='lat' dir='ltr'>hodie.</span> <span class='ocrx_word' id='word_1_378' title='bbox 561 2784 637 2816; x_wconf 83' lang='lat' dir='ltr'>Hoc</span> <span class='ocrx_word' id='word_1_379' title='bbox 659 2784 748 2816; x_wconf 89' lang='lat' dir='ltr'>enim</span> <span class='ocrx_word' id='word_1_380' title='bbox 770 2784 877 2826; x_wconf 79' lang='lat' dir='ltr'>aptius</span> <span class='ocrx_word' id='word_1_381' title='bbox 898 2782 988 2816; x_wconf 82' lang='lat' dir='ltr'>Cice-</span> 
     </span>
     <span class='ocr_line' id='line_1_39' title="bbox 134 2836 988 2882; baseline -0.004 -11"><span class='ocrx_word' id='word_1_382' title='bbox 134 2839 225 2871; x_wconf 89' lang='lat' dir='ltr'>ronis</span> <span class='ocrx_word' id='word_1_383' title='bbox 245 2839 479 2882; x_wconf 79' lang='lat' dir='ltr'>impatientiae.</span> <span class='ocrx_word' id='word_1_384' title='bbox 501 2838 596 2879; x_wconf 77' lang='lat' dir='ltr'>Quae</span> <span class='ocrx_word' id='word_1_385' title='bbox 621 2838 785 2870; x_wconf 76' lang='lat' dir='ltr'>adduntur</span> <span class='ocrx_word' id='word_1_386' title='bbox 804 2848 894 2880; x_wconf 83' lang='lat' dir='ltr'>quum</span> <span class='ocrx_word' id='word_1_387' title='bbox 907 2836 988 2868; x_wconf 85' lang='lat' dir='ltr'>vide-</span> 
     </span>
     <span class='ocr_line' id='line_1_40' title="bbox 135 2891 987 2932; baseline -0.002 -8"><span class='ocrx_word' id='word_1_388' title='bbox 135 2893 182 2924; x_wconf 77' lang='lat' dir='ltr'>ris</span> <span class='ocrx_word' id='word_1_389' title='bbox 202 2893 286 2924; x_wconf 88' lang='lat' dir='ltr'>mihi</span> <span class='ocrx_word' id='word_1_390' title='bbox 301 2893 483 2925; x_wconf 81' lang='lat' dir='ltr'>redundare</span> <span class='ocrx_word' id='word_1_391' title='bbox 497 2892 680 2932; x_wconf 83' lang='lat' dir='ltr'>meliusque</span> <span class='ocrx_word' id='word_1_392' title='bbox 696 2891 808 2923; x_wconf 82' lang='lat' dir='ltr'>abesse</span> <span class='ocrx_word' id='word_1_393' title='bbox 825 2891 987 2923; x_wconf 88' lang='lat' dir='ltr'>videntur.</span> 
     </span>
    </p>

    <p class='ocr_par' dir='ltr' id='par_1_14' title="bbox 137 2944 990 3046">
     <span class='ocr_line' id='line_1_41' title="bbox 175 2944 990 2977; baseline -0.002 -1"><span class='ocrx_word' id='word_1_394' title='bbox 175 2944 346 2977; x_wconf 68' lang='lat' dir='ltr'>Excusatio</span> <span class='ocrx_word' id='word_1_395' title='bbox 380 2945 425 2977; x_wconf 85' lang='lat' dir='ltr'>ad</span> <span class='ocrx_word' id='word_1_396' title='bbox 445 2944 590 2976; x_wconf 78' lang='lat' dir='ltr'>Brutum.</span> <span class='ocrx_word' id='word_1_397' title='bbox 612 2944 758 2976; x_wconf 83' lang='lat' dir='ltr'>Rarioris</span> <span class='ocrx_word' id='word_1_398' title='bbox 778 2944 990 2975; x_wconf 84' lang='lat' dir='ltr'>constructio—</span> 
     </span>
     <span class='ocr_line' id='line_1_42' title="bbox 137 2996 990 3046; baseline -0.004 -16"><span class='ocrx_word' id='word_1_399' title='bbox 137 2999 189 3030; x_wconf 86' lang='lat' dir='ltr'>nis</span> <span class='ocrx_word' id='word_1_400' title='bbox 209 2999 362 3040; x_wconf 84' lang='lat' dir='ltr'>exempla</span> <span class='ocrx_word' id='word_1_401' title='bbox 378 2999 520 3046; x_wconf 56' lang='lat' dir='ltr'>collegit</span> <span class='ocrx_word' id='word_1_402' title='bbox 540 2998 694 3029; x_wconf 81' lang='lat' dir='ltr'>Handius</span> <span class='ocrx_word' id='word_1_403' title='bbox 715 2998 750 3030; x_wconf 89' lang='lat' dir='ltr'>in</span> <span class='ocrx_word' id='word_1_404' title='bbox 778 2997 874 3029; x_wconf 83' lang='lat' dir='ltr'>Turs.</span> <span class='ocrx_word' id='word_1_405' title='bbox 900 2996 990 3035; x_wconf 85' lang='lat'>1,94.</span> 
     </span>
    </p>

    <p class='ocr_par' dir='ltr' id='par_1_15' title="bbox 134 3050 991 3253">
     <span class='ocr_line' id='line_1_43' title="bbox 178 3050 991 3094; baseline -0.002 -11"><span class='ocrx_word' id='word_1_406' title='bbox 178 3051 198 3091; x_wconf 67' lang='grc' dir='ltr'><strong>ξ</strong></span> <span class='ocrx_word' id='word_1_407' title='bbox 219 3051 250 3083; x_wconf 78' lang='lat'>2.</span> <span class='ocrx_word' id='word_1_408' title='bbox 273 3051 418 3094; x_wconf 77' lang='lat' dir='ltr'>Sequitur</span> <span class='ocrx_word' id='word_1_409' title='bbox 439 3054 474 3082; x_wconf 80' lang='lat' dir='ltr'>ut</span> <span class='ocrx_word' id='word_1_410' title='bbox 496 3070 538 3074; x_wconf 97' lang='lat'><strong>—</strong></span> <span class='ocrx_word' id='word_1_411' title='bbox 560 3060 636 3092; x_wconf 72' lang='lat' dir='ltr'>opus</span> <span class='ocrx_word' id='word_1_412' title='bbox 655 3050 709 3082; x_wconf 70' lang='lat' dir='ltr'>sit.</span> <span class='ocrx_word' id='word_1_413' title='bbox 730 3050 852 3083; x_wconf 87' lang='lat' dir='ltr'>Merito</span> <span class='ocrx_word' id='word_1_414' title='bbox 872 3050 991 3082; x_wconf 86' lang='lat' dir='ltr'>Ernes-</span> 
     </span>
     <span class='ocr_line' id='line_1_44' title="bbox 136 3102 990 3143; baseline 0 -9"><span class='ocrx_word' id='word_1_415' title='bbox 136 3108 188 3134; x_wconf 87' lang='lat' dir='ltr'>tus</span> <span class='ocrx_word' id='word_1_416' title='bbox 208 3103 260 3135; x_wconf 83' lang='lat' dir='ltr'>his</span> <span class='ocrx_word' id='word_1_417' title='bbox 283 3103 428 3136; x_wconf 85' lang='lat' dir='ltr'>offensus</span> <span class='ocrx_word' id='word_1_418' title='bbox 450 3110 509 3143; x_wconf 86' lang='lat' dir='ltr'>est,</span> <span class='ocrx_word' id='word_1_419' title='bbox 531 3104 667 3136; x_wconf 89' lang='lat' dir='ltr'>sednon</span> <span class='ocrx_word' id='word_1_420' title='bbox 680 3103 819 3136; x_wconf 82' lang='lat' dir='ltr'>feliciter</span> <span class='ocrx_word' id='word_1_421' title='bbox 829 3102 990 3135; x_wconf 87' lang='lat' dir='ltr'>coniecit:</span> 
     </span>
     <span class='ocr_line' id='line_1_45' title="bbox 134 3154 991 3199; baseline -0.001 -12"><span class='ocrx_word' id='word_1_422' title='bbox 134 3157 169 3186; x_wconf 80' lang='lat' dir='ltr'>ut</span> <span class='ocrx_word' id='word_1_423' title='bbox 191 3155 285 3187; x_wconf 78' lang='lat' dir='ltr'>etiam</span> <span class='ocrx_word' id='word_1_424' title='bbox 308 3157 384 3188; x_wconf 75' lang='lat' dir='ltr'>mihi</span> <span class='ocrx_word' id='word_1_425' title='bbox 404 3156 465 3199; x_wconf 77' lang='lat' dir='ltr'>ipsi</span> <span class='ocrx_word' id='word_1_426' title='bbox 484 3156 608 3199; x_wconf 81' lang='lat' dir='ltr'>quidam</span> <span class='ocrx_word' id='word_1_427' title='bbox 633 3156 720 3188; x_wconf 72' lang='lat' dir='ltr'>locus</span> <span class='ocrx_word' id='word_1_428' title='bbox 741 3156 796 3189; x_wconf 70' lang='lat' dir='ltr'>sit.</span> <span class='ocrx_word' id='word_1_429' title='bbox 819 3155 885 3188; x_wconf 91' lang='lat' dir='ltr'>Pro</span> <span class='ocrx_word' id='word_1_430' title='bbox 906 3154 991 3197; x_wconf 84' lang='lat' dir='ltr'>quid-</span> 
     </span>
     <span class='ocr_line' id='line_1_46' title="bbox 135 3211 818 3253; baseline 0 -11"><span class='ocrx_word' id='word_1_431' title='bbox 135 3212 206 3242; x_wconf 80' lang='lat' dir='ltr'>dam</span> <span class='ocrx_word' id='word_1_432' title='bbox 231 3211 367 3244; x_wconf 81' lang='lat' dir='ltr'>fortasse</span> <span class='ocrx_word' id='word_1_433' title='bbox 389 3213 597 3244; x_wconf 78' lang='lat' dir='ltr'>scribendum</span> <span class='ocrx_word' id='word_1_434' title='bbox 623 3212 724 3253; x_wconf 71' lang='lat' dir='ltr'>quiete</span> <span class='ocrx_word' id='word_1_435' title='bbox 747 3212 818 3242; x_wconf 76' lang='lat' dir='ltr'>iam.</span> 
     </span>
    </p>
   </div>
   <div class='ocr_carea' id='block_1_11' title="bbox 201 3266 259 3308">
    <p class='ocr_par' dir='ltr' id='par_1_16' title="bbox 201 3266 259 3308">
     <span class='ocr_line' id='line_1_47' title="bbox 201 3266 259 3308; baseline 0.017 -1"><span class='ocrx_word' id='word_1_436' title='bbox 201 3266 259 3308; x_wconf 89' lang='lat' dir='ltr'>II.</span> 
     </span>
    </p>
   </div>
   <div class='ocr_carea' id='block_1_12' title="bbox 1013 3213 1475 3254">
    <p class='ocr_par' dir='ltr' id='par_1_17' title="bbox 1013 3213 1475 3254">
     <span class='ocr_line' id='line_1_48' title="bbox 1013 3213 1475 3254; baseline -0.009 -11"><span class='ocrx_word' id='word_1_437' title='bbox 1013 3213 1135 3254; x_wconf 70' lang='lat' dir='ltr'>&#39;inlnr</span> <span class='ocrx_word' id='word_1_438' title='bbox 1177 3217 1320 3243; x_wconf 57' lang='lat' dir='ltr'>tutelares</span> <span class='ocrx_word' id='word_1_439' title='bbox 1353 3215 1475 3254; x_wconf 57' lang='grc' dir='ltr'>νΙῂῇινί,</span> 
     </span>
    </p>
   </div>
   <div class='ocr_carea' id='block_1_13' title="bbox 1031 2570 1897 3243">
    <p class='ocr_par' dir='ltr' id='par_1_18' title="bbox 1031 2570 1893 2935">
     <span class='ocr_line' id='line_1_49' title="bbox 1079 2570 1893 2612; baseline 0 -10"><span class='ocrx_word' id='word_1_440' title='bbox 1079 2570 1166 2608; x_wconf 82' lang='lat' dir='ltr'>Quid</span> <span class='ocrx_word' id='word_1_441' title='bbox 1198 2572 1246 2603; x_wconf 78' lang='lat' dir='ltr'>tui</span> <span class='ocrx_word' id='word_1_442' title='bbox 1277 2571 1403 2603; x_wconf 69' lang='lat' dir='ltr'>consilii</span> <span class='ocrx_word' id='word_1_443' title='bbox 1435 2571 1488 2603; x_wconf 75' lang='lat' dir='ltr'>sit.</span> <span class='ocrx_word' id='word_1_444' title='bbox 1521 2571 1710 2603; x_wconf 86' lang='lat' dir='ltr'>Gronovius</span> <span class='ocrx_word' id='word_1_445' title='bbox 1733 2570 1893 2612; x_wconf 82' lang='lat' dir='ltr'>explicuit</span> 
     </span>
     <span class='ocr_line' id='line_1_50' title="bbox 1032 2624 1892 2666; baseline -0.002 -10"><span class='ocrx_word' id='word_1_446' title='bbox 1032 2633 1090 2666; x_wconf 87' lang='lat' dir='ltr'>per</span> <span class='ocrx_word' id='word_1_447' title='bbox 1111 2625 1270 2657; x_wconf 87' lang='lat' dir='ltr'>omissum</span> <span class='ocrx_word' id='word_1_448' title='bbox 1286 2626 1425 2657; x_wconf 87' lang='lat' dir='ltr'>verbum</span> <span class='ocrx_word' id='word_1_449' title='bbox 1437 2628 1591 2666; x_wconf 75' lang='lat' dir='ltr'>exspecto.</span> <span class='ocrx_word' id='word_1_450' title='bbox 1614 2625 1765 2657; x_wconf 79' lang='lat' dir='ltr'>Mosei-us</span> <span class='ocrx_word' id='word_1_451' title='bbox 1777 2624 1892 2665; x_wconf 65' lang='lat' dir='ltr'>symb.</span> 
     </span>
     <span class='ocr_line' id='line_1_51' title="bbox 1033 2677 1892 2721; baseline -0.002 -11"><span class='ocrx_word' id='word_1_452' title='bbox 1033 2677 1114 2711; x_wconf 85' lang='lat' dir='ltr'>Crit.</span> <span class='ocrx_word' id='word_1_453' title='bbox 1137 2679 1237 2711; x_wconf 87' lang='lat' dir='ltr'>VIII.</span> <span class='ocrx_word' id='word_1_454' title='bbox 1261 2679 1280 2710; x_wconf 90' lang='grc'><strong>6</strong></span> <span class='ocrx_word' id='word_1_455' title='bbox 1302 2680 1459 2711; x_wconf 82' lang='lat' dir='ltr'>omissum</span> <span class='ocrx_word' id='word_1_456' title='bbox 1478 2681 1660 2721; x_wconf 81' lang='lat' dir='ltr'>suspicatur</span> <span class='ocrx_word' id='word_1_457' title='bbox 1674 2679 1892 2719; x_wconf 71' lang='lat' dir='ltr'>mihiperscri-</span> 
     </span>
     <span class='ocr_line' id='line_1_52' title="bbox 1031 2732 1892 2774; baseline -0.002 -10"><span class='ocrx_word' id='word_1_458' title='bbox 1031 2732 1094 2764; x_wconf 74' lang='lat' dir='ltr'>bes.</span> <span class='ocrx_word' id='word_1_459' title='bbox 1116 2733 1191 2774; x_wconf 86' lang='lat' dir='ltr'>Ego</span> <span class='ocrx_word' id='word_1_460' title='bbox 1213 2733 1313 2765; x_wconf 85' lang='lat' dir='ltr'>verba</span> <span class='ocrx_word' id='word_1_461' title='bbox 1334 2734 1380 2765; x_wconf 90' lang='lat' dir='ltr'>sic</span> <span class='ocrx_word' id='word_1_462' title='bbox 1409 2734 1559 2769; x_wconf 82' lang='lat' dir='ltr'>distinxi,</span> <span class='ocrx_word' id='word_1_463' title='bbox 1581 2740 1617 2765; x_wconf 89' lang='lat' dir='ltr'>ut</span> <span class='ocrx_word' id='word_1_464' title='bbox 1638 2738 1791 2774; x_wconf 81' lang='lat' dir='ltr'>appareat</span> <span class='ocrx_word' id='word_1_465' title='bbox 1811 2732 1892 2763; x_wconf 82' lang='lat' dir='ltr'>haec</span> 
     </span>
     <span class='ocr_line' id='line_1_53' title="bbox 1031 2786 1891 2828; baseline -0.002 -10"><span class='ocrx_word' id='word_1_466' title='bbox 1031 2788 1175 2828; x_wconf 85' lang='lat' dir='ltr'>pendere</span> <span class='ocrx_word' id='word_1_467' title='bbox 1203 2788 1244 2819; x_wconf 83' lang='lat' dir='ltr'>ab</span> <span class='ocrx_word' id='word_1_468' title='bbox 1273 2788 1408 2828; x_wconf 71' lang='lat' dir='ltr'>explica.</span> <span class='ocrx_word' id='word_1_469' title='bbox 1437 2788 1537 2820; x_wconf 83' lang='lat' dir='ltr'>Recte</span> <span class='ocrx_word' id='word_1_470' title='bbox 1558 2788 1692 2819; x_wconf 84' lang='lat' dir='ltr'>dicitur:</span> <span class='ocrx_word' id='word_1_471' title='bbox 1716 2786 1765 2818; x_wconf 90' lang='lat' dir='ltr'>De</span> <span class='ocrx_word' id='word_1_472' title='bbox 1788 2786 1891 2817; x_wconf 84' lang='lat' dir='ltr'>hortis</span> 
     </span>
     <span class='ocr_line' id='line_1_54' title="bbox 1033 2839 1885 2882; baseline -0.002 -11"><span class='ocrx_word' id='word_1_473' title='bbox 1033 2840 1164 2882; x_wconf 86' lang='lat' dir='ltr'>explica</span> <span class='ocrx_word' id='word_1_474' title='bbox 1195 2847 1226 2873; x_wconf 87' lang='lat' dir='ltr'>et</span> <span class='ocrx_word' id='word_1_475' title='bbox 1259 2842 1434 2873; x_wconf 86' lang='lat' dir='ltr'>consilium</span> <span class='ocrx_word' id='word_1_476' title='bbox 1465 2849 1559 2873; x_wconf 87' lang='lat' dir='ltr'>tuum</span> <span class='ocrx_word' id='word_1_477' title='bbox 1587 2842 1627 2872; x_wconf 86' lang='lat' dir='ltr'>de</span> <span class='ocrx_word' id='word_1_478' title='bbox 1648 2841 1710 2872; x_wconf 82' lang='lat' dir='ltr'>hac</span> <span class='ocrx_word' id='word_1_479' title='bbox 1732 2849 1766 2871; x_wconf 91' lang='lat' dir='ltr'>re</span> <span class='ocrx_word' id='word_1_480' title='bbox 1788 2849 1821 2870; x_wconf 75' lang='lat' dir='ltr'>o:</span> <span class='ocrx_word' id='word_1_481' title='bbox 1846 2839 1885 2869; x_wconf 82' lang='lat' dir='ltr'>dc</span> 
     </span>
     <span class='ocr_line' id='line_1_55' title="bbox 1035 2895 1374 2935; baseline 0.003 -10"><span class='ocrx_word' id='word_1_482' title='bbox 1035 2902 1083 2932; x_wconf 85' lang='lat' dir='ltr'>eo,</span> <span class='ocrx_word' id='word_1_483' title='bbox 1107 2895 1197 2935; x_wconf 87' lang='lat' dir='ltr'>quod</span> <span class='ocrx_word' id='word_1_484' title='bbox 1218 2895 1374 2935; x_wconf 83' lang='lat' dir='ltr'>sequitur.</span> 
     </span>
    </p>

    <p class='ocr_par' dir='ltr' id='par_1_19' title="bbox 1033 2946 1893 3099">
     <span class='ocr_line' id='line_1_56' title="bbox 1081 2946 1891 2980; baseline -0.006 0"><span class='ocrx_word' id='word_1_485' title='bbox 1081 2947 1156 2980; x_wconf 85' lang='lat' dir='ltr'>Cum</span> <span class='ocrx_word' id='word_1_486' title='bbox 1176 2948 1227 2979; x_wconf 75' lang='lat' dir='ltr'>his</span> <span class='ocrx_word' id='word_1_487' title='bbox 1256 2948 1465 2980; x_wconf 79' lang='lat' dir='ltr'>communices.</span> <span class='ocrx_word' id='word_1_488' title='bbox 1498 2949 1578 2980; x_wconf 86' lang='lat' dir='ltr'>Post</span> <span class='ocrx_word' id='word_1_489' title='bbox 1599 2948 1661 2979; x_wconf 87' lang='lat' dir='ltr'>hoc</span> <span class='ocrx_word' id='word_1_490' title='bbox 1685 2947 1820 2979; x_wconf 83' lang='lat' dir='ltr'>verbum</span> <span class='ocrx_word' id='word_1_491' title='bbox 1845 2946 1891 2976; x_wconf 83' lang='lat' dir='ltr'>in-</span> 
     </span>
     <span class='ocr_line' id='line_1_57' title="bbox 1033 2999 1893 3044; baseline -0.005 -11"><span class='ocrx_word' id='word_1_492' title='bbox 1033 3001 1202 3034; x_wconf 80' lang='lat' dir='ltr'>tercidisse</span> <span class='ocrx_word' id='word_1_493' title='bbox 1223 3002 1353 3035; x_wconf 84' lang='lat' dir='ltr'>videtur</span> <span class='ocrx_word' id='word_1_494' title='bbox 1374 3013 1500 3044; x_wconf 72' lang='lat' dir='ltr'>quaese,</span> <span class='ocrx_word' id='word_1_495' title='bbox 1527 3002 1715 3043; x_wconf 83' lang='lat' dir='ltr'>neglectum</span> <span class='ocrx_word' id='word_1_496' title='bbox 1739 3011 1756 3031; x_wconf 85' lang='lat' dir='ltr'>a</span> <span class='ocrx_word' id='word_1_497' title='bbox 1779 2999 1893 3031; x_wconf 84' lang='lat' dir='ltr'>scribis</span> 
     </span>
     <span class='ocr_line' id='line_1_58' title="bbox 1035 3056 1402 3099; baseline 0 -11"><span class='ocrx_word' id='word_1_498' title='bbox 1035 3056 1079 3088; x_wconf 92' lang='lat' dir='ltr'>ob</span> <span class='ocrx_word' id='word_1_499' title='bbox 1107 3066 1249 3098; x_wconf 84' lang='lat' dir='ltr'>sequens</span> <span class='ocrx_word' id='word_1_500' title='bbox 1275 3059 1402 3099; x_wconf 83' lang='lat' dir='ltr'>quanto.</span> 
     </span>
    </p>

    <p class='ocr_par' dir='ltr' id='par_1_20' title="bbox 1037 3107 1897 3243">
     <span class='ocr_line' id='line_1_59' title="bbox 1078 3107 1896 3150; baseline -0.006 -8"><span class='ocrx_word' id='word_1_501' title='bbox 1078 3109 1168 3142; x_wconf 83' lang='lat' dir='ltr'><em>Illud</em></span> <span class='ocrx_word' id='word_1_502' title='bbox 1206 3110 1425 3142; x_wconf 76' lang='lat' dir='ltr'>Faberianum.</span> <span class='ocrx_word' id='word_1_503' title='bbox 1471 3109 1522 3141; x_wconf 87' lang='lat' dir='ltr'>Cf.</span> <span class='ocrx_word' id='word_1_504' title='bbox 1557 3119 1607 3150; x_wconf 90' lang='lat' dir='ltr'>ep.</span> <span class='ocrx_word' id='word_1_505' title='bbox 1646 3110 1695 3145; x_wconf 80' lang='lat'>21,</span> <span class='ocrx_word' id='word_1_506' title='bbox 1733 3108 1763 3138; x_wconf 77' lang='lat'>2.</span> <span class='ocrx_word' id='word_1_507' title='bbox 1793 3108 1843 3145; x_wconf 81' lang='lat'>25,</span> <span class='ocrx_word' id='word_1_508' title='bbox 1868 3107 1896 3138; x_wconf 90' lang='lat' dir='ltr'>l.</span> 
     </span>
     <span class='ocr_line' id='line_1_60' title="bbox 1037 3159 1895 3200; baseline -0.007 -6"><span class='ocrx_word' id='word_1_509' title='bbox 1037 3163 1087 3200; x_wconf 89' lang='lat'>31,</span> <span class='ocrx_word' id='word_1_510' title='bbox 1118 3163 1147 3194; x_wconf 81' lang='lat'>2.</span> <span class='ocrx_word' id='word_1_511' title='bbox 1191 3162 1271 3194; x_wconf 85' lang='lat' dir='ltr'>Post</span> <span class='ocrx_word' id='word_1_512' title='bbox 1302 3163 1383 3193; x_wconf 84' lang='lat' dir='ltr'>haec</span> <span class='ocrx_word' id='word_1_513' title='bbox 1419 3162 1517 3193; x_wconf 83' lang='lat' dir='ltr'>verba</span> <span class='ocrx_word' id='word_1_514' title='bbox 1554 3162 1585 3192; x_wconf 85' lang='lat' dir='ltr'>in</span> <span class='ocrx_word' id='word_1_515' title='bbox 1627 3160 1714 3191; x_wconf 85' lang='lat' dir='ltr'>Med.</span> <span class='ocrx_word' id='word_1_516' title='bbox 1747 3166 1811 3190; x_wconf 84' lang='lat' dir='ltr'>est:</span> <span class='ocrx_word' id='word_1_517' title='bbox 1847 3159 1895 3189; x_wconf 76' lang='lat' dir='ltr'>sin</span> 
     </span>
     <span class='ocr_line' id='line_1_61' title="bbox 1528 3212 1897 3243; baseline -0.008 0"><span class='ocrx_word' id='word_1_518' title='bbox 1528 3214 1562 3243; x_wconf 81' lang='lat' dir='ltr'>ln</span> <span class='ocrx_word' id='word_1_519' title='bbox 1606 3212 1676 3242; x_wconf 67' lang='lat' dir='ltr'>cod.</span> <span class='ocrx_word' id='word_1_520' title='bbox 1719 3212 1749 3241; x_wconf 80' lang='lat' dir='ltr'>in</span> <span class='ocrx_word' id='word_1_521' title='bbox 1795 3221 1897 3243; x_wconf 58' lang='lat' dir='ltr'>maru.</span> 
     </span>
    </p>
   </div>
   <div class='ocr_carea' id='block_1_14' title="bbox 1660 3268 1709 3306">
    <p class='ocr_par' dir='ltr' id='par_1_21' title="bbox 1660 3268 1709 3306">
     <span class='ocr_line' id='line_1_62' title="bbox 1660 3268 1709 3306; baseline -0.041 0"><span class='ocrx_word' id='word_1_522' title='bbox 1660 3268 1709 3306; x_wconf 62' lang='lat' dir='ltr'>lt}</span> 
     </span>
    </p>
   </div>
  </div>
 </body>
</html>
