2062 3565
641 170 747 212 LIB.
784 170 835 211 λ’.
875 170 958 212 ΕΡ.
996 172 1065 212 16.
1107 170 1174 210 17.
1713 173 1793 210 125

31 303 188 349 Deinde
232 302 424 366 Serapion
472 318 563 345 cum
605 304 774 360 epistola
816 310 901 356 tua,
935 320 1055 360 quam
1088 306 1321 361 priusquam
1354 307 1611 362 aperuissem,
1645 305 1727 347 dixi
1762 307 1796 347 ei

31 383 72 423 te
115 377 164 420 ad
207 391 270 419 me
315 376 365 419 de
410 392 456 419 eo
501 378 705 434 scripsisse
749 384 881 430 antea,
915 383 962 420 ut
994 379 1155 421 feceras.
1192 380 1361 431 Deinde,
1395 380 1563 436 epistola
1595 380 1621 423 †
1638 380 1799 435 scripta,

33 449 350 495 cumulatissime
394 454 539 492 cetera.
589 452 644 493 Et
695 452 856 494 hercule
899 453 1102 495 hominem
1148 453 1295 509 probo;
1341 470 1431 496 nam
1484 461 1524 496 et
1566 454 1728 495 doctum
1762 459 1802 494 et

32 523 201 584 probum
244 524 445 566 existimo.
501 525 612 577 Quin
661 526 781 567 etiam
827 527 918 568 navi
961 527 1046 568 eius
1080 542 1142 568 me
1179 533 1220 568 et
1252 528 1338 583 ipso
1372 533 1605 570 convectore
1637 541 1802 568 usurum

16 600 146 655 puto.
182 599 222 638 2.
257 597 407 640 Crebro
439 599 603 640 refricat
635 599 850 655 lippitudo,
897 616 979 642 11011
1011 600 1081 641 illa
1114 600 1275 655 quidem
1311 601 1532 657 perodiosa,
1568 600 1635 642 sed
1669 606 1802 641 tamen

0 721 3 726 ,
34 659 155 728 quae⁸
180 671 376 726 impediat
423 673 681 729 scriptionem
731 689 874 715 meam.
926 673 1208 715 Valetudinem
1253 679 1365 716 tuam
1407 676 1485 716 10111
1531 676 1801 716 confirmatam

34 760 117 788 esse
149 750 190 786 et
222 760 245 786 a
277 750 409 787 vetere
452 745 592 788 morbo
640 751 680 787 et
725 762 747 787 a
791 746 906 788 novis
950 746 1283 802 temptationibus
1331 747 1501 802 gaudeo.
1551 749 1592 788 3.
1626 747 1802 788 Ocellam

35 818 172 860 vellem
206 817 458 861 haberemus.
495 818 696 860 Videntur
731 819 837 860 enim
872 834 957 860 esse
990 819 1087 860 haec
1109 819 1244 874 paullo
1268 819 1459 860 faciliora.
1496 820 1618 862 Nunc
1642 820 1805 875 quidem

13 883 334 960 'aequinoctium
377 908 450 934 nos
495 897 684 943 moratur,
730 892 838 948 quod
874 891 988 933 valde
1022 891 1299 947 perturbatum
1334 899 1432 933 erat.
1467 892 1513 933 Id
1550 893 1582 934 si
1616 890 1804 952 ἄκραὲς

35 965 124 1018 erit,
169 966 324 1008 utinam
370 966 477 1008 idem
524 968 704 1008 maneat!
753 966 971 1007 Hortensio
1021 965 1198 1020 quidem,
1232 970 1280 1007 ut
1312 965 1443 1007 adhuc
1471 971 1568 1018 erat,
1603 966 1807 1007 liberalius

41 1054 123 1082 esse
155 1040 258 1082 nihil
291 1045 436 1097 potest.
473 1044 515 1082 4.
549 1040 609 1082 De
643 1040 861 1096 diplomate
895 1039 1119 1091 admiraris,
1155 1040 1269 1094 quasi
1301 1040 1435 1081 nescio
1469 1041 1584 1082 cuius
1602 1046 1640 1081 te
1664 1038 1805 1094 flagitii

40 1113 321 1157 insimularim.
371 1114 508 1168 Negas
550 1114 657 1155 enim
700 1117 740 1154 te
784 1112 970 1168 reperire,
1016 1112 1086 1167 qui
1127 1112 1228 1153 mihi
1271 1112 1314 1153 id
1358 1113 1400 1155 in
1435 1117 1607 1155 mentem
1641 1112 1807 1153 venerit.

2 1202 6 1207 ·
42 1187 127 1242 Ego
167 1191 316 1237 autem,
359 1187 454 1242 quia
496 1187 710 1242 scripseras
768 1191 807 1227 te
849 1186 1047 1241 proficisci
1088 1186 1276 1240 cogitare,
1324 1211 1380 1215 —
1426 1187 1572 1228 etenim
1606 1185 1808 1227 audieram

81 1363 121 1394 10
143 1365 269 1394 maneat
290 1361 505 1394 Hortensius!
527 1361 680 1404 siquidem
704 1381 744 1386 —

90 1520 204 1553 Vellem
216 1523 323 1553 celera
335 1521 413 1552 eius.
428 1521 623 1552 Admodum
636 1522 718 1553 dure
732 1521 903 1563 supplent:

0 1563 23 1603 Ὗ·
42 1582 151 1609 essent
171 1576 223 1607 his
245 1576 378 1614 similia,
401 1585 486 1617 quae
508 1576 604 1607 dixit.
627 1576 780 1607 Verbum
802 1577 836 1607 in
851 1577 903 1608 his

0 1651 5 1660 .
41 1629 143 1661 latere
161 1634 249 1670 puto,
265 1629 354 1670 q'uod
368 1629 455 1670 regit
471 1634 668 1669 sequentem
680 1628 906 1660 accusativum
929 1623 931 1643 ³

0 1664 149 1734 {velun
178 1681 288 1712 vellem
313 1680 490 1712 audivisses
508 1691 599 1722 quam
618 1699 657 1703 -
681 1678 846 1714 ἐκτένειαν
870 1691 901 1713 o:

0 1734 29 1792 Ξ·
41 1739 206 1781 prolixam
228 1738 483 1770 benevolentiae
506 1737 798 1778 significationem.

0 1798 29 1831 9„
82 1791 225 1834 &istola
252 1791 412 1832 †scripta.
440 1790 496 1823 Sic
517 1792 607 1823 Med.
630 1795 664 1843 ψ.
687 1791 773 1823 Ball.
808 1791 907 1830 Quod

0 1827 22 1878 ‘⁴⁴2‘
41 1846 142 1888 vulgo
165 1845 275 1877 editur
295 1845 380 1876 lecta
402 1844 497 1876 nulla
517 1849 606 1876 certa
628 1844 746 1875 nititur
767 1844 907 1875 auctori-

3 1894 25 1936 ’ἱ
41 1904 115 1932 tate.
146 1897 293 1932 Orellius
327 1898 414 1930 coni.
437 1908 484 1938 ep.
507 1897 619 1934 scissa,
642 1897 756 1928 Klotz.
780 1899 904 1937 aperta,

0 1948 28 2009 'Li
44 1953 135 1994 quod
155 1952 269 1994 probo.

0 2012 24 2044 ῥ’
83 2005 168 2036 Navi
195 2005 262 2036 vius
296 2015 330 2036 o:
361 2004 449 2042 navi,
477 2013 560 2045 quae
589 2003 804 2044 Serapionem
834 2001 900 2032 huc

0 2058 7 2086 -’
42 2059 146 2092 vexit.
170 2059 315 2092 Videtur
326 2064 436 2090 autem
451 2058 505 2090 hic
522 2057 659 2099 Serapio
674 2057 774 2088 fuisse
791 2047 905 2088 servus

0 2100 191 2169 &literatus
215 2113 328 2151 Attici,
353 2122 453 2154 quem
474 2112 510 2144 in
533 2111 687 2153 Dionysii
709 2111 821 2142 locum
843 2110 906 2142 filii

3 2166 24 2205 {2
43 2166 231 2199 educationi
253 2175 454 2208 praeponere
477 2166 654 2207 cogitabat.

0 2215 26 2247 F
83 2218 102 2259 ᾗ
124 2220 154 2251 2.
176 2218 322 2260 Refrieat
342 2218 498 2260 lippitudo
526 2229 561 2249 οι
585 2224 776 2254 renovatur,
799 2226 904 2248 recru-

0 2247 23 2332 ξ
44 2272 156 2305 deecit.
175 2272 285 2304 Usum
309 2273 399 2304 verbi
421 2271 671 2303 intransitivum
685 2271 779 2302 nullo
792 2280 904 2301 exem-

34 2327 98 2369 plo
128 2327 259 2359 munire
286 2337 429 2368 possum,
459 2335 520 2358 nec
551 2326 661 2367 potuit
696 2326 832 2357 Ellendt
865 2325 906 2356 ad

0 2334 26 2420 ἓ
44 2377 114 2413 Cic.
134 2381 176 2412 de
197 2378 289 2412 Orat.
312 2379 355 2411 V.
377 2380 423 2411 II.
446 2389 477 2420 p.
500 2378 560 2410 265
575 2378 753 2418 refricandz'
767 2379 906 2409 verbum

0 2417 29 2512 ξ
42 2433 221 2466 illustrans.
232 2433 348 2465 Potest
355 2442 488 2474 quoque
497 2432 604 2463 active
614 2431 770 2472 intelligi,
783 2431 906 2462 omisso

44 2497 110 2520 aec.
131 2498 190 2519 me.

88 2542 107 2582 ξ
129 2543 159 2574 3.
186 2539 339 2572 Videntur
361 2559 402 2564 —
414 2539 586 2580 faciliora.
629 2539 708 2570 Non
739 2538 825 2569 male
849 2536 906 2569 Or.

0 2611 2 2618 ι
45 2594 199 2627 coniecit:
230 2593 425 2630 viderentur,
460 2603 504 2624 sc.
526 2592 554 2623 si
591 2591 740 2624 Ocellam
774 2591 907 2622 habere-

23 2663 26 2666 *
46 2659 131 2682 mus.
474 2653 478 2656 “

27 2693 31 2699 ’
85 2703 333 2746 Aequinoctium.
354 2701 619 2743 Aequinoctium
642 2708 794 2736 vernum,
817 2699 907 2740 quod

47 2768 135 2790 nunc
162 2758 280 2790 incidit
307 2757 342 2788 in
365 2767 393 2788 a.
417 2757 449 2787 d.
472 2754 563 2786 VIII
592 2753 669 2784 Kal.
702 2752 840 2794 Aprilis,
869 2758 908 2783 ut

3 2848 10 2857 ,f
46 2818 178 2855 apparet
199 2822 243 2845 ex
264 2811 506 2852 subscriptione
527 2808 626 2839 huius
649 2807 821 2848 epistolae,
848 2806 906 2838 illo

47 2875 134 2898 anno
154 2865 219 2898 fuit
240 2875 260 2897 a
292 2866 324 2896 d.
348 2863 475 2896 XVIII
497 2861 573 2893 Kal.
596 2860 719 2892 Iunias.
751 2859 801 2892 Cf.
824 2859 906 2901 disp.

46 2917 86 2952 G.
106 2919 146 2952 F.
167 2918 287 2951 Korbii
321 2918 357 2949 in
394 2915 512 2949 Orellii
541 2913 662 2947 Onom.
692 2913 783 2944 Tull.
817 2912 854 2944 P.
879 2913 907 2944 I.

2 2981 33 3011 :5⁴
48 2982 82 3015 p-
103 2974 175 3006 139.

0 3026 31 3057 ’ᾗ
90 3025 133 3058 Id
162 3027 192 3058 si
233 3023 357 3070 ἀκραὲς
394 3024 466 3062 erit,
496 3023 617 3054 utinam
646 3022 729 3054 idem
759 3023 908 3053 maneat!

0 3070 34 3115 ².
50 3079 230 3120 Hortensio,
259 3081 392 3124 quidem,
429 3082 464 3111 ut
492 3079 597 3111 adhuc
626 3081 707 3117 erat,
742 3077 908 3110 liberalius

3 3132 13 3149 .·
30 3133 34 3139 '
49 3142 116 3165 esse
137 3133 220 3165 nihil
234 3135 351 3175 potest.
374 3133 427 3164 Ita
447 3132 529 3164 11000
552 3141 571 3163 0
594 3141 647 3163 1110
664 3131 838 3163 emendata
853 3139 909 3162 ex-

1513 1318 1540 1373 Q

953 1525 1097 1566 quinum
1120 1525 1190 1562 erit,
1226 1524 1327 1556 velim
1357 1524 1576 1565 tranquillum
1606 1530 1745 1561 maneat,
1774 1528 1811 1554 ut

954 1588 1016 1619 ego
1039 1587 1083 1610 ex
1113 1578 1211 1609 Italia
1239 1578 1407 1609 discedere
1444 1578 1576 1619 possim.
1613 1577 1812 1608 Hortensius

953 1638 1042 1664 certe
1072 1632 1253 1664 discessum
1283 1641 1394 1664 meum
1426 1641 1493 1663 non
1528 1632 1691 1673 impediet.
1734 1631 1810 1662 Non

954 1690 1065 1717 tamen
1089 1686 1233 1717 diffiteor
1255 1685 1355 1716 etiam
1377 1685 1487 1722 verba,
1512 1689 1548 1716 ut
1572 1684 1675 1725 vulgo
1698 1684 1812 1724 legun-

952 1743 1014 1775 tur,
1037 1739 1244 1769 commodam
1266 1743 1431 1778 praestare
1455 1737 1663 1768 sententiam.

996 1791 1016 1831 ξ)
1038 1792 1067 1822 4.
1091 1790 1140 1822 De
1166 1790 1345 1832 diplomate.
1368 1790 1409 1821 cf.
1439 1799 1489 1832 ep.
1520 1790 1558 1821 13
1588 1794 1672 1821 extr.
1700 1789 1812 1830 Diplo-

953 1850 1043 1876 mata
1064 1850 1143 1876 sunt
1163 1845 1296 1876 tabulae
1318 1844 1479 1886 publicae,
1501 1844 1621 1886 quibus
1643 1843 1741 1875 alicui
1755 1843 1812 1874 ali-

955 1898 1035 1939 quid
1055 1897 1257 1929 conceditur.
1281 1897 1376 1928 Varii
1389 1897 1520 1938 generis
1532 1896 1713 1938 diplomata
1728 1896 1813 1937 apud

954 1953 1107 1993 antiquos
1143 1953 1317 1993 scriptores
1358 1957 1594 1989 memorantur,
1635 1951 1692 1982 sed
1719 1950 1813 1981 nulla

953 2005 1158 2047 frequentius
1180 2015 1277 2047 quam
1301 2015 1348 2043 ea,
1372 2005 1491 2046 quibus
1524 2004 1643 2035 evectio
1676 2003 1729 2035 vel
1763 2003 1813 2034 ius

952 2060 1067 2092 utendi
1089 2069 1186 2091 cursu
1209 2059 1344 2100 publico
1366 2059 1503 2100 privatis
1536 2057 1727 2089 hominibus
1760 2057 1813 2087 da·

954 2113 1059 2145 batur.
1082 2113 1176 2144 Haec
1198 2112 1270 2144 sola
1291 2118 1371 2144 nota
1394 2111 1496 2143 fuisse
1518 2111 1672 2142 videntur
1702 2110 1812 2146 Bosio,

953 2176 1057 2207 quum
1080 2166 1121 2196 ad
1144 2165 1264 2197 ultima
1286 2165 1387 2196 verba
1409 2173 1461 2205 ep.
1488 2164 1526 2194 13
1549 2163 1706 2194 scriberet
1727 2161 1814 2193 Atti-

953 2229 1039 2257 cum,
1069 2224 1106 2250 ut
1138 2224 1208 2250 tum
1237 2219 1372 2260 putabat
1402 2217 1528 2255 Cicero,
1557 2216 1739 2248 obtinuisse
1767 2215 1813 2246 di·

953 2273 1075 2314 ploma,
1098 2282 1163 2313 quo
1185 2271 1247 2312 ipsi
1270 2271 1386 2302 liceret
1407 2280 1500 2301 cursu
1516 2269 1642 2310 publico
1656 2279 1698 2300 ex
1716 2267 1814 2299 Italia

954 2326 1056 2357 exire.
1082 2325 1182 2363 Quod
1204 2324 1293 2355 addit
1325 2332 1418 2354 eursu
1431 2322 1558 2364 publico
1592 2321 1712 2352 falsum
1744 2329 1812 2352 esse

953 2385 1085 2422 apparet
1108 2389 1126 2411 e
1157 2379 1267 2410 verbis
1299 2378 1486 2410 Ciceronis:
1516 2376 1626 2408 etenim
1650 2376 1811 2406 audie’ram

954 2433 1070 2464 nemim·
1093 2441 1221 2464 ALITER
1243 2432 1357 2468 ἤθει-ε,-
1389 2437 1422 2463 et
1451 2430 1587 2462 omnino
1617 2429 1711 2460 nullo
1734 2428 1813 2458 satis

953 2493 1041 2518 certo
1048 2491 1245 2527 argumento
1255 2484 1473 2516 demonstrari
1483 2488 1589 2525 potest
1605 2488 1680 2513 ante
1699 2483 1813 2521 Augu-

953 2545 1042 2570 stum
1063 2549 1197 2570 cursum
1218 2538 1389 2579 publicum
1401 2537 1436 2568 in
1455 2536 1552 2567 Italia
1567 2535 1619 2566 vel
1632 2541 1725 2566 extra
1740 2543 1812 2565 eam

953 2594 1053 2625 fuisse
1075 2593 1276 2624 institutum.
1308 2592 1396 2623 Vere
1418 2591 1450 2622 h.
1477 2591 1499 2621 l.
1534 2595 1708 2621 monuerat
1738 2588 1810 2619 Ma-

953 2646 1066 2677 nutius
1089 2645 1284 2677 Ciceronem
1307 2645 1342 2676 in
1365 2654 1403 2676 ea
1424 2643 1582 2684 opinione
1596 2642 1705 2678 fuisse,
1726 2640 1811 2671 Atti-

953 2708 1030 2730 cum
1052 2708 1072 2729 a
1092 2698 1256 2740 praefecto
1278 2697 1368 2728 urbis
1385 2696 1561 2736 sumpsisse
1573 2694 1728 2735 diploma,
1747 2702 1812 2733 quo

953 2755 984 2786 ei
1007 2755 1099 2786 exire
1120 2755 1235 2786 liceret
1257 2763 1300 2786 ex
1322 2754 1435 2790 Italia;
1459 2752 1524 2783 nisi
1547 2749 1812 2792 quodpraesecto

954 2807 1048 2845 urbis,
1072 2808 1130 2849 qui
1152 2817 1191 2838 eo
1214 2813 1361 2848 tempore
1384 2815 1451 2837 non
1474 2804 1648 2836 creabatur
1678 2802 1740 2832 nisi
1770 2801 1812 2831 fe-

953 2861 1076 2892 riarum
1097 2861 1295 2892 Latinarum
1317 2869 1424 2897 causa,
1447 2857 1713 2889 substituendum
1737 2861 1813 2895 puto

955 2916 1063 2957 ipsum
1087 2915 1274 2953 Caesarem,
1297 2915 1353 2956 qui
1376 2914 1467 2946 solus
1482 2913 1575 2945 illam
1590 2912 1719 2943 veniam
1738 2910 1814 2940 dare

953 2969 1070 3010 potuit.
1092 2968 1134 3000 cf.
1157 2968 1251 3009 epist.
1273 2966 1418 2999 Antonii
1447 2966 1480 2996 h.
1504 2965 1524 2996 l.
1550 2964 1598 3001 10,
1622 2964 1650 2994 2.
1674 2981 1714 2985 —
1737 2960 1814 2992 Cae-

953 3031 1060 3054 sarem
1092 3022 1132 3053 iis
1165 3030 1307 3063 quoque,
1339 3019 1460 3061 quibus
1494 3018 1600 3050 redire
1631 3017 1665 3047 in
1698 3014 1815 3045 urbem

956 3074 1129 3112 concessit,
1152 3074 1335 3115 diplomata
1357 3072 1497 3109 dedisse,
1521 3071 1642 3102 docent
1662 3077 1710 3105 00,
1731 3075 1815 3107 quae

955 3129 1114 3170 leguntur
1134 3127 1227 3159 Fam.
1251 3127 1314 3158 VI.
1338 3126 1389 3164 12,
1412 3127 1441 3157 3.
1472 3125 1513 3157 cf.
1536 3131 1667 3166 quoque
1696 3120 1815 3153 Casan·

14 3183 34 3222 ἑ
58 3186 162 3228 plico:
198 3186 236 3219 Si
269 3192 398 3228 tempus
426 3186 514 3218 circa
546 3185 791 3227 aequinoctium
826 3189 912 3215 tran·
964 3182 1069 3214 bonus
1093 3182 1134 3213 ad
1156 3180 1248 3213 Suet.
1270 3179 1343 3213 Oct.
1366 3180 1416 3209 50.

1829 978 1862 1002 10
