2062 3565
773 156 881 199 LIB.
917 156 1038 199 VIII.
1072 157 1156 199 ΕΡ.
1194 161 1235 198 3,
1867 164 1890 201 9

117 294 204 348 lege
245 293 418 349 quadam
462 309 548 346 sua,
590 295 809 350 Marcoque
856 293 1049 336 Marcello
1092 293 1248 335 consuli
1281 295 1438 336 finienti
1473 295 1699 350 provincias
1734 295 1890 337 Gallias

119 365 212 408 Kal.
258 365 381 408 Mart.
425 366 490 408 die
534 367 697 409 restitit.
747 366 840 418 Sed,
888 371 934 408 ut
967 366 1065 408 haec
1099 366 1297 419 omittam,
1333 367 1432 423 quid
1466 367 1638 418 foedius,
1673 368 1771 424 quid
1810 384 1894 424 per-

117 438 320 481 turbatius
367 439 442 481 hoc
487 439 537 482 ab
581 439 681 482 urbe
726 439 906 482 discessu
939 440 1022 482 sive
1056 440 1191 496 potius
1222 441 1458 496 turpissima
1492 441 1619 496 fuga?
1653 440 1767 492 Quae
1802 457 1895 483 0011-

96 513 222 555 111110
262 528 345 555 11011
387 513 622 569 accipienda
662 513 741 555 fuit
781 514 916 569 potius
950 529 1071 569 quam
1104 513 1369 569 relinquenda
1403 513 1560 569 patria?
1593 513 1725 555 Malae
1760 514 1896 556 condi-

117 586 247 628 tiones
290 590 418 627 erant.
468 586 633 637 Fateor,
679 585 749 627 sed
793 586 993 642 numquid
1037 587 1116 628 hoc
1158 587 1302 643 peius?
1357 589 1391 628 i.
1435 589 1492 628 At
1526 586 1781 644 recuperabit
1815 602 1897 629 rem
1939 595 1952 617 5

119 657 338 714 publicam.
382 658 585 710 Quando?
629 663 701 700 aut
744 658 842 714 quid
889 659 938 700 ad
973 675 1059 701 eam
1094 674 1205 715 spem
1238 665 1300 702 est
1332 660 1492 715 parati?
1527 661 1623 702 Non
1657 675 1750 715 ager
1785 660 1898 701 Pice-

119 747 196 774 nus
229 732 428 774 amissus?
472 747 553 774 non
586 732 833 788 patefactum
874 733 949 774 iter
983 733 1031 775 ad
1066 732 1232 775 urbem?
1265 749 1348 775 non
1382 734 1554 790 pecunia
1587 735 1718 776 omnis
1753 740 1794 777 et
1826 749 1897 791 pu-

120 805 226 848 blica
268 810 309 847 et
351 805 507 861 privata
550 804 776 847 adversario
820 804 999 847 tradita?
1044 805 1230 862 Denique
1275 807 1387 848 nulla
1432 822 1565 859 causa,
1612 807 1746 850 nullae
1780 809 1897 858 vires,

120 879 232 921 nulla
275 878 402 930 sedes,
448 894 529 935 quo
562 884 805 921 concurrant
854 880 923 934 qui
958 894 1040 921 rem
1073 879 1278 936 publicam
1312 880 1519 922 defensam
1553 881 1695 923 velint.
1748 882 1897 938 Apulia

119 951 274 994 delecta
306 957 381 1003 est,
412 952 652 994 inanissima
684 967 776 1008 pars
809 952 950 994 Italiae
985 957 1026 994 et
1059 952 1109 994 ab
1142 953 1298 1009 impetu
1332 954 1453 996 huius
1486 953 1582 996 belli
1605 956 1872 998 remotissima
1886 974 1897 1008 3

121 1024 218 1080 fuga
249 1030 290 1066 et
321 1024 523 1067 maritima
556 1025 838 1081 opportunitas
871 1026 955 1067 visa
989 1026 1128 1081 quaeri
1161 1025 1455 1082 desperatione.
1502 1029 1527 1070 †
1545 1029 1595 1070 In
1628 1033 1668 1070 te
1703 1028 1791 1084 cepi
1824 1028 1899 1070 Ca-

120 1113 257 1154 puam,
302 1113 385 1141 non
422 1113 502 1154 quo
534 1113 684 1140 munus
715 1098 818 1140 iJJud
852 1099 1096 1155 defugerem,
1131 1099 1200 1142 sed
1236 1101 1262 1144 †
1285 1101 1371 1142 sine
1401 1116 1536 1153 causa,
1570 1102 1614 1143 in
1647 1117 1726 1157 qua
1761 1101 1899 1150 nullus

120 1175 226 1212 esset
274 1171 475 1222 ordinum,
520 1172 658 1214 nullus
702 1177 864 1228 apertus
908 1173 1155 1228 privatorum
1201 1173 1327 1225 dolor,
1377 1173 1574 1216 bonorum
1620 1180 1755 1216 autem
1797 1177 1901 1216 esset

121 1243 281 1300 aliquis,
328 1245 398 1287 sed
440 1244 577 1297 hebes,
622 1251 670 1288 ut
714 1245 816 1287 solet
858 1252 911 1297 et,
957 1251 1002 1287 ut
1033 1247 1118 1302 ipse
1152 1247 1378 1298 sensissem,
1413 1247 1634 1289 multitudo
1667 1252 1708 1289 et
1738 1248 1900 1289 infimus

121 1317 290 1373 quisque
323 1334 545 1375 propensus
577 1320 621 1361 in
654 1320 819 1361 alteram
851 1324 1020 1376 partem,
1054 1319 1174 1361 multi
1206 1320 1447 1362 mutationis
1482 1335 1614 1362 rerum
1638 1321 1791 1377 cupidi,
1816 1320 1900 1363 dixi

121 1391 201 1447 ipsi
243 1407 307 1434 me
355 1391 459 1434 1111111
491 1398 772 1448 suscepturum
807 1393 894 1434 sine
928 1392 1128 1449 praesidio
1161 1397 1201 1434 et
1234 1393 1319 1435 51110
1352 1394 1539 1449 pecunia.
1596 1395 1740 1450 Itaque
1775 1393 1900 1436 habui

123 1463 227 1506 nihil
271 1464 434 1507 omnino
478 1465 645 1521 negotii,
692 1465 800 1521 quod
849 1465 898 1507 ab
942 1465 1061 1507 initio
1102 1465 1185 1507 vidi
1228 1465 1331 1508 nihil
1375 1467 1514 1522 quaeri
1554 1472 1710 1523 praeter
1744 1467 1897 1523 fugam.

127 1539 168 1579 5.
204 1539 343 1594 [Eam]
378 1538 413 1580 si
444 1552 555 1580 nunc
588 1553 745 1594 sequor,
782 1540 987 1594 quonam?
1020 1539 1123 1581 Cum
1156 1539 1226 1581 1110
1258 1555 1362 1591 110113
1395 1539 1447 1581 ad
1481 1555 1600 1595 quem
1624 1555 1749 1596 quum
1773 1556 1900 1582 essem

124 1611 342 1668 profectus,
384 1612 554 1668 cognovi
595 1613 639 1655 in
689 1613 739 1655 115
786 1612 885 1655 10015
931 1627 1016 1654 0550
1059 1613 1284 1664 Caesarem,
1319 1618 1365 1654 ut
1397 1618 1486 1656 tuto
1519 1613 1731 1656 Luceriam
1764 1614 1899 1657 venire

168 1799 184 1829 1
201 1798 374 1840 provinciis
398 1799 514 1830 Galliis
537 1799 754 1831 Kalendarum
784 1800 976 1832 Martiarum
1005 1802 1087 1832 diem
1110 1819 1150 1824 —
1174 1802 1213 1834 12
1234 1802 1291 1834 sed
1321 1801 1376 1840 sic,
1412 1812 1451 1833 ne
1480 1811 1605 1834 causam
1615 1817 1625 1839 ;
1652 1821 1690 1826 --
1716 1803 1754 1834 14
1779 1805 1811 1834 ut
1834 1803 1900 1843 ipse

126 1851 220 1890 semi,
243 1853 326 1883 esset
347 1851 516 1884 multitudo
537 1870 578 1875 -—
602 1852 640 1884 15
663 1852 778 1893 cupidi.
804 1855 832 1885 5.
854 1852 935 1885 Dia-i
957 1872 998 1878 —
1022 1854 1060 1889 17
1074 1853 1200 1897 fuyam.
1222 1853 1300 1886 Eam
1321 1854 1350 1887 si
1372 1872 1413 1878 —

129 2032 178 2064 De
200 2033 262 2063 hac
285 2041 320 2064 re
341 2032 555 2064 consulantur
575 2032 721 2074 Appian.
745 2033 784 2064 B.
808 2031 849 2064 C.
877 2031 990 2064 1L26.
1036 2035 1125 2074 quod
1149 2034 1282 2066 videbat
1303 2037 1408 2067 teneri
1433 2036 1527 2067 illam
1558 2037 1675 2068 urbem
1706 2037 1778 2069 sinc
1808 2046 1898 2069 exer-

126 2086 192 2118 Dio
214 2086 290 2118 XL.
313 2087 362 2118 59.
386 2087 476 2118 Plut.
500 2087 617 2129 Pomp.
641 2087 690 2118 52.
721 2087 844 2118 laudati
867 2097 887 2118 a
909 2087 993 2119 Mat-
1034 2087 1102 2118 citu
1125 2096 1192 2118 non
1222 2097 1328 2128 posse,
1358 2094 1393 2119 ut
1423 2089 1536 2120 scribit
1566 2090 1607 2121 ad
1636 2089 1835 2131 Pompeium
1864 2090 1898 2122 in

127 2139 236 2172 thineo
259 2140 301 2170 ad
321 2139 357 2170 h.
380 2140 402 2170 1.
427 2157 469 2162 —-
490 2139 685 2172 Formulam
695 2139 798 2180 finire
805 2140 993 2180 provincias
1035 2140 1128 2182 epist.
1153 2141 1263 2172 addita
1286 2141 1387 2173 VIII.
1413 2143 1450 2173 11
1473 2142 1524 2181 D„
1549 2145 1578 2174 5.
1609 2142 1659 2175 Cf.
1683 2143 1732 2180 12,
1756 2144 1785 2174 2.
1819 2142 1899 2174 Nam

127 2193 179 2224 die
200 2193 380 2225 illustravit
400 2194 615 2226 Hofmannus
637 2195 748 2226 verbis
760 2194 850 2226 Livii
866 2195 893 2226 1.
909 2194 958 2232 17,
972 2195 991 2225 6
1035 2196 1122 2225 certe
1143 2204 1242 2236 neque
1265 2196 1329 2226 tum
1347 2195 1491 2236 peccavi,
1513 2207 1603 2238 quum
1626 2196 1815 2237 imparatam
1839 2196 1896 2227 Ca-

128 2247 253 2289 qm‘num
276 2248 398 2279 dierum
419 2248 704 2289 epatiofiniebatur
731 2249 902 2290 imperium.
925 2248 993 2282 Sed
1028 2257 1126 2288 puam
1147 2265 1188 2270 —-
1211 2248 1354 2289 accipere
1376 2249 1475 2280 nolui.
1501 2249 1690 2291 Utrumque
1715 2250 1825 2282 locum
1841 2251 1898 2291 qui

129 2311 146 2334 e
169 2302 329 2344 scriptura
350 2303 422 2334 cod.
444 2303 534 2334 Med.
558 2302 597 2333 K.
622 2302 739 2334 Martis
771 2303 824 2334 die
855 2303 991 2335 fortasse
1012 2294 1015 2342 Ι
1035 2302 1259 2340 considerarit,
1281 2312 1350 2334 non
1373 2303 1536 2334 dubitabit
1558 2304 1639 2345 quin
1662 2304 1694 2335 h.
1712 2304 1734 2336 l.
1757 2304 1898 2335 seriben-

128 2355 339 2387 scribendum
360 2360 410 2386 est
431 2354 508 2385 Kal.
531 2354 664 2386 Martiis
685 2356 794 2387 deleto
815 2355 878 2387 die.
1011 2343 1015 2390 Ι
1035 2355 1115 2386 dum
1137 2356 1197 2387 sit:
1231 2355 1302 2387 Nem
1323 2357 1431 2397 accepi
1454 2356 1599 2397 Capuam,
1624 2368 1685 2388 non
1707 2367 1766 2398 quo
1789 2367 1898 2388 munus

171 2407 361 2448 Der-pissima
394 2406 494 2448 fuya.
526 2407 742 2439 Hofmannus
778 2417 796 2440 0
833 2408 993 2450 scriptura
1012 2393 1015 2426 Ι
1035 2408 1120 2439 illud
1143 2408 1198 2448 (cf.
1224 2408 1306 2440 VII.
1332 2409 1380 2447 11,
1404 2410 1436 2449 5)
1462 2410 1651 2451 defuqerem,
1673 2409 1732 2441 sed
1752 2428 1803 2440 ——.
1830 2410 1897 2441 Pro

129 2461 217 2492 Med.
239 2460 480 2502 turpissimamq.
513 2471 579 2492 sam
593 2461 682 2502 fuya
704 2465 800 2493 acute
822 2461 909 2493 eruit
928 2463 994 2492 tur·
1012 2433 1015 2501 Ι
1035 2460 1105 2491 sine
1126 2470 1223 2492 causa
1245 2466 1358 2493 utrum
1379 2471 1456 2493 cum
1477 2462 1596 2494 Lamb.
1621 2463 1785 2503 corrigam
1807 2463 1841 2493 in
1860 2472 1897 2493 ea

128 2514 259 2555 pissima
281 2514 468 2556 nequissima
483 2514 581 2555 fuya.
1012 2508 1015 2561 Ι
1037 2524 1144 2553 causa,
1179 2525 1220 2546 an
1243 2525 1321 2546 cum
1342 2516 1372 2547 1.
1394 2515 1434 2547 F.
1455 2515 1626 2548 Gronovio
1648 2516 1760 2548 timens
1782 2526 1897 2547 causae

173 2567 192 2606 ξ
214 2568 244 2598 4.
266 2566 395 2607 Apulia,
409 2566 594 2597 inanissima
610 2576 692 2606 pars
707 2566 827 2598 Italiae
840 2577 871 2598 o:
890 2568 991 2608 regio,
1011 2566 1015 2604 Ι
1034 2568 1159 2599 dubito.
1182 2568 1422 2600 Coniunctivus
1444 2569 1608 2601 sensissem
1630 2570 1664 2601 in
1691 2570 1781 2602 Med.
1808 2574 1894 2602 recte

130 2620 188 2651 ubi
211 2629 316 2661 pauca
336 2620 516 2651 admodum
550 2620 629 2652 belli
660 2621 796 2661 gerendi
830 2620 993 2662 praesidia
1011 2606 1015 2678 Ι
1035 2631 1070 2654 se
1091 2622 1200 2660 habet,
1213 2623 1372 2664 quoniam
1385 2624 1498 2656 omnia
1509 2625 1551 2655 ad
1565 2634 1596 2655 v.
1612 2623 1683 2655 dixi
1697 2624 1896 2657 referuntur.

131 2677 219 2703 sunt.
254 2672 335 2703 Noli
356 2671 478 2704 referre
499 2673 541 2704 ad
563 2673 626 2704 soli
648 2677 809 2710 naturam,
843 2673 992 2705 ariditate
1035 2675 1126 2715 Quid
1147 2676 1296 2707 Kochius
1326 2677 1360 2708 in
1390 2677 1422 2708 h.
1450 2677 1472 2708 l.
1501 2687 1600 2709 ausus
1634 2678 1686 2714 sit,
1720 2678 1778 2718 qui
1806 2678 1895 2710 volet

130 2725 308 2766 insignem.
347 2725 473 2756 Eadem
492 2731 562 2757 erat
593 2725 786 2766 longissime
807 2726 922 2758 dissita
952 2727 994 2757 ab
1036 2735 1171 2770 quaerat
1192 2729 1227 2761 in
1250 2730 1340 2762 Mus.
1361 2730 1469 2762 Rhen.
1501 2731 1586 2763 XII.
1615 2741 1646 2772 p.
1670 2731 1739 2764 274.
1773 2731 1895 2763 Melius

130 2779 171 2810 iis
189 2779 282 2815 locis,
306 2787 390 2819 quae
416 2779 577 2820 impetum
600 2777 750 2811 Caesaris
772 2779 916 2820 primum
938 2789 994 2812 ex·
1036 2791 1116 2813 sane
1137 2782 1302 2813 nonnulla
1323 2783 1539 2822 Buchelerus,
1561 2784 1642 2815 ibid.
1664 2783 1767 2816 XIII.
1788 2794 1819 2825 p.
1835 2784 1896 2815 592

130 2837 266 2874 ceptura
287 2837 391 2865 erant.
1036 2834 1206 2875 eleganter
1227 2835 1268 2866 de
1289 2835 1322 2866 h.
1345 2835 1366 2866 l.
1391 2836 1570 2877 disputans.

172 2888 190 2924 †
210 2885 252 2916 In
281 2887 313 2916 te
340 2885 407 2925 cepi
437 2884 571 2926 Capuam
599 2891 661 2917 cet.
696 2886 893 2928 Con-uptam
922 2888 996 2920 cod.
1079 2886 1098 2926 ξ
1120 2888 1149 2917 5.
1172 2885 1250 2918 Eam
1270 2887 1299 2918 si
1321 2897 1404 2919 nunc
1422 2897 1543 2930 sequor.
1571 2887 1703 2930 Fugam
1724 2889 1817 2930 sequi
1838 2898 1898 2930 pro

132 2937 221 2970 Med.
243 2937 420 2970 lectionem
441 2938 519 2970 (lare
541 2938 655 2976 malui,
692 2949 793 2980 quam
814 2939 991 2980 pessimam
1038 2938 1152 2980 fugam
1185 2949 1363 2980 capessere,
1402 2940 1584 2981 fugientem
1619 2941 1769 2973 comitari
1802 2941 1898 2972 nullo

132 2991 275 3032 recipere
296 3000 342 3023 ex
370 2991 522 3032 margine
556 2991 648 3023 illius
683 2992 760 3023 libri
793 2993 993 3025 emendatio·
1039 2991 1195 3033 exemplo
1223 2992 1419 3024 confirmare
1446 3002 1591 3034 possum,
1625 2999 1722 3033 atque
1751 2993 1898 3033 suspicor

133 3053 211 3075 nem
230 3043 339 3081 invite,
361 3053 429 3085 quo
451 3044 607 3076 adverbio
623 3043 739 3076 Cicero
754 3054 920 3086 nusquam
931 3045 994 3077 uti·
1039 3054 1104 3076 eam
1127 3054 1196 3076 non
1222 3054 1291 3077 esse
1322 3044 1501 3083 Ciceronis,
1537 3046 1594 3078 sed
1623 3053 1732 3077 ortum
1766 3056 1783 3077 0
1812 3046 1897 3077 mala

133 3099 196 3125 tur.
220 3093 336 3126 Cicero
358 3104 419 3126 uec
440 3094 521 3134 cepit
547 3094 690 3135 Capuam,
715 3105 776 3127 nec
789 3095 920 3135 accepit,
936 3096 994 3128 sed
1018 3134 1019 3139 ¹
1039 3097 1232 3138 repetitione
1256 3098 1391 3131 ult-imae
1414 3099 1561 3139 syllabae
1585 3099 1737 3129 vocabuli
1750 3098 1875 3139 ffiffam·

134 3157 153 3177 a
185 3157 219 3179 se
249 3147 369 3184 reiecit,
398 3157 464 3179 uon
499 3147 623 3179 vitandi
661 3148 770 3180 oneris
800 3158 905 3186 causa,
937 3149 995 3181 sed
1017 3142 1020 3189 ‘g
1085 3149 1154 3180 Cum
1179 3150 1236 3181 illo
1258 3160 1320 3182 noa
1342 3150 1503 3183 omittitur
1523 3160 1641 3190 possam
1667 3151 1720 3182 vel
1743 3151 1828 3182 acet.

1922 964 1954 990 10

1922 1332 1958 1359 15
