2062 3565
685 145 792 186 MR.
829 144 927 186 ΧΠ.
964 144 1046 185 ΕΡ.
1085 145 1279 184 :tamti-z,
1782 140 1860 177 195,

99 277 220 320 habet
260 277 367 320 enim
409 279 565 332 qualem
612 279 699 322 vult
734 305 806 331 —,
841 281 899 322 ais
932 286 971 322 te
1006 285 1161 336 putare,
1195 279 1228 320 si
1262 276 1538 319 addiderimus
1571 273 1695 323 aliud,
1731 288 1753 314 a
1786 287 1864 327 quo

100 350 284 407 refugiat,
327 366 452 406 quum
497 352 547 395 ab
594 353 680 408 ipso
725 353 767 412 id
802 353 922 395 fuerit
955 353 1216 403 destinatum,
1252 350 1525 393 venditurum.
1564 351 1605 390 2.
1640 345 1811 399 Quaeris
1844 361 1866 385 a

101 439 162 466 me
203 423 311 480 quod
351 440 553 467 summum
597 427 769 482 pretium
814 427 1059 469 constituam
1092 431 1132 468 et
1165 431 1360 482 quantum
1397 423 1548 466 anteire
1581 422 1680 464 istos
1731 419 1866 460 hortos

99 497 241 539 Drusi:
276 499 425 540 accessi
457 514 688 554 nunquam;
723 500 999 556 Coponianam
1033 500 1167 543 villam
1201 506 1242 541 et
1275 505 1449 541 veterem
1489 504 1530 539 et
1562 511 1644 538 non
1679 508 1865 548 magnam

98 571 205 622 novi,
249 572 390 614 silvam
432 571 624 623 nobilem,
671 572 845 616 fructum
889 580 1022 616 autem
1073 574 1269 624 neutrius,
1320 572 1429 629 quod
1473 576 1607 613 tamen
1653 573 1751 625 puto
1796 582 1867 608 nos
1914 578 1927 602 5

98 645 198 687 scire
229 650 425 702 oportere.
459 645 538 688 Sed
573 646 672 688 mihi
704 647 848 688 utrivis
881 647 1051 689 istorum
1082 653 1260 703 tempore
1295 646 1423 701 magis
1457 660 1545 687 meo
1567 659 1687 700 quam
1717 642 1868 683 ratione

100 719 338 761 aestimandi
371 725 480 762 sunt.
527 720 683 762 Possim
718 726 851 762 autem
887 721 1046 777 assequi
1079 735 1204 762 necne
1238 726 1284 761 tu
1317 719 1436 761 velim
1470 719 1635 774 cogites.
1687 717 1730 759 Si
1763 715 1868 756 enim

101 791 368 836 Faberianum
414 793 640 846 venderem,
689 794 886 850 explicare
932 795 994 836 vel
1035 794 1398 850 repraesentatione
1445 808 1525 834 non
1559 791 1787 834 dubitarem
1821 789 1869 830 de

101 865 278 918 Silianis,
313 868 347 909 si
380 867 499 910 modo
533 868 799 910 adduceretur
833 875 878 910 ut
911 868 1127 919 venderet3
1163 868 1196 909 si
1231 867 1388 909 venales
1413 882 1494 908 non
1524 866 1704 914 haberet,
1728 864 1871 906 transi-

102 953 183 980 rem
217 939 267 981 ad
302 940 479 983 Drusum
513 942 573 983 vel
606 942 725 992 tanti,
759 943 900 997 quanti
936 942 1136 997 Egnatius
1169 941 1284 982 illum
1318 940 1419 982 velle
1451 939 1526 981 tibi
1561 939 1678 981 dixit.
1723 939 1873 993 Magno
1895 952 1929 978 10

101 1013 222 1054 etiam
254 1013 488 1057 adiumento
520 1014 637 1057 nobis
671 1015 948 1070 Hermogenes
982 1020 1114 1070 potest
1146 1029 1231 1055 esse
1264 1015 1307 1055 in
1340 1012 1690 1069 repraesentando.
1742 1014 1797 1053 At
1829 1016 1873 1052 tu

102 1086 274 1128 concede
315 1088 430 1139 mihi,
474 1104 636 1144 quaeso,
683 1094 728 1130 ut
768 1103 814 1130 eo
858 1089 991 1130 animo
1025 1089 1114 1138 sim,
1149 1102 1228 1143 quo
1262 1087 1296 1128 is
1330 1086 1475 1128 debeat
1508 1101 1608 1136 esse,
1642 1087 1712 1141 qui
1746 1100 1875 1127 emere

104 1161 253 1217 cupiat,
287 1167 328 1203 et
358 1167 494 1204 tamen
534 1163 663 1204 servio
704 1163 761 1204 ita
794 1161 1008 1219 cupiditati
1042 1166 1083 1203 et
1115 1161 1242 1203 dolori
1276 1176 1379 1211 meo,
1414 1166 1458 1202 ut
1493 1175 1515 1202 a
1547 1166 1587 1201 te
1623 1161 1706 1216 regi
1742 1159 1875 1200 velim.

106 1236 148 1275 3.
193 1235 393 1289 Egnatius
436 1235 535 1278 mihi
579 1237 754 1292 scripsit.
798 1236 840 1277 Is
873 1237 906 1277 si
940 1235 1039 1291 quid
1072 1242 1206 1277 tecum
1238 1234 1398 1276 locutus
1433 1235 1508 1275 erit
1544 1258 1601 1264 --
1636 1232 1874 1274 commodis-

105 1310 202 1350 sime
247 1310 355 1350 enim
396 1324 466 1365 per
498 1324 589 1351 eum
623 1310 688 1365 agi
720 1315 854 1366 potest
889 1334 961 1360 ——‚
996 1308 1047 1350 ad
1080 1324 1143 1350 me
1177 1307 1340 1359 scribes,
1374 1313 1415 1349 et
1448 1307 1490 1348 id
1525 1306 1726 1363 agendum
1763 1312 1875 1362 puto.
1901 1322 1931 1346 15

105 1382 213 1424 Nam
247 1397 339 1424 cum
371 1383 471 1426 Silio
497 1398 580 1425 non
614 1382 730 1424 video
763 1382 905 1424 confici
938 1397 1069 1438 posse.
1103 1382 1231 1424 Piliae
1264 1386 1305 1423 et
1337 1381 1497 1422 Atticae
1532 1380 1717 1422 salutem.
1770 1381 1877 1422 Haec

107 1457 156 1498 ad
189 1463 229 1499 te
261 1473 348 1499 mea
380 1473 516 1500 manu.
553 1456 657 1499 Vide
690 1472 838 1513 quaeso
871 1457 969 1512 quid
1003 1457 1203 1512 agendum
1238 1457 1303 1497 sit.

108 1633 148 1664 In
170 1633 238 1665 illis
262 1630 353 1672 l'ocis,
375 1639 412 1665 ut
432 1633 526 1666 Fam.
544 1634 626 1666 VII.
640 1635 690 1673 27,
710 1635 739 1673 3,
751 1635 876 1666 indicat
891 1643 970 1665 sane
993 1673 994 1677 Ἰ
1018 1637 1196 1679 quotannis
1219 1645 1262 1668 ex
1284 1635 1454 1677 utriusque
1478 1635 1582 1667 hortis
1607 1635 1730 1676 percipi
1752 1635 1864 1676 possit.

108 1687 240 1720 emendi
261 1688 479 1720 voluntatem.
515 1687 583 1720 Sed
604 1689 738 1730 quando
764 1689 804 1719 de
835 1687 972 1719 domino
1059 1689 1094 1720 Si
1115 1689 1195 1721 enim
1218 1707 1256 1711 —
1279 1688 1413 1719 Silianis
1435 1699 1470 1720 o:
1495 1704 1509 1715 u
1523 1689 1550 1720 si
1574 1688 1664 1720 enim
1686 1698 1817 1729 possem
1832 1688 1879 1719 in-

109 1741 156 1773 rei
178 1741 308 1780 dicitur,
330 1747 369 1773 ut
389 1742 423 1773 h.
446 1742 480 1780 l.,
505 1742 658 1784 designat
672 1742 839 1774 vendendi
854 1751 970 1782 propo·
994 1773 996 1776 ,
1017 1744 1142 1781 venire,
1165 1743 1222 1784 qui
1246 1748 1419 1774 numerata
1442 1742 1583 1783 pecunia
1603 1742 1767 1783 praesenti
1779 1747 1881 1773 trans·

109 1795 219 1826 situm,
244 1795 346 1828 Recte
367 1795 566 1828 Wielandus
588 1796 689 1827 verba
711 1806 732 1826 a
745 1805 804 1836 quo
825 1794 975 1825 —destz'—
994 1822 995 1836 ἢ
1017 1797 1116 1828 scribi
1139 1796 1203 1827 sibi
1224 1801 1399 1837 pateret-ur,
1423 1797 1511 1836 quod
1534 1795 1617 1826 mihi
1646 1795 1807 1827 Faberius
1828 1796 1882 1827 de—

108 1853 217 1882 natum
254 1851 396 1882 reddidit
423 1851 495 1882 his:
533 1850 593 1882 das
626 1851 687 1881 ihm
722 1848 874 1880 verleidet
907 1848 996 1895 undg
1020 1850 1083 1888 bet,
1116 1849 1170 1881 vel
1202 1849 1368 1890 praesenti
1396 1848 1538 1890 pecunia
1571 1857 1736 1889 sperarem
1773 1858 1882 1880 emere

108 1904 285 1945 desznoeqen
298 1904 367 1945 seit
386 1904 440 1935 ist.
994 1915 997 1950 ζ
1019 1913 1073 1934 me
1095 1912 1190 1944 posse
1212 1901 1394 1934 Silianosfi'
1417 1900 1563 1934 Gronov,

151 1956 250 1988 Drusi
272 1967 318 1989 se.
350 1957 464 1989 hortis.
490 1957 534 1989 cf.
563 1967 604 1999 ep
644 1957 694 1995 25,
727 1957 757 1988 2.
780 1975 822 1979 —
845 1954 972 1987 Accessi
994 1960 997 1998 1
1061 1955 1283 1996 Hermoqenes.
1307 1954 1349 1986 cf.
1369 1964 1419 1996 ep.
1442 1955 1492 1992 25,
1517 1955 1546 1985 1.

110 2021 264 2053 nunquam
287 2021 322 2043 0:
357 2021 530 2053 nunquam
550 2012 586 2042 in
618 2010 694 2043 Silii
724 2011 829 2052 hortis
852 2009 910 2041 fui.
932 2028 974 2033 —
995 2004 997 2046 l
1060 2007 1167 2039 Servio
1190 2007 1357 2048 cupiditati
1379 2010 1409 2038 et
1422 2007 1526 2039 dolori
1545 2018 1610 2039 meo
1624 2018 1658 2040 o:
1683 2008 1776 2046 facio,
1795 2010 1882 2050 quod

112 2063 321 2106 Ooponianam
343 2065 454 2097 villam
477 2065 543 2097 diei
564 2065 619 2097 vel
640 2066 754 2097 hortos
786 2065 886 2096 Drusi
920 2063 974 2095 vel
996 2055 998 2093 l
1020 2065 1182 2106 cupiditas
1204 2069 1236 2095 et
1257 2063 1352 2094 dolor
1373 2073 1427 2094 me
1460 2063 1586 2095 iubent.
1620 2063 1671 2096 Cf.
1693 2065 1812 2095 servire
1833 2065 1880 2095 di-

110 2124 236 2160 partem
258 2129 385 2158 eorum,
409 2130 492 2161 quae
515 2126 613 2152 antea
635 2119 742 2151 fuerat
757 2119 897 2151 alicuius
913 2118 974 2150 Co·
996 2115 999 2157 j
1016 2117 1137 2159 qnitati
1159 2119 1190 2147 et
1208 2116 1333 2159 ylariae
1354 2116 1447 2148 Fam.
1473 2117 1538 2148 IX.
1564 2118 1612 2155 14,
1637 2117 1666 2155 6,
1697 2117 1883 2159 temporibus

111 2174 211 2214 ponii,
235 2184 302 2205 non
325 2179 362 2205 ut
383 2174 580 2206 Wielandus
604 2175 738 2206 volebat
760 2162 1000 2215 cogitandiffla..*¹
1022 2170 1085 2202 IX.
1112 2170 1162 2207 17,
1187 2171 1215 2207 3,
1239 2169 1363 2210 corpori
1385 2169 1485 2201 XVI.
1510 2172 1539 2208 4,
1562 2172 1592 2202 4.

111 2236 182 2259 esse
203 2229 244 2259 de
267 2228 333 2260 alio
354 2229 488 2270 praedio
510 2234 652 2270 apparet,
683 2229 773 2269 quod
801 2237 974 2268 nunquam
997 2214 999 2245 ⁴¹
1065 2225 1084 2265 ξ
1107 2226 1136 2256 3.
1160 2223 1252 2255 Haec
1274 2223 1318 2254 ad
1333 2226 1364 2255 te
1380 2234 1448 2255 mea
1461 2235 1566 2256 manu.
1588 2223 1701 2264 Quum
1714 2226 1882 2266 superiora

114 2286 226 2321 postea
247 2291 287 2312 ea
308 2281 389 2312 villa
407 2282 607 2320 nominatur,
638 2288 672 2313 et
699 2282 789 2322 quod
818 2281 853 2312 in
884 2290 974 2322 seqq.
998 2298 1001 2333 ἰ
1022 2279 1178 2311 dictasset
1203 2279 1332 2316 liberto,
1368 2278 1484 2310 Cicero
1506 2288 1565 2309 sua
1587 2289 1690 2310 manu
1712 2280 1883 2321 adscripsit

112 2334 154 2364 de
175 2333 255 2365 solis
276 2334 382 2365 hortis
403 2333 542 2366 Silianis
554 2342 587 2366 et
602 2335 777 2366 Drusianis
789 2344 898 2366 sermo
915 2338 974 2365 est.
999 2334 1001 2356 ’1
1023 2334 1131 2366 Piliae
1153 2336 1185 2365 et
1209 2333 1336 2364 Atticae
1357 2334 1502 2371 salutem,
1532 2334 1718 2375 iterumque
1748 2335 1788 2366 de
1810 2335 1882 2366 hor-

155 2387 300 2420 Fructum
322 2388 467 2420 neutrius
491 2399 535 2421 sc.
558 2390 648 2427 novi,
671 2390 784 2422 nescio
813 2393 976 2431 quantum
999 2361 1003 2428 l
1023 2387 1065 2419 tis
1088 2387 1237 2419 emendis
1258 2397 1364 2429 pauca
1386 2387 1522 2419 addidit.

677 2505 864 2548 XXXII.
930 2507 995 2559 (A.
1037 2507 1082 2549 U.
1121 2508 1163 2547 C.
1202 2506 1318 2559 709.)

178 2622 217 2661 1.
263 2620 440 2664 Publilia
482 2621 532 2663 ad
576 2637 638 2663 me
679 2622 839 2678 scripsit
870 2627 1038 2664 matrem
1073 2647 1129 2652 —-
1164 2621 1278 2676 quasi
1313 2636 1403 2663 eum
1440 2620 1616 2664 Publilio
1648 2621 1878 2678 loqueretur

114 2720 171 2726 —-
212 2694 261 2736 ad
307 2710 369 2737 me
413 2711 504 2738 cum
538 2697 608 2739 illo
641 2701 849 2738 venturam
883 2702 924 2738 et
957 2712 998 2738 se
1033 2711 1125 2747 una,
1161 2697 1191 2738 si
1227 2710 1300 2750 ego
1335 2702 1488 2750 paterer
1504 2715 1514 2747 ;
1549 2702 1636 2738 orat
1670 2696 1808 2738 multis
1841 2702 1880 2736 et

154 2863 175 2894 2
197 2864 326 2895 matrem
348 2873 435 2895 suam
459 2881 498 2886 —
523 2872 588 2894 cum
613 2861 752 2893 Publilio
776 2862 861 2903 loqui
884 2864 973 2894 retur
996 2880 1035 2885 —-

156 3010 176 3050 ξ
198 3010 227 3042 1.
244 3009 397 3042 Publilia.
409 3011 470 3043 Est
484 3020 606 3042 nomen
620 3011 710 3043 illius
721 3011 862 3053 puellae,
874 3021 974 3053 quam
1023 3019 1097 3042 aere
1114 3009 1224 3042 alieno
1235 3010 1442 3048 seliberaret,
1456 3010 1544 3052 quod
1557 3009 1708 3043 Ciceroni
1722 3010 1880 3051 exprobat

92 3069 101 3080 ‘
116 3062 232 3096 Cicero
259 3065 397 3098 dimissa
424 3065 581 3098 Terentia
622 3066 859 3108 sexagenarius
895 3075 975 3098 uxo-
1021 3062 1136 3094 Fufius
1159 3063 1303 3096 Calenus
1324 3064 1411 3105 apud
1424 3062 1575 3095 Cassium
1594 3063 1736 3094 Dionem
1748 3062 1877 3094 XLVI.

113 3127 184 3150 rem
205 3119 354 3156 duxerat,
377 3119 418 3151 cf.
441 3119 578 3158 Quinet.
602 3120 630 3152 Ι.
656 3118 696 3151 Ο.
721 3119 784 3151 VI.
807 3121 836 3158 3,
860 3119 911 3157 75,
936 3129 974 3150 eo
1022 3116 1062 3147 18
1085 3122 1116 3148 et
1138 3126 1155 3148 e
1178 3117 1302 3148 Tirone
1325 3116 1422 3147 refert
1446 3116 1644 3147 Plutarchus
1668 3116 1700 3146 in
1725 3115 1802 3152 (ic.⁷
1829 3116 1875 3145 41.

114 3171 260 3202 maxime
288 3172 437 3208 consilio,
469 3178 502 3202 nt
533 3182 590 3212 per
624 3183 759 3212 magnas
794 3173 863 3204 eius
896 3182 973 3213 opes
994 3197 997 3210 Δ
1021 3170 1136 3210 Neque
1159 3171 1310 3200 dubitare
1335 3180 1394 3200 nos
1417 3171 1527 3201 sinum
1552 3180 1599 3206 ea,
1627 3179 1708 3210 quae
1736 3170 1802 3209 ipse
1827 3170 1878 3199 (i-

1589 3227 1640 3265 112'
1663 3225 1688 3247 ἢ*
