2062 3565
137 137 219 175 226
540 136 624 176 ΕΡ.
660 135 734 176 ΑΒ
767 135 814 174 T.
849 133 1198 175 POMPONIUM
1233 133 1498 174 ATTIOUM.

134 269 314 321 Caesare,
363 272 395 311 si
430 271 526 326 quid
561 271 676 321 scies,
712 270 743 310 si
779 269 876 324 quid
910 270 986 310 erit
1018 274 1234 325 praeterea,
1269 267 1433 310 scribes.
1485 268 1592 310 Illud
1627 268 1748 310 etiam
1781 272 1923 323 atque'

133 343 252 383 etiam
299 343 524 385 consideres
570 343 702 393 velim,
745 342 953 398 placeatne
996 342 1072 384 tibi
1123 342 1230 383 mitti
1262 341 1314 383 ad
1347 342 1569 383 Varronem
1602 341 1710 396 quod
1743 341 1901 396 scripsi-

132 428 236 454 mus.
281 415 370 456 Etsi
418 416 537 457 etiam
572 415 621 457 ad
654 422 694 457 te
727 416 882 471 aliquid
914 416 1089 471 pertinet
1097 435 1108 468 3
1137 431 1232 458 nam
1265 416 1366 458 scito
1398 420 1438 457 te
1471 416 1509 457 ei
1542 415 1700 470 dialogo
1733 414 1900 455 adiunc-

132 491 220 527 tum
263 502 346 529 esse
392 490 571 531 tertium.
623 490 778 546 Opinor
820 490 946 545 igitur
989 489 1301 532 consideremus.
1344 489 1435 531 Etsi
1477 489 1642 530 nomina
1684 489 1764 530 iam
1795 487 1902 529 facta

97 571 111 594 5
133 565 241 609 sunt,
277 561 344 601 sed
381 561 442 602 vel
474 562 615 604 induci
648 563 711 604 vel
742 563 891 605 mutari
924 568 1107 618 possunt.

742 685 839 729 XV.
907 689 971 741 (A.
1014 688 1059 728 U.
1098 688 1140 728 C.
1180 688 1297 741 709.)

194 802 303 853 Quid
348 803 445 857 agit,
491 802 654 844 obsecro
698 809 752 854 te,
800 804 937 845 Attica
977 803 1143 844 nostra?
1186 802 1292 844 Nam
1325 800 1461 842 triduo
1495 801 1566 842 abs
1598 806 1638 842 te
1671 800 1803 842 nullas
1836 814 1900 842 ac-

134 891 311 931 ceperam
328 895 337 926 3
386 892 457 918 nec
503 877 672 918 mirum:
719 892 836 918 nemo
886 877 992 918 enim
1039 880 1214 925 venerat,
1259 889 1331 916 nec
1375 874 1541 916 fortasse
1586 889 1705 916 causa
1755 873 1899 914 fuerat.

133 951 274 1005 Itaque
318 951 402 1005 ipse
447 949 554 1005 quod
598 949 812 991 scriberem
856 965 938 990 non
971 948 1183 990 habebam.
1229 947 1322 999 Quo
1367 952 1501 988 autem
1534 947 1598 988 die
1631 946 1705 988 has
1740 946 1900 987 Valerio

93 1038 107 1061 ⁵
133 1023 291 1074 dabam,
326 1023 606 1079 exspectabam
641 1023 814 1079 aliquem
848 1038 1042 1073 meorum,
1077 1022 1147 1077 qui
1181 1022 1214 1062 si
1248 1021 1422 1062 venisset
1459 1027 1499 1061 et
1532 1035 1554 1060 a.
1587 1026 1626 1061 te
1662 1019 1759 1074 quid
1794 1025 1899 1060 attu-

133 1099 256 1149 lisset,
291 1096 476 1139 videbam
509 1112 590 1139 non
624 1096 858 1138 defuturum
892 1095 999 1151 quod
1034 1093 1261 1137 scriberem.

175 1249 196 1277 4
217 1243 296 1287 quid
315 1245 477 1277 scriberem
501 1264 542 1268 —
564 1245 583 1275 6
605 1244 680 1286 quid
700 1244 862 1275 scriberem
886 1262 926 1266 -

179 1388 269 1429 Quod
289 1388 453 1419 scriberem
477 1398 537 1419 non
555 1387 712 1418 habebam.
735 1387 924 1418 Relativum
942 1395 995 1427 po-
1043 1391 1077 1416 ut
1101 1395 1159 1426 pro
1182 1385 1288 1427 itaque
1311 1385 1342 1416 h.
1366 1385 1387 1415 l.
1418 1387 1511 1426 atque
1544 1385 1777 1425 corrigendum
1816 1392 1907 1426 puta-

135 1444 186 1474 sui
209 1453 266 1484 pro
289 1443 527 1483 interrogativo
551 1442 747 1483 pronomine
771 1448 800 1472 et
825 1441 878 1472 hic
901 1448 931 1472 et
963 1441 995 1471 in
1045 1448 1125 1469 rem.
1149 1438 1273 1474 Cicero,
1305 1446 1342 1469 ut
1364 1438 1517 1469 Atticum
1539 1439 1580 1469 ad
1610 1439 1820 1470 scribendum
1851 1449 1908 1470 ex—

135 1497 293 1528 extremis
317 1497 424 1527 verbis
461 1506 521 1527 non
553 1495 735 1536 defuturum
772 1495 854 1536 quod
886 1493 997 1525 scribe·
1046 1492 1134 1528 citet,
1157 1491 1219 1521 hoc
1243 1491 1346 1521 utitur
1368 1497 1582 1531 argumento:
1607 1491 1715 1522 triduo
1737 1491 1821 1522 nihil
1834 1491 1906 1523 lite-

135 1560 207 1587 rem,
232 1557 361 1581 secutus
385 1559 498 1580 veram
520 1549 786 1580 observationem
800 1547 997 1578 Wesenber—
1049 1555 1157 1576 rarum
1187 1555 1204 1575 a
1237 1551 1267 1575 te
1296 1545 1425 1585 accepi:
1459 1554 1538 1585 ergo
1569 1545 1651 1575 nihil
1681 1545 1787 1576 habeo
1818 1546 1906 1586 quod

134 1603 183 1643 gii
205 1603 343 1634 Emend.
368 1613 388 1643 p
425 1603 474 1633 55.
510 1601 633 1633 Contra
667 1601 791 1632 Moseri
822 1600 1000 1641 disputatio
1051 1600 1201 1631 scribam.

134 1656 249 1696 Syinb.
276 1655 358 1687 Crit.
386 1656 484 1686 VIII.
509 1666 540 1696 p.
566 1655 582 1687 7
614 1665 680 1685 non
717 1654 799 1685 mihi
829 1653 1001 1694 persuasit,
1026 1644 1027 1648 ¹

727 1761 849 1802 XVI.
916 1762 981 1814 (A.
1023 1760 1068 1801 [J.
1108 1761 1149 1801 C.
1189 1762 1306 1815 709.)

202 1881 240 1921 1.
275 1878 376 1929 Nos,
412 1893 535 1933 quum
570 1877 737 1918 flumina
770 1883 810 1918 et
843 1875 1100 1918 solitudinem
1142 1891 1411 1932 sequeremur,
1447 1890 1526 1931 quo
1559 1875 1719 1917 facilius
1753 1880 1908 1917 susten-

136 1961 220 1995 tare
254 1969 327 1994 nos
371 1968 590 2007 possemus,
636 1951 778 2007 pedem
811 1966 831 1992 e
866 1950 959 1992 villa
993 1949 1124 1992 adhuc
1159 1951 1307 2006 egressi
1341 1966 1422 1992 non
1457 1965 1614 2002 sumus;
1652 1950 1710 1991 ita
1743 1963 1910 2003 magnos

140 2034 180 2068 et
212 2026 393 2068 assiduos
434 2025 581 2067 imbres
626 2024 887 2067 habebamus.
937 2024 1052 2066 Illam
1092 2018 1475 2080 Ἀκαδημαϊκὴν
1509 2021 1754 2076 σύνταξιν
1785 2027 1911 2064 totam

103 2112 115 2135 5
142 2100 192 2141 ad
227 2100 447 2140 Varronem
479 2098 747 2140 traduximus.
782 2098 918 2139 Primo
951 2097 1029 2138 fuit
1063 2097 1212 2149 Catuli,
1246 2098 1423 2149 Luculli,
1461 2097 1686 2139 Hortensii.
1738 2096 1910 2147 Deinde,

141 2174 237 2229 quia
284 2170 419 2230 παρὰ
470 2169 525 2214 τὸ
570 2170 754 2230 πρέπον
799 2169 1024 2220 videbatur,
1070 2170 1177 2226 quod
1219 2177 1303 2212 erat
1337 2170 1569 2213 hominibus
1601 2176 1698 2212 nota
1730 2186 1812 2212 non
1844 2170 1914 2212 ffla

146 2246 308 2302 quidem
352 2238 677 2298 ἀπαιδευσία,
721 2243 790 2285 sed
823 2245 866 2285 in
899 2244 948 2285 iis
982 2243 1100 2285 rebus
1133 2240 1367 2303 ἁτριψία,
1404 2245 1523 2286 simul
1555 2261 1600 2287 ac
1635 2245 1726 2286 veni
1760 2243 1810 2286 ad
1843 2244 1915 2285 vil-

146 2320 239 2370 lam,
274 2319 434 2360 eosdem
467 2318 556 2359 illos
602 2333 802 2359 sermones
837 2317 886 2359 ad
920 2318 1113 2359 Catonem
1148 2319 1398 2374 Brutumque
1432 2319 1636 2360 transtuli.
1686 2319 1790 2360 Ecce
1823 2323 1916 2359 tuae

148 2394 284 2436 literae
329 2392 377 2433 de
426 2393 618 2433 Varrone.
662 2392 829 2433 Nemini
874 2392 958 2433 visa
1002 2398 1062 2433 est
1106 2392 1234 2448 aptior
1283 2390 1573 2452 ’Avnoxec'a
1607 2393 1723 2434 ratio.
1764 2395 1804 2434 2.
1839 2391 1916 2434 Sed

95 2477 127 2502 10
148 2475 283 2508 tamen
328 2465 447 2507 velim
492 2464 639 2505 scribas
668 2464 735 2505 ad
784 2480 860 2514 me,
905 2465 1079 2520 primum
1123 2465 1329 2521 placeatne
1372 2465 1449 2507 tibi
1493 2465 1646 2521 aliquid
1691 2464 1740 2507 ad
1786 2465 1916 2514 illum,

153 2540 311 2591 deinde,
360 2540 394 2580 si
437 2537 626 2595 placebit,
682 2538 825 2579 hocine
877 2538 1143 2594 potissimum.
1193 2538 1306 2586 Qujd
1352 2539 1549 2581 Servih'a?
1596 2539 1728 2580 iamne
1778 2538 1917 2578 venit?

153 2616 304 2656 Brutus
349 2611 493 2667 ecquid
543 2611 626 2666 agit
668 2617 708 2652 et
751 2611 943 2667 quando?
977 2612 1037 2653 De
1072 2612 1238 2655 Caesare
1272 2613 1369 2669 quid
1403 2613 1594 2655 auditur?
1630 2613 1717 2667 Ego
1750 2611 1801 2652 ad
1834 2611 1918 2652 No-

154 2704 241 2739 nas,
277 2684 614 2743 quemadmodum
647 2684 746 2725 dixi.
779 2685 841 2726 Tu
875 2700 966 2726 cum
1000 2686 1160 2738 Pisone,
1195 2687 1229 2727 si
1261 2686 1359 2741 quid
1393 2686 1556 2741 poteris.
1596 2704 1602 2709 ·

197 2823 216 2853 2
238 2820 427 2853 solitudines
449 2838 490 2844 —
514 2819 550 2850 11
574 2819 671 2851 hocne
694 2838 735 2844 —
757 2820 797 2851 12
820 2820 980 2862 ecquando
1004 2820 1147 2862 (correxi
1170 2830 1188 2852 e
1210 2820 1313 2859 Med.)
1337 2837 1378 2841 —

199 2936 216 2976 ξ
240 2936 269 2966 1.
294 2933 500 2965 Solitudinem
525 2943 542 2964 e
563 2934 653 2965 Med.
676 2935 804 2966 restitui
820 2945 878 2976 pro
896 2935 1016 2975 plurali
1063 2937 1255 2979 disciplinae
1278 2944 1438 2979 expertes,
1461 2939 1519 2970 sed
1552 2944 1661 2969 tamen
1693 2934 1918 2977 philosophiae

157 2988 351 3021 solitudines.
376 2987 451 3018 Vid.
476 2988 516 3018 ad
539 2987 621 3018 XII.
644 2989 693 3026 23,
718 2990 747 3020 1.
1036 3003 1040 3034 j
1063 2992 1173 3023 rudes.

202 3042 292 3083 Quod
313 3044 382 3072 eral
403 3059 443 3064 —
469 3037 613 3087 ἀτριψὶα
645 3050 677 3071 o:
710 3042 799 3082 quod
826 3041 860 3072 in
896 3042 1018 3083 vulgus
1038 3047 1039 3073 ἰ
1106 3046 1125 3085 ξ
1146 3046 1175 3076 2.
1199 3043 1263 3086 qu
1284 3045 1330 3076 ad
1350 3044 1458 3076 Nonas
1480 3055 1536 3086 np.
1564 3045 1597 3075 in
1621 3043 1812 3074 Tusculano
1835 3042 1920 3073 futu-

159 3104 275 3130 notum
288 3103 364 3135 erat,
389 3097 554 3134 Catulum,
575 3096 766 3134 Lucullum,
787 3097 1017 3136 Hortensium,
1037 3078 1040 3139 ξ
1064 3107 1119 3128 rus
1142 3108 1224 3128 sum.
1249 3098 1315 3130 vid.
1337 3108 1386 3139 ep.
1414 3099 1461 3135 12,
1485 3099 1514 3129 4.

160 3164 226 3185 non
251 3153 325 3183 illos
347 3152 481 3193 quidem
505 3150 606 3182 fuisse
636 3150 779 3181 incultos
810 3158 841 3182 et
871 3152 1017 3183 liberalis
1036 3175 1040 3194 λ

2046 2281 2062 2447 ξ
