<?xml version="1.0" encoding="UTF-8"?>
<!DOCTYPE html PUBLIC "-//W3C//DTD XHTML 1.0 Transitional//EN"
    "http://www.w3.org/TR/xhtml1/DTD/xhtml1-transitional.dtd">
<html xmlns="http://www.w3.org/1999/xhtml" xml:lang="en" lang="en">
 <head>
  <title>
</title>
<meta http-equiv="Content-Type" content="text/html;charset=utf-8" />
  <meta name='ocr-system' content='tesseract 3.04.00' />
  <meta name='ocr-capabilities' content='ocr_page ocr_carea ocr_par ocr_line ocrx_word'/>
</head>
<body>
  <div class='ocr_page' id='page_1' title='image "./epistolarumadtpo02ciceuoft_0314.png"; bbox 0 0 2062 3565; ppageno 0'>
   <div class='ocr_carea' id='block_1_1' title="bbox 118 2145 150 2170">
    <p class='ocr_par' dir='ltr' id='par_1_1' title="bbox 118 2145 150 2170">
     <span class='ocr_line' id='line_1_1' title="bbox 118 2145 150 2170; baseline 0 -5"><span class='ocrx_word' id='word_1_1' title='bbox 118 2145 150 2170; x_wconf 76' lang='grc'>111</span> 
     </span>
    </p>
   </div>
   <div class='ocr_carea' id='block_1_2' title="bbox 174 123 1545 186">
    <p class='ocr_par' dir='ltr' id='par_1_2' title="bbox 174 123 1545 186">
     <span class='ocr_line' id='line_1_2' title="bbox 174 123 1545 186; baseline 0.007 -11"><span class='ocrx_word' id='word_1_2' title='bbox 174 137 261 176; x_wconf 68' lang='grc'>3111.</span> <span class='ocrx_word' id='word_1_3' title='bbox 592 137 674 178; x_wconf 80' lang='grc' dir='ltr'>ΕΡ.</span> <span class='ocrx_word' id='word_1_4' title='bbox 710 123 785 179; x_wconf 65' lang='grc' dir='ltr'>ΑΒ</span> <span class='ocrx_word' id='word_1_5' title='bbox 818 139 863 179; x_wconf 80' lang='grc' dir='ltr'>Τ.</span> <span class='ocrx_word' id='word_1_6' title='bbox 898 139 1249 184; x_wconf 86' lang='lat' dir='ltr'>POMPONIUM</span> <span class='ocrx_word' id='word_1_7' title='bbox 1281 142 1545 186; x_wconf 69' lang='grc' dir='ltr'><strong>ΑΊἮΟΗΜ.</strong></span> 
     </span>
    </p>
   </div>
   <div class='ocr_carea' id='block_1_3' title="bbox 169 271 1935 706">
    <p class='ocr_par' dir='ltr' id='par_1_3' title="bbox 169 271 1935 706">
     <span class='ocr_line' id='line_1_3' title="bbox 175 271 1934 335; baseline 0.007 -23"><span class='ocrx_word' id='word_1_8' title='bbox 175 272 290 327; x_wconf 90' lang='lat' dir='ltr'>[quid</span> <span class='ocrx_word' id='word_1_9' title='bbox 324 277 384 313; x_wconf 89' lang='lat' dir='ltr'>est</span> <span class='ocrx_word' id='word_1_10' title='bbox 417 271 491 313; x_wconf 90' lang='lat' dir='ltr'>hoc</span> <span class='ocrx_word' id='word_1_11' title='bbox 504 274 556 327; x_wconf 81' lang='lat'>?].</span> <span class='ocrx_word' id='word_1_12' title='bbox 588 274 697 326; x_wconf 77' lang='lat' dir='ltr'>Quid</span> <span class='ocrx_word' id='word_1_13' title='bbox 731 280 791 316; x_wconf 86' lang='lat' dir='ltr'>est</span> <span class='ocrx_word' id='word_1_14' title='bbox 825 281 971 327; x_wconf 88' lang='lat' dir='ltr'>autem,</span> <span class='ocrx_word' id='word_1_15' title='bbox 1007 291 1078 318; x_wconf 86' lang='lat' dir='ltr'>cur</span> <span class='ocrx_word' id='word_1_16' title='bbox 1111 292 1184 333; x_wconf 88' lang='lat' dir='ltr'>ego</span> <span class='ocrx_word' id='word_1_17' title='bbox 1213 283 1446 335; x_wconf 87' lang='lat' dir='ltr'>personatus</span> <span class='ocrx_word' id='word_1_18' title='bbox 1474 280 1700 325; x_wconf 67' lang='lat' dir='ltr'>ambulem?</span> <span class='ocrx_word' id='word_1_19' title='bbox 1733 283 1934 325; x_wconf 81' lang='lat' dir='ltr'>Parumne</span> 
     </span>
     <span class='ocr_line' id='line_1_4' title="bbox 172 345 1935 410; baseline 0.007 -24"><span class='ocrx_word' id='word_1_20' title='bbox 172 345 288 387; x_wconf 81' lang='lat' dir='ltr'>foeda</span> <span class='ocrx_word' id='word_1_21' title='bbox 331 360 499 401; x_wconf 88' lang='lat' dir='ltr'>persona</span> <span class='ocrx_word' id='word_1_22' title='bbox 544 351 604 388; x_wconf 90' lang='lat' dir='ltr'>est</span> <span class='ocrx_word' id='word_1_23' title='bbox 635 348 761 404; x_wconf 86' lang='lat' dir='ltr'>ipsius</span> <span class='ocrx_word' id='word_1_24' title='bbox 795 351 1039 392; x_wconf 72' lang='lat' dir='ltr'><strong>senectutis?</strong></span> <span class='ocrx_word' id='word_1_25' title='bbox 1075 354 1115 393; x_wconf 89' lang='lat'>5.</span> <span class='ocrx_word' id='word_1_26' title='bbox 1150 351 1268 404; x_wconf 78' lang='lat' dir='ltr'>Quod</span> <span class='ocrx_word' id='word_1_27' title='bbox 1303 353 1453 396; x_wconf 77' lang='lat' dir='ltr'>Brutus</span> <span class='ocrx_word' id='word_1_28' title='bbox 1486 359 1614 410; x_wconf 88' lang='lat' dir='ltr'>rogat,</span> <span class='ocrx_word' id='word_1_29' title='bbox 1649 360 1695 398; x_wconf 92' lang='lat' dir='ltr'>ut</span> <span class='ocrx_word' id='word_1_30' title='bbox 1727 362 1819 398; x_wconf 88' lang='lat' dir='ltr'>ante</span> <span class='ocrx_word' id='word_1_31' title='bbox 1854 359 1935 399; x_wconf 84' lang='lat' dir='ltr'>Ka—</span> 
     </span>
     <span class='ocr_line' id='line_1_5' title="bbox 175 419 1935 485; baseline 0.007 -26"><span class='ocrx_word' id='word_1_32' title='bbox 175 419 328 471; x_wconf 89' lang='lat' dir='ltr'>lendas,</span> <span class='ocrx_word' id='word_1_33' title='bbox 372 419 421 460; x_wconf 85' lang='lat' dir='ltr'>ad</span> <span class='ocrx_word' id='word_1_34' title='bbox 468 435 529 461; x_wconf 91' lang='lat' dir='ltr'>me</span> <span class='ocrx_word' id='word_1_35' title='bbox 564 435 721 477; x_wconf 89' lang='lat' dir='ltr'>quoque</span> <span class='ocrx_word' id='word_1_36' title='bbox 756 423 929 479; x_wconf 75' lang='lat' dir='ltr'><strong>scripsit,</strong></span> <span class='ocrx_word' id='word_1_37' title='bbox 964 428 1004 464; x_wconf 86' lang='lat' dir='ltr'>et</span> <span class='ocrx_word' id='word_1_38' title='bbox 1038 424 1203 467; x_wconf 87' lang='lat' dir='ltr'>fortasse</span> <span class='ocrx_word' id='word_1_39' title='bbox 1238 425 1394 468; x_wconf 86' lang='lat' dir='ltr'>faciam.</span> <span class='ocrx_word' id='word_1_40' title='bbox 1446 427 1524 469; x_wconf 87' lang='lat' dir='ltr'>Sed</span> <span class='ocrx_word' id='word_1_41' title='bbox 1557 428 1674 485; x_wconf 88' lang='lat' dir='ltr'>plane</span> <span class='ocrx_word' id='word_1_42' title='bbox 1707 430 1804 485; x_wconf 91' lang='lat' dir='ltr'>quid</span> <span class='ocrx_word' id='word_1_43' title='bbox 1840 430 1935 472; x_wconf 85' lang='lat' dir='ltr'>velit</span> 
     </span>
     <span class='ocr_line' id='line_1_6' title="bbox 170 493 1934 558; baseline 0.007 -24"><span class='ocrx_word' id='word_1_44' title='bbox 170 494 318 535; x_wconf 89' lang='lat' dir='ltr'>nescio.</span> <span class='ocrx_word' id='word_1_45' title='bbox 369 493 479 545; x_wconf 75' lang='lat' dir='ltr'>Quid</span> <span class='ocrx_word' id='word_1_46' title='bbox 518 495 622 536; x_wconf 89' lang='lat' dir='ltr'>enim</span> <span class='ocrx_word' id='word_1_47' title='bbox 657 495 715 537; x_wconf 81' lang='lat' dir='ltr'>illi</span> <span class='ocrx_word' id='word_1_48' title='bbox 750 496 887 538; x_wconf 86' lang='lat' dir='ltr'>afferre</span> <span class='ocrx_word' id='word_1_49' title='bbox 921 498 1079 540; x_wconf 87' lang='lat' dir='ltr'>consilii</span> <span class='ocrx_word' id='word_1_50' title='bbox 1112 515 1287 555; x_wconf 84' lang='lat' dir='ltr'>possum,</span> <span class='ocrx_word' id='word_1_51' title='bbox 1323 516 1446 557; x_wconf 89' lang='lat' dir='ltr'>quum</span> <span class='ocrx_word' id='word_1_52' title='bbox 1479 502 1564 558; x_wconf 87' lang='lat' dir='ltr'>ipse</span> <span class='ocrx_word' id='word_1_53' title='bbox 1598 518 1734 558; x_wconf 84' lang='lat' dir='ltr'>egeam</span> <span class='ocrx_word' id='word_1_54' title='bbox 1768 504 1934 546; x_wconf 85' lang='lat' dir='ltr'>consilio</span> 
     </span>
     <span class='ocr_line' id='line_1_7' title="bbox 170 567 1935 628; baseline 0.007 -21"><span class='ocrx_word' id='word_1_55' title='bbox 170 572 210 609; x_wconf 89' lang='lat' dir='ltr'>et</span> <span class='ocrx_word' id='word_1_56' title='bbox 243 582 364 623; x_wconf 90' lang='lat' dir='ltr'>quum</span> <span class='ocrx_word' id='word_1_57' title='bbox 399 567 465 608; x_wconf 90' lang='lat' dir='ltr'>ille</span> <span class='ocrx_word' id='word_1_58' title='bbox 500 582 594 609; x_wconf 87' lang='lat' dir='ltr'>suae</span> <span class='ocrx_word' id='word_1_59' title='bbox 628 569 919 612; x_wconf 84' lang='lat' dir='ltr'>immortalitati</span> <span class='ocrx_word' id='word_1_60' title='bbox 954 571 1094 614; x_wconf 84' lang='lat' dir='ltr'>melius</span> <span class='ocrx_word' id='word_1_61' title='bbox 1127 588 1245 628; x_wconf 90' lang='lat' dir='ltr'>quam</span> <span class='ocrx_word' id='word_1_62' title='bbox 1279 579 1416 616; x_wconf 91' lang='lat' dir='ltr'>nostro</span> <span class='ocrx_word' id='word_1_63' title='bbox 1450 576 1532 617; x_wconf 92' lang='lat' dir='ltr'>otio</span> <span class='ocrx_word' id='word_1_64' title='bbox 1566 577 1840 620; x_wconf 77' lang='lat' dir='ltr'>consuluerit?</span> <span class='ocrx_word' id='word_1_65' title='bbox 1875 578 1935 620; x_wconf 88' lang='lat' dir='ltr'>De</span> 
     </span>
     <span class='ocr_line' id='line_1_8' title="bbox 169 642 1767 706; baseline 0.006 -24"><span class='ocrx_word' id='word_1_66' title='bbox 169 642 308 697; x_wconf 86' lang='lat' dir='ltr'>regina</span> <span class='ocrx_word' id='word_1_67' title='bbox 339 656 473 683; x_wconf 86' lang='lat' dir='ltr'>rumor</span> <span class='ocrx_word' id='word_1_68' title='bbox 506 643 798 698; x_wconf 67' lang='lat' dir='ltr'>exstinguetur.</span> <span class='ocrx_word' id='word_1_69' title='bbox 835 645 895 686; x_wconf 90' lang='lat' dir='ltr'>De</span> <span class='ocrx_word' id='word_1_70' title='bbox 929 645 1121 699; x_wconf 83' lang='lat' dir='ltr'>Flamma,</span> <span class='ocrx_word' id='word_1_71' title='bbox 1157 647 1321 690; x_wconf 88' lang='lat' dir='ltr'>obsecro</span> <span class='ocrx_word' id='word_1_72' title='bbox 1353 654 1408 701; x_wconf 90' lang='lat' dir='ltr'>te,</span> <span class='ocrx_word' id='word_1_73' title='bbox 1443 650 1474 690; x_wconf 90' lang='lat' dir='ltr'>si</span> <span class='ocrx_word' id='word_1_74' title='bbox 1509 650 1607 705; x_wconf 90' lang='lat' dir='ltr'>quid</span> <span class='ocrx_word' id='word_1_75' title='bbox 1642 654 1767 706; x_wconf 90' lang='lat' dir='ltr'>potes.</span> 
     </span>
    </p>
   </div>
   <div class='ocr_carea' id='block_1_4' title="bbox 168 831 1934 1003">
    <p class='ocr_par' dir='ltr' id='par_1_4' title="bbox 168 831 1934 1003">
     <span class='ocr_line' id='line_1_9' title="bbox 169 831 1933 880; baseline 0.006 -19"><span class='ocrx_word' id='word_1_76' title='bbox 169 831 254 869; x_wconf 87' lang='lat' dir='ltr'>lecti,</span> <span class='ocrx_word' id='word_1_77' title='bbox 277 832 358 862; x_wconf 88' lang='lat' dir='ltr'>mihi</span> <span class='ocrx_word' id='word_1_78' title='bbox 381 833 573 870; x_wconf 83' lang='lat' dir='ltr'>concedent,</span> <span class='ocrx_word' id='word_1_79' title='bbox 603 833 659 873; x_wconf 89' lang='lat' dir='ltr'>qui</span> <span class='ocrx_word' id='word_1_80' title='bbox 692 835 909 874; x_wconf 83' lang='lat' dir='ltr'>cognoverint</span> <span class='ocrx_word' id='word_1_81' title='bbox 938 835 1028 875; x_wconf 84' lang='lat' dir='ltr'>inge·</span> <span class='ocrx_word' id='word_1_82' title='bbox 1049 836 1052 879; x_wconf 55' lang='lat' dir='ltr'>l</span> <span class='ocrx_word' id='word_1_83' title='bbox 1074 836 1233 877; x_wconf 87' lang='lat' dir='ltr'>quoniam</span> <span class='ocrx_word' id='word_1_84' title='bbox 1256 838 1416 870; x_wconf 84' lang='lat' dir='ltr'>assentior</span> <span class='ocrx_word' id='word_1_85' title='bbox 1442 838 1693 879; x_wconf 72' lang='lat' dir='ltr'>VVesenbergio,</span> <span class='ocrx_word' id='word_1_86' title='bbox 1723 840 1865 871; x_wconf 85' lang='lat' dir='ltr'>Emend.</span> <span class='ocrx_word' id='word_1_87' title='bbox 1903 850 1933 880; x_wconf 85' lang='lat' dir='ltr'>p.</span> 
     </span>
     <span class='ocr_line' id='line_1_10' title="bbox 170 884 1934 940; baseline 0.006 -25"><span class='ocrx_word' id='word_1_88' title='bbox 170 884 296 915; x_wconf 85' lang='lat' dir='ltr'>niosam</span> <span class='ocrx_word' id='word_1_89' title='bbox 320 885 543 926; x_wconf 87' lang='lat' dir='ltr'>Peerlkampii</span> <span class='ocrx_word' id='word_1_90' title='bbox 567 886 843 925; x_wconf 82' lang='lat' dir='ltr'>emendationem,</span> <span class='ocrx_word' id='word_1_91' title='bbox 865 897 965 928; x_wconf 88' lang='lat' dir='ltr'>quam</span> <span class='ocrx_word' id='word_1_92' title='bbox 982 888 1028 918; x_wconf 87' lang='lat' dir='ltr'>in·</span> <span class='ocrx_word' id='word_1_93' title='bbox 1049 906 1051 940; x_wconf 69' lang='grc' dir='ltr'>Ι</span> <span class='ocrx_word' id='word_1_94' title='bbox 1076 891 1144 928; x_wconf 84' lang='grc'>118,</span> <span class='ocrx_word' id='word_1_95' title='bbox 1168 891 1249 922; x_wconf 89' lang='lat' dir='ltr'>haec</span> <span class='ocrx_word' id='word_1_96' title='bbox 1270 901 1341 923; x_wconf 88' lang='lat' dir='ltr'>esse</span> <span class='ocrx_word' id='word_1_97' title='bbox 1365 892 1491 923; x_wconf 87' lang='lat' dir='ltr'>librarii</span> <span class='ocrx_word' id='word_1_98' title='bbox 1515 892 1758 934; x_wconf 80' lang='lat' dir='ltr'>interrogantis,</span> <span class='ocrx_word' id='word_1_99' title='bbox 1782 893 1861 935; x_wconf 84' lang='lat' dir='ltr'>quid</span> <span class='ocrx_word' id='word_1_100' title='bbox 1876 893 1934 925; x_wconf 81' lang='lat' dir='ltr'>illa</span> 
     </span>
     <span class='ocr_line' id='line_1_11' title="bbox 168 934 1308 1003; baseline 0.006 -33"><span class='ocrx_word' id='word_1_101' title='bbox 168 944 218 970; x_wconf 87' lang='lat' dir='ltr'>ter</span> <span class='ocrx_word' id='word_1_102' title='bbox 240 938 339 969; x_wconf 86' lang='lat' dir='ltr'>verba</span> <span class='ocrx_word' id='word_1_103' title='bbox 362 938 532 970; x_wconf 88' lang='lat' dir='ltr'>Ciceronis</span> <span class='ocrx_word' id='word_1_104' title='bbox 554 940 678 980; x_wconf 87' lang='lat' dir='ltr'>recepi:</span> <span class='ocrx_word' id='word_1_105' title='bbox 697 934 791 974; x_wconf 81' lang='grc' dir='ltr'>τοῦτ’</span> <span class='ocrx_word' id='word_1_106' title='bbox 816 939 875 974; x_wconf 79' lang='grc' dir='ltr'>οὐκ</span> <span class='ocrx_word' id='word_1_107' title='bbox 903 939 939 974; x_wconf 84' lang='grc' dir='ltr'>ἐκ</span> <span class='ocrx_word' id='word_1_108' title='bbox 967 944 1028 974; x_wconf 83' lang='grc' dir='ltr'>τοῦ</span> <span class='ocrx_word' id='word_1_109' title='bbox 1050 942 1051 1003; x_wconf 37' lang='grc' dir='ltr'>ἢ</span> <span class='ocrx_word' id='word_1_110' title='bbox 1074 949 1308 989; x_wconf 74' lang='lat' dir='ltr'>significarent.</span> 
     </span>
    </p>
   </div>
   <div class='ocr_carea' id='block_1_5' title="bbox 168 997 1934 1045">
    <p class='ocr_par' dir='ltr' id='par_1_5' title="bbox 168 997 1934 1045">
     <span class='ocr_line' id='line_1_12' title="bbox 168 997 1934 1045; baseline 0.003 -16"><span class='ocrx_word' id='word_1_111' title='bbox 168 997 242 1037; x_wconf 78' lang='grc' dir='ltr'><strong>νοῦ,</strong></span> <span class='ocrx_word' id='word_1_112' title='bbox 268 1007 328 1027; x_wconf 83' lang='lat' dir='ltr'>non</span> <span class='ocrx_word' id='word_1_113' title='bbox 343 997 415 1037; x_wconf 82' lang='lat' dir='ltr'>feci</span> <span class='ocrx_word' id='word_1_114' title='bbox 438 1007 476 1027; x_wconf 62' lang='lat' dir='ltr'>ea·</span> <span class='ocrx_word' id='word_1_115' title='bbox 498 997 611 1029; x_wconf 79' lang='lat' dir='ltr'>animo.</span> <span class='ocrx_word' id='word_1_116' title='bbox 645 998 789 1038; x_wconf 83' lang='lat' dir='ltr'>Egregie</span> <span class='ocrx_word' id='word_1_117' title='bbox 811 999 892 1031; x_wconf 86' lang='lat' dir='ltr'>haec</span> <span class='ocrx_word' id='word_1_118' title='bbox 911 1000 1026 1030; x_wconf 86' lang='lat' dir='ltr'>confir·</span> <span class='ocrx_word' id='word_1_119' title='bbox 1050 1007 1051 1031; x_wconf 74' lang='grc'>1</span> <span class='ocrx_word' id='word_1_120' title='bbox 1117 1002 1134 1041; x_wconf 64' lang='grc' dir='ltr'>ξ</span> <span class='ocrx_word' id='word_1_121' title='bbox 1158 1004 1187 1032; x_wconf 82' lang='grc'>5.</span> <span class='ocrx_word' id='word_1_122' title='bbox 1212 1002 1312 1038; x_wconf 78' lang='lat' dir='ltr'>Quum</span> <span class='ocrx_word' id='word_1_123' title='bbox 1333 1002 1390 1032; x_wconf 81' lang='lat' dir='ltr'>ille</span> <span class='ocrx_word' id='word_1_124' title='bbox 1413 1021 1453 1026; x_wconf 90' lang='lat'>—-</span> <span class='ocrx_word' id='word_1_125' title='bbox 1476 1003 1667 1034; x_wconf 75' lang='lat' dir='ltr'>consuluerit</span> <span class='ocrx_word' id='word_1_126' title='bbox 1682 1013 1715 1034; x_wconf 70' lang='grc' dir='ltr'>οι</span> <span class='ocrx_word' id='word_1_127' title='bbox 1733 1013 1835 1045; x_wconf 86' lang='lat' dir='ltr'>quum</span> <span class='ocrx_word' id='word_1_128' title='bbox 1853 1004 1934 1034; x_wconf 89' lang='lat' dir='ltr'>Bru-</span> 
     </span>
    </p>
   </div>
   <div class='ocr_carea' id='block_1_6' title="bbox 169 1055 1932 1105">
    <p class='ocr_par' dir='ltr' id='par_1_6' title="bbox 169 1047 1932 1105">
     <span class='ocr_line' id='line_1_13' title="bbox 169 1055 1932 1105; baseline 0.002 -20"><span class='ocrx_word' id='word_1_129' title='bbox 169 1059 302 1085; x_wconf 87' lang='lat' dir='ltr'>mantur</span> <span class='ocrx_word' id='word_1_130' title='bbox 330 1055 551 1096; x_wconf 88' lang='lat' dir='ltr'>sequentibus,</span> <span class='ocrx_word' id='word_1_131' title='bbox 582 1056 615 1087; x_wconf 89' lang='lat' dir='ltr'>in</span> <span class='ocrx_word' id='word_1_132' title='bbox 650 1056 771 1097; x_wconf 85' lang='lat' dir='ltr'>quibus</span> <span class='ocrx_word' id='word_1_133' title='bbox 802 1057 883 1088; x_wconf 90' lang='lat' dir='ltr'>dicit</span> <span class='ocrx_word' id='word_1_134' title='bbox 910 1056 1026 1088; x_wconf 87' lang='lat' dir='ltr'>Cicero</span> <span class='ocrx_word' id='word_1_135' title='bbox 1051 1086 1053 1105; x_wconf 30' lang='lat' dir='ltr'>k</span> <span class='ocrx_word' id='word_1_136' title='bbox 1075 1062 1127 1087; x_wconf 88' lang='lat' dir='ltr'>tus</span> <span class='ocrx_word' id='word_1_137' title='bbox 1151 1056 1258 1088; x_wconf 88' lang='lat' dir='ltr'>occiso</span> <span class='ocrx_word' id='word_1_138' title='bbox 1282 1056 1421 1089; x_wconf 84' lang='lat' dir='ltr'>Caesare</span> <span class='ocrx_word' id='word_1_139' title='bbox 1444 1057 1550 1098; x_wconf 86' lang='lat' dir='ltr'>magis</span> <span class='ocrx_word' id='word_1_140' title='bbox 1573 1057 1636 1089; x_wconf 89' lang='lat' dir='ltr'>sibi</span> <span class='ocrx_word' id='word_1_141' title='bbox 1659 1057 1810 1098; x_wconf 79' lang='lat' dir='ltr'>gloriam,</span> <span class='ocrx_word' id='word_1_142' title='bbox 1833 1067 1932 1098; x_wconf 82' lang='lat' dir='ltr'>qnam</span> 
     </span>
    </p>
   </div>
   <div class='ocr_carea' id='block_1_7' title="bbox 168 1110 1934 1316">
    <p class='ocr_par' dir='ltr' id='par_1_7' title="bbox 169 1110 1596 1153">
     <span class='ocr_line' id='line_1_14' title="bbox 169 1110 1596 1153; baseline 0.001 -11"><span class='ocrx_word' id='word_1_143' title='bbox 169 1120 203 1142; x_wconf 88' lang='lat' dir='ltr'>se</span> <span class='ocrx_word' id='word_1_144' title='bbox 228 1121 341 1142; x_wconf 87' lang='lat' dir='ltr'>senem</span> <span class='ocrx_word' id='word_1_145' title='bbox 364 1112 528 1152; x_wconf 80' lang='lat' dir='ltr'>deponere</span> <span class='ocrx_word' id='word_1_146' title='bbox 559 1112 651 1143; x_wconf 83' lang='lat' dir='ltr'>illam</span> <span class='ocrx_word' id='word_1_147' title='bbox 683 1122 867 1153; x_wconf 81' lang='lat' dir='ltr'>personam,</span> <span class='ocrx_word' id='word_1_148' title='bbox 900 1123 959 1144; x_wconf 88' lang='lat' dir='ltr'>nee</span> <span class='ocrx_word' id='word_1_149' title='bbox 990 1114 1029 1144; x_wconf 90' lang='lat' dir='ltr'>si-</span> <span class='ocrx_word' id='word_1_150' title='bbox 1075 1110 1170 1141; x_wconf 77' lang='lat' dir='ltr'>nobis</span> <span class='ocrx_word' id='word_1_151' title='bbox 1192 1111 1401 1142; x_wconf 81' lang='lat' dir='ltr'>securitatem</span> <span class='ocrx_word' id='word_1_152' title='bbox 1424 1111 1596 1152; x_wconf 84' lang='lat' dir='ltr'>paraverit.</span> 
     </span>
    </p>

    <p class='ocr_par' dir='ltr' id='par_1_8' title="bbox 168 1163 1934 1316">
     <span class='ocr_line' id='line_1_15' title="bbox 168 1163 1934 1206; baseline 0.001 -11"><span class='ocrx_word' id='word_1_153' title='bbox 168 1165 296 1196; x_wconf 88' lang='lat' dir='ltr'>mnlare</span> <span class='ocrx_word' id='word_1_154' title='bbox 319 1174 474 1202; x_wconf 86' lang='lat' dir='ltr'>amorem,</span> <span class='ocrx_word' id='word_1_155' title='bbox 499 1165 555 1206; x_wconf 90' lang='lat' dir='ltr'>qui</span> <span class='ocrx_word' id='word_1_156' title='bbox 579 1176 644 1196; x_wconf 89' lang='lat' dir='ltr'>non</span> <span class='ocrx_word' id='word_1_157' title='bbox 669 1172 737 1197; x_wconf 91' lang='lat' dir='ltr'>erat</span> <span class='ocrx_word' id='word_1_158' title='bbox 760 1166 793 1197; x_wconf 91' lang='lat' dir='ltr'>in</span> <span class='ocrx_word' id='word_1_159' title='bbox 825 1166 936 1197; x_wconf 84' lang='lat' dir='ltr'>animo</span> <span class='ocrx_word' id='word_1_160' title='bbox 958 1176 1027 1198; x_wconf 88' lang='lat' dir='ltr'>suo.</span> <span class='ocrx_word' id='word_1_161' title='bbox 1118 1163 1164 1194; x_wconf 75' lang='lat' dir='ltr'>De</span> <span class='ocrx_word' id='word_1_162' title='bbox 1187 1164 1296 1205; x_wconf 68' lang='lat' dir='ltr'>reyina</span> <span class='ocrx_word' id='word_1_163' title='bbox 1318 1175 1422 1195; x_wconf 84' lang='lat' dir='ltr'>rumor</span> <span class='ocrx_word' id='word_1_164' title='bbox 1439 1165 1668 1206; x_wconf 62' lang='lat' dir='ltr'>arslinquetur.</span> <span class='ocrx_word' id='word_1_165' title='bbox 1693 1164 1934 1206; x_wconf 85' lang='lat' dir='ltr'>Corrigenduin</span> 
     </span>
     <span class='ocr_line' id='line_1_16' title="bbox 168 1217 1934 1261; baseline 0 -10"><span class='ocrx_word' id='word_1_166' title='bbox 168 1219 284 1260; x_wconf 84' lang='lat' dir='ltr'>Rugae</span> <span class='ocrx_word' id='word_1_167' title='bbox 306 1220 426 1251; x_wconf 87' lang='lat' dir='ltr'>seniles</span> <span class='ocrx_word' id='word_1_168' title='bbox 449 1220 527 1251; x_wconf 86' lang='lat' dir='ltr'>satis</span> <span class='ocrx_word' id='word_1_169' title='bbox 550 1230 623 1251; x_wconf 89' lang='lat' dir='ltr'>eum</span> <span class='ocrx_word' id='word_1_170' title='bbox 648 1220 886 1252; x_wconf 84' lang='lat' dir='ltr'>deformabant.</span> <span class='ocrx_word' id='word_1_171' title='bbox 934 1221 1029 1260; x_wconf 84' lang='lat' dir='ltr'>Quae</span> <span class='ocrx_word' id='word_1_172' title='bbox 1052 1223 1054 1261; x_wconf 65' lang='lat' dir='ltr'>f</span> <span class='ocrx_word' id='word_1_173' title='bbox 1075 1227 1193 1249; x_wconf 84' lang='lat' dir='ltr'>censeo</span> <span class='ocrx_word' id='word_1_174' title='bbox 1224 1217 1446 1259; x_wconf 53' lang='lat' dir='ltr'>exstimuitwu</span> <span class='ocrx_word' id='word_1_175' title='bbox 1477 1236 1516 1241; x_wconf 89' lang='lat'>—</span> <span class='ocrx_word' id='word_1_176' title='bbox 1562 1218 1610 1251; x_wconf 87' lang='lat' dir='ltr'>De</span> <span class='ocrx_word' id='word_1_177' title='bbox 1631 1218 1783 1251; x_wconf 84' lang='lat' dir='ltr'>Flamma</span> <span class='ocrx_word' id='word_1_178' title='bbox 1806 1219 1872 1251; x_wconf 83' lang='lat' dir='ltr'>vid.</span> <span class='ocrx_word' id='word_1_179' title='bbox 1895 1219 1934 1252; x_wconf 75' lang='lat' dir='ltr'>ad</span> 
     </span>
     <span class='ocr_line' id='line_1_17' title="bbox 168 1269 1300 1316; baseline -0.001 -12"><span class='ocrx_word' id='word_1_180' title='bbox 168 1280 241 1313; x_wconf 83' lang='lat' dir='ltr'>post</span> <span class='ocrx_word' id='word_1_181' title='bbox 262 1271 386 1305; x_wconf 85' lang='lat' dir='ltr'>Graeca</span> <span class='ocrx_word' id='word_1_182' title='bbox 408 1279 591 1315; x_wconf 87' lang='lat' dir='ltr'>sequuntur</span> <span class='ocrx_word' id='word_1_183' title='bbox 627 1274 704 1316; x_wconf 75' lang='lat' dir='ltr'>quid</span> <span class='ocrx_word' id='word_1_184' title='bbox 735 1277 782 1305; x_wconf 74' lang='lat' dir='ltr'>est</span> <span class='ocrx_word' id='word_1_185' title='bbox 814 1275 871 1306; x_wconf 77' lang='grc' dir='ltr'>Ιιοε</span> <span class='ocrx_word' id='word_1_186' title='bbox 900 1274 1030 1312; x_wconf 87' lang='lat' dir='ltr'>seclusi,</span> <span class='ocrx_word' id='word_1_187' title='bbox 1052 1269 1053 1295; x_wconf 55' lang='grc' dir='ltr'>ἶ</span> <span class='ocrx_word' id='word_1_188' title='bbox 1074 1272 1164 1304; x_wconf 82' lang='lat' dir='ltr'>XIV</span> <span class='ocrx_word' id='word_1_189' title='bbox 1199 1272 1257 1312; x_wconf 87' lang='grc'>16,</span> <span class='ocrx_word' id='word_1_190' title='bbox 1272 1275 1300 1304; x_wconf 79' lang='lat'>4.</span> 
     </span>
    </p>
   </div>
   <div class='ocr_carea' id='block_1_8' title="bbox 771 1404 1335 1459">
    <p class='ocr_par' dir='ltr' id='par_1_9' title="bbox 771 1404 1335 1459">
     <span class='ocr_line' id='line_1_18' title="bbox 771 1404 1335 1459; baseline -0.004 -13"><span class='ocrx_word' id='word_1_191' title='bbox 771 1406 807 1446; x_wconf 83' lang='lat' dir='ltr'>J.</span> <span class='ocrx_word' id='word_1_192' title='bbox 842 1404 880 1446; x_wconf 89' lang='lat' dir='ltr'>b.</span> <span class='ocrx_word' id='word_1_193' title='bbox 948 1407 1012 1459; x_wconf 84' lang='lat' dir='ltr'>(A.</span> <span class='ocrx_word' id='word_1_194' title='bbox 1056 1406 1100 1446; x_wconf 76' lang='lat' dir='ltr'>zs.</span> <span class='ocrx_word' id='word_1_195' title='bbox 1138 1406 1180 1446; x_wconf 81' lang='lat' dir='ltr'>C.</span> <span class='ocrx_word' id='word_1_196' title='bbox 1218 1406 1335 1458; x_wconf 85' lang='lat'>710.)</span> 
     </span>
    </p>
   </div>
   <div class='ocr_carea' id='block_1_9' title="bbox 170 1542 1938 2408">
    <p class='ocr_par' dir='ltr' id='par_1_10' title="bbox 170 1542 1938 2408">
     <span class='ocr_line' id='line_1_19' title="bbox 235 1542 1935 1600; baseline 0.002 -18"><span class='ocrx_word' id='word_1_197' title='bbox 235 1544 274 1583; x_wconf 84' lang='lat'>1.</span> <span class='ocrx_word' id='word_1_198' title='bbox 324 1543 430 1583; x_wconf 89' lang='lat' dir='ltr'>Here</span> <span class='ocrx_word' id='word_1_199' title='bbox 476 1542 660 1585; x_wconf 80' lang='lat' dir='ltr'>dederam</span> <span class='ocrx_word' id='word_1_200' title='bbox 707 1544 756 1585; x_wconf 84' lang='lat' dir='ltr'>ad</span> <span class='ocrx_word' id='word_1_201' title='bbox 803 1550 842 1585; x_wconf 90' lang='lat' dir='ltr'>te</span> <span class='ocrx_word' id='word_1_202' title='bbox 886 1544 1021 1586; x_wconf 80' lang='lat' dir='ltr'>literas</span> <span class='ocrx_word' id='word_1_203' title='bbox 1055 1547 1190 1586; x_wconf 86' lang='lat' dir='ltr'>exiens</span> <span class='ocrx_word' id='word_1_204' title='bbox 1224 1560 1243 1585; x_wconf 87' lang='lat' dir='ltr'>e</span> <span class='ocrx_word' id='word_1_205' title='bbox 1279 1544 1502 1586; x_wconf 87' lang='lat' dir='ltr'>Puteolano</span> <span class='ocrx_word' id='word_1_206' title='bbox 1537 1544 1859 1600; x_wconf 87' lang='lat' dir='ltr'>deverteramque</span> <span class='ocrx_word' id='word_1_207' title='bbox 1893 1545 1935 1586; x_wconf 88' lang='lat' dir='ltr'>in</span> 
     </span>
     <span class='ocr_line' id='line_1_20' title="bbox 170 1615 1934 1674; baseline 0.002 -18"><span class='ocrx_word' id='word_1_208' title='bbox 170 1616 409 1657; x_wconf 85' lang='lat' dir='ltr'>Cumanum.</span> <span class='ocrx_word' id='word_1_209' title='bbox 461 1615 525 1657; x_wconf 83' lang='lat' dir='ltr'>Ibi</span> <span class='ocrx_word' id='word_1_210' title='bbox 571 1615 672 1658; x_wconf 88' lang='lat' dir='ltr'>bene</span> <span class='ocrx_word' id='word_1_211' title='bbox 720 1618 915 1659; x_wconf 84' lang='lat' dir='ltr'>valentem</span> <span class='ocrx_word' id='word_1_212' title='bbox 969 1618 1142 1660; x_wconf 82' lang='lat' dir='ltr'>videram</span> <span class='ocrx_word' id='word_1_213' title='bbox 1190 1618 1348 1660; x_wconf 85' lang='lat' dir='ltr'>Piliam.</span> <span class='ocrx_word' id='word_1_214' title='bbox 1399 1618 1510 1670; x_wconf 77' lang='lat' dir='ltr'>Quin</span> <span class='ocrx_word' id='word_1_215' title='bbox 1551 1619 1670 1660; x_wconf 86' lang='lat' dir='ltr'>etiam</span> <span class='ocrx_word' id='word_1_216' title='bbox 1713 1617 1934 1674; x_wconf 84' lang='lat' dir='ltr'>paullulum</span> 
     </span>
     <span class='ocr_line' id='line_1_21' title="bbox 171 1689 1936 1747; baseline 0.001 -17"><span class='ocrx_word' id='word_1_217' title='bbox 171 1689 308 1730; x_wconf 85' lang='lat' dir='ltr'>Cumis</span> <span class='ocrx_word' id='word_1_218' title='bbox 349 1705 432 1730; x_wconf 88' lang='lat' dir='ltr'>eam</span> <span class='ocrx_word' id='word_1_219' title='bbox 469 1690 565 1732; x_wconf 81' lang='lat' dir='ltr'>vidi.</span> <span class='ocrx_word' id='word_1_220' title='bbox 618 1691 794 1733; x_wconf 80' lang='lat' dir='ltr'>Venerat</span> <span class='ocrx_word' id='word_1_221' title='bbox 827 1693 932 1733; x_wconf 90' lang='lat' dir='ltr'>enim</span> <span class='ocrx_word' id='word_1_222' title='bbox 967 1693 1010 1733; x_wconf 93' lang='lat' dir='ltr'>in</span> <span class='ocrx_word' id='word_1_223' title='bbox 1045 1692 1179 1743; x_wconf 86' lang='lat' dir='ltr'>funus,</span> <span class='ocrx_word' id='word_1_224' title='bbox 1215 1693 1280 1733; x_wconf 93' lang='lat' dir='ltr'>cui</span> <span class='ocrx_word' id='word_1_225' title='bbox 1314 1692 1443 1734; x_wconf 85' lang='lat' dir='ltr'>funeri</span> <span class='ocrx_word' id='word_1_226' title='bbox 1478 1707 1552 1747; x_wconf 87' lang='lat' dir='ltr'>ego</span> <span class='ocrx_word' id='word_1_227' title='bbox 1586 1707 1744 1747; x_wconf 87' lang='lat' dir='ltr'>quoque</span> <span class='ocrx_word' id='word_1_228' title='bbox 1778 1706 1936 1747; x_wconf 84' lang='lat' dir='ltr'>operam</span> 
     </span>
     <span class='ocr_line' id='line_1_22' title="bbox 172 1762 1937 1820; baseline 0.001 -17"><span class='ocrx_word' id='word_1_229' title='bbox 172 1762 279 1803; x_wconf 88' lang='lat' dir='ltr'>dedi.</span> <span class='ocrx_word' id='word_1_230' title='bbox 325 1764 400 1804; x_wconf 82' lang='lat' dir='ltr'>Cn.</span> <span class='ocrx_word' id='word_1_231' title='bbox 443 1763 639 1805; x_wconf 82' lang='lat' dir='ltr'>Lucullus</span> <span class='ocrx_word' id='word_1_232' title='bbox 686 1765 892 1807; x_wconf 85' lang='lat' dir='ltr'>familiaris</span> <span class='ocrx_word' id='word_1_233' title='bbox 936 1771 1070 1808; x_wconf 89' lang='lat' dir='ltr'>noster</span> <span class='ocrx_word' id='word_1_234' title='bbox 1116 1772 1278 1808; x_wconf 83' lang='lat' dir='ltr'>matrem</span> <span class='ocrx_word' id='word_1_235' title='bbox 1315 1765 1518 1808; x_wconf 85' lang='lat' dir='ltr'>efferebat.</span> <span class='ocrx_word' id='word_1_236' title='bbox 1568 1767 1701 1808; x_wconf 89' lang='lat' dir='ltr'>Mansi</span> <span class='ocrx_word' id='word_1_237' title='bbox 1735 1765 1858 1820; x_wconf 82' lang='lat' dir='ltr'>igitur</span> <span class='ocrx_word' id='word_1_238' title='bbox 1891 1779 1937 1805; x_wconf 92' lang='lat' dir='ltr'>eo</span> 
     </span>
     <span class='ocr_line' id='line_1_23' title="bbox 173 1835 1935 1897; baseline 0.001 -21"><span class='ocrx_word' id='word_1_239' title='bbox 173 1835 236 1876; x_wconf 88' lang='lat' dir='ltr'>die</span> <span class='ocrx_word' id='word_1_240' title='bbox 278 1838 319 1877; x_wconf 92' lang='lat' dir='ltr'>in</span> <span class='ocrx_word' id='word_1_241' title='bbox 364 1837 620 1888; x_wconf 83' lang='lat' dir='ltr'>Sinuessano,</span> <span class='ocrx_word' id='word_1_242' title='bbox 657 1843 776 1893; x_wconf 85' lang='lat' dir='ltr'>atque</span> <span class='ocrx_word' id='word_1_243' title='bbox 810 1839 903 1880; x_wconf 89' lang='lat' dir='ltr'>inde</span> <span class='ocrx_word' id='word_1_244' title='bbox 939 1855 1053 1881; x_wconf 87' lang='lat' dir='ltr'>mane</span> <span class='ocrx_word' id='word_1_245' title='bbox 1087 1840 1280 1897; x_wconf 84' lang='lat' dir='ltr'>postridie</span> <span class='ocrx_word' id='word_1_246' title='bbox 1315 1841 1513 1896; x_wconf 82' lang='lat' dir='ltr'>Arpinum</span> <span class='ocrx_word' id='word_1_247' title='bbox 1549 1840 1800 1896; x_wconf 87' lang='lat' dir='ltr'>proficiscens</span> <span class='ocrx_word' id='word_1_248' title='bbox 1832 1837 1935 1879; x_wconf 90' lang='lat' dir='ltr'>hanc</span> 
     </span>
     <span class='ocr_line' id='line_1_24' title="bbox 172 1909 1937 1968; baseline 0.002 -19"><span class='ocrx_word' id='word_1_249' title='bbox 172 1909 376 1964; x_wconf 82' lang='lat' dir='ltr'>epistolam</span> <span class='ocrx_word' id='word_1_250' title='bbox 428 1911 600 1951; x_wconf 75' lang='lat' dir='ltr'>exaravi.</span> <span class='ocrx_word' id='word_1_251' title='bbox 645 1914 685 1952; x_wconf 70' lang='lat'>2.</span> <span class='ocrx_word' id='word_1_252' title='bbox 727 1912 825 1953; x_wconf 82' lang='lat' dir='ltr'>Erat</span> <span class='ocrx_word' id='word_1_253' title='bbox 870 1917 999 1953; x_wconf 86' lang='lat' dir='ltr'>autem</span> <span class='ocrx_word' id='word_1_254' title='bbox 1036 1913 1138 1954; x_wconf 88' lang='lat' dir='ltr'>nihil</span> <span class='ocrx_word' id='word_1_255' title='bbox 1170 1915 1261 1954; x_wconf 84' lang='lat' dir='ltr'>novi</span> <span class='ocrx_word' id='word_1_256' title='bbox 1298 1913 1404 1968; x_wconf 85' lang='lat' dir='ltr'>quod</span> <span class='ocrx_word' id='word_1_257' title='bbox 1439 1918 1508 1954; x_wconf 85' lang='lat' dir='ltr'>aut</span> <span class='ocrx_word' id='word_1_258' title='bbox 1543 1912 1753 1954; x_wconf 84' lang='lat' dir='ltr'>scriberem</span> <span class='ocrx_word' id='word_1_259' title='bbox 1787 1916 1856 1953; x_wconf 88' lang='lat' dir='ltr'>aut</span> <span class='ocrx_word' id='word_1_260' title='bbox 1889 1927 1937 1952; x_wconf 81' lang='lat' dir='ltr'>ex</span> 
     </span>
     <span class='ocr_line' id='line_1_25' title="bbox 171 1984 1938 2043; baseline 0.002 -20"><span class='ocrx_word' id='word_1_261' title='bbox 171 1988 210 2024; x_wconf 91' lang='lat' dir='ltr'>te</span> <span class='ocrx_word' id='word_1_262' title='bbox 245 1998 486 2037; x_wconf 82' lang='lat' dir='ltr'>quaererem,</span> <span class='ocrx_word' id='word_1_263' title='bbox 521 1984 598 2024; x_wconf 89' lang='lat' dir='ltr'>nisi</span> <span class='ocrx_word' id='word_1_264' title='bbox 633 1984 733 2026; x_wconf 88' lang='lat' dir='ltr'>forte</span> <span class='ocrx_word' id='word_1_265' title='bbox 768 1985 843 2026; x_wconf 89' lang='lat' dir='ltr'>hoc</span> <span class='ocrx_word' id='word_1_266' title='bbox 878 1985 927 2027; x_wconf 90' lang='lat' dir='ltr'>ad</span> <span class='ocrx_word' id='word_1_267' title='bbox 961 2002 1042 2028; x_wconf 87' lang='lat' dir='ltr'>rem</span> <span class='ocrx_word' id='word_1_268' title='bbox 1078 1992 1195 2043; x_wconf 83' lang='lat' dir='ltr'>putas</span> <span class='ocrx_word' id='word_1_269' title='bbox 1230 1989 1450 2043; x_wconf 89' lang='lat' dir='ltr'>pertinere:</span> <span class='ocrx_word' id='word_1_270' title='bbox 1487 1988 1638 2028; x_wconf 88' lang='lat' dir='ltr'>Brutus</span> <span class='ocrx_word' id='word_1_271' title='bbox 1671 1990 1806 2027; x_wconf 89' lang='lat' dir='ltr'>noster</span> <span class='ocrx_word' id='word_1_272' title='bbox 1829 1985 1938 2026; x_wconf 90' lang='lat' dir='ltr'>misit</span> 
     </span>
     <span class='ocr_line' id='line_1_26' title="bbox 172 2056 1938 2117; baseline 0.002 -21"><span class='ocrx_word' id='word_1_273' title='bbox 172 2056 222 2097; x_wconf 82' lang='lat' dir='ltr'>ad</span> <span class='ocrx_word' id='word_1_274' title='bbox 262 2072 323 2097; x_wconf 91' lang='lat' dir='ltr'>me</span> <span class='ocrx_word' id='word_1_275' title='bbox 364 2058 582 2098; x_wconf 85' lang='lat' dir='ltr'>orationem</span> <span class='ocrx_word' id='word_1_276' title='bbox 629 2074 739 2100; x_wconf 85' lang='lat' dir='ltr'>suam</span> <span class='ocrx_word' id='word_1_277' title='bbox 774 2059 953 2101; x_wconf 84' lang='lat' dir='ltr'>habitam</span> <span class='ocrx_word' id='word_1_278' title='bbox 988 2061 1030 2101; x_wconf 92' lang='lat' dir='ltr'>in</span> <span class='ocrx_word' id='word_1_279' title='bbox 1065 2062 1251 2103; x_wconf 86' lang='lat' dir='ltr'>contione</span> <span class='ocrx_word' id='word_1_280' title='bbox 1285 2061 1528 2117; x_wconf 84' lang='lat' dir='ltr'>Capitolina,</span> <span class='ocrx_word' id='word_1_281' title='bbox 1566 2061 1786 2116; x_wconf 82' lang='lat' dir='ltr'>petivitque</span> <span class='ocrx_word' id='word_1_282' title='bbox 1821 2074 1843 2100; x_wconf 84' lang='lat' dir='ltr'>a</span> <span class='ocrx_word' id='word_1_283' title='bbox 1875 2074 1938 2100; x_wconf 92' lang='lat' dir='ltr'>me</span> 
     </span>
     <span class='ocr_line' id='line_1_27' title="bbox 174 2129 1936 2188; baseline 0.002 -19"><span class='ocrx_word' id='word_1_284' title='bbox 174 2134 218 2170; x_wconf 92' lang='lat' dir='ltr'>ut</span> <span class='ocrx_word' id='word_1_285' title='bbox 261 2144 360 2180; x_wconf 87' lang='lat' dir='ltr'>eam,</span> <span class='ocrx_word' id='word_1_286' title='bbox 406 2144 479 2170; x_wconf 89' lang='lat' dir='ltr'>nec</span> <span class='ocrx_word' id='word_1_287' title='bbox 524 2129 748 2182; x_wconf 84' lang='lat' dir='ltr'>ambitiose,</span> <span class='ocrx_word' id='word_1_288' title='bbox 784 2133 1019 2186; x_wconf 79' lang='lat' dir='ltr'>corrigerem</span> <span class='ocrx_word' id='word_1_289' title='bbox 1055 2138 1147 2175; x_wconf 89' lang='lat' dir='ltr'>ante</span> <span class='ocrx_word' id='word_1_290' title='bbox 1183 2149 1300 2188; x_wconf 83' lang='lat' dir='ltr'>quam</span> <span class='ocrx_word' id='word_1_291' title='bbox 1335 2134 1484 2174; x_wconf 89' lang='lat' dir='ltr'>ederet.</span> <span class='ocrx_word' id='word_1_292' title='bbox 1535 2134 1610 2175; x_wconf 85' lang='lat' dir='ltr'>Est</span> <span class='ocrx_word' id='word_1_293' title='bbox 1643 2136 1775 2173; x_wconf 88' lang='lat' dir='ltr'>autem</span> <span class='ocrx_word' id='word_1_294' title='bbox 1809 2132 1936 2173; x_wconf 91' lang='lat' dir='ltr'>oratio</span> 
     </span>
     <span class='ocr_line' id='line_1_28' title="bbox 174 2202 1936 2262; baseline 0.001 -18"><span class='ocrx_word' id='word_1_295' title='bbox 174 2204 321 2258; x_wconf 89' lang='lat' dir='ltr'>scripta</span> <span class='ocrx_word' id='word_1_296' title='bbox 360 2202 652 2257; x_wconf 83' lang='lat' dir='ltr'>elegantissime</span> <span class='ocrx_word' id='word_1_297' title='bbox 694 2206 919 2256; x_wconf 88' lang='lat' dir='ltr'>sententiis,</span> <span class='ocrx_word' id='word_1_298' title='bbox 955 2205 1086 2247; x_wconf 87' lang='lat' dir='ltr'>verbis</span> <span class='ocrx_word' id='word_1_299' title='bbox 1121 2212 1166 2248; x_wconf 88' lang='lat' dir='ltr'>ut</span> <span class='ocrx_word' id='word_1_300' title='bbox 1197 2207 1301 2247; x_wconf 86' lang='lat' dir='ltr'>nihil</span> <span class='ocrx_word' id='word_1_301' title='bbox 1336 2207 1461 2262; x_wconf 84' lang='lat' dir='ltr'>possit</span> <span class='ocrx_word' id='word_1_302' title='bbox 1494 2206 1614 2246; x_wconf 87' lang='lat' dir='ltr'>ultra.</span> <span class='ocrx_word' id='word_1_303' title='bbox 1665 2206 1752 2260; x_wconf 84' lang='lat' dir='ltr'>Ego</span> <span class='ocrx_word' id='word_1_304' title='bbox 1786 2209 1936 2256; x_wconf 87' lang='lat' dir='ltr'>tamen,</span> 
     </span>
     <span class='ocr_line' id='line_1_29' title="bbox 176 2276 1937 2335; baseline 0.002 -19"><span class='ocrx_word' id='word_1_305' title='bbox 176 2277 206 2317; x_wconf 78' lang='lat' dir='ltr'>si</span> <span class='ocrx_word' id='word_1_306' title='bbox 243 2276 350 2317; x_wconf 79' lang='lat' dir='ltr'>issam</span> <span class='ocrx_word' id='word_1_307' title='bbox 385 2291 544 2317; x_wconf 89' lang='lat' dir='ltr'>causam</span> <span class='ocrx_word' id='word_1_308' title='bbox 580 2277 824 2329; x_wconf 86' lang='lat' dir='ltr'>habuissem,</span> <span class='ocrx_word' id='word_1_309' title='bbox 861 2280 1106 2335; x_wconf 81' lang='lat' dir='ltr'>scripsissem</span> <span class='ocrx_word' id='word_1_310' title='bbox 1141 2280 1361 2322; x_wconf 81' lang='lat' dir='ltr'>ardentius.</span> <span class='ocrx_word' id='word_1_311' title='bbox 1408 2276 1681 2322; x_wconf 56' lang='lat' dir='ltr'>‘Yndffso-cv</span> <span class='ocrx_word' id='word_1_312' title='bbox 1725 2278 1835 2320; x_wconf 85' lang='lat' dir='ltr'>vides</span> <span class='ocrx_word' id='word_1_313' title='bbox 1869 2279 1937 2333; x_wconf 89' lang='lat' dir='ltr'>(et)</span> 
     </span>
     <span class='ocr_line' id='line_1_30' title="bbox 175 2348 1936 2408; baseline 0.002 -20"><span class='ocrx_word' id='word_1_314' title='bbox 175 2363 276 2404; x_wconf 86' lang='lat' dir='ltr'>quae</span> <span class='ocrx_word' id='word_1_315' title='bbox 321 2348 372 2389; x_wconf 86' lang='lat' dir='ltr'>sit</span> <span class='ocrx_word' id='word_1_316' title='bbox 422 2363 589 2404; x_wconf 86' lang='lat' dir='ltr'>persona</span> <span class='ocrx_word' id='word_1_317' title='bbox 640 2351 826 2393; x_wconf 86' lang='lat' dir='ltr'>dicentis.</span> <span class='ocrx_word' id='word_1_318' title='bbox 877 2352 1020 2408; x_wconf 88' lang='lat' dir='ltr'>Itaque</span> <span class='ocrx_word' id='word_1_319' title='bbox 1065 2369 1151 2394; x_wconf 88' lang='lat' dir='ltr'>eam</span> <span class='ocrx_word' id='word_1_320' title='bbox 1186 2354 1380 2408; x_wconf 83' lang='lat' dir='ltr'>corrigere</span> <span class='ocrx_word' id='word_1_321' title='bbox 1414 2368 1494 2394; x_wconf 91' lang='lat' dir='ltr'>non</span> <span class='ocrx_word' id='word_1_322' title='bbox 1531 2354 1656 2408; x_wconf 86' lang='lat' dir='ltr'>potui.</span> <span class='ocrx_word' id='word_1_323' title='bbox 1708 2352 1799 2404; x_wconf 78' lang='lat' dir='ltr'>Quo</span> <span class='ocrx_word' id='word_1_324' title='bbox 1833 2352 1936 2393; x_wconf 89' lang='lat' dir='ltr'>enim</span> 
     </span>
    </p>
   </div>
   <div class='ocr_carea' id='block_1_10' title="bbox 218 2516 1448 2568">
    <p class='ocr_par' dir='ltr' id='par_1_11' title="bbox 218 2516 1448 2568">
     <span class='ocr_line' id='line_1_31' title="bbox 218 2516 1448 2568; baseline 0.002 -15"><span class='ocrx_word' id='word_1_325' title='bbox 218 2523 236 2554; x_wconf 89' lang='lat'><strong>3</strong></span> <span class='ocrx_word' id='word_1_326' title='bbox 250 2523 364 2564; x_wconf 79' lang='lat' dir='ltr'>paullo</span> <span class='ocrx_word' id='word_1_327' title='bbox 379 2525 452 2563; x_wconf 76' lang='lat' dir='ltr'>post</span> <span class='ocrx_word' id='word_1_328' title='bbox 477 2523 577 2554; x_wconf 68' lang='lat' dir='ltr'>Cumis</span> <span class='ocrx_word' id='word_1_329' title='bbox 599 2543 639 2547; x_wconf 96' lang='lat'><strong>—</strong></span> <span class='ocrx_word' id='word_1_330' title='bbox 662 2526 702 2556; x_wconf 80' lang='lat'>12</span> <span class='ocrx_word' id='word_1_331' title='bbox 722 2516 909 2564; x_wconf 59' lang='lat' dir='ltr'>‘thofleo&#39;tg</span> <span class='ocrx_word' id='word_1_332' title='bbox 935 2526 1021 2557; x_wconf 68' lang='lat' dir='ltr'>vides</span> <span class='ocrx_word' id='word_1_333' title='bbox 1042 2536 1122 2568; x_wconf 81' lang='lat' dir='ltr'>quae</span> <span class='ocrx_word' id='word_1_334' title='bbox 1143 2526 1186 2556; x_wconf 79' lang='lat' dir='ltr'>sit</span> <span class='ocrx_word' id='word_1_335' title='bbox 1209 2528 1239 2557; x_wconf 70' lang='lat' dir='ltr'>et</span> <span class='ocrx_word' id='word_1_336' title='bbox 1256 2535 1393 2566; x_wconf 79' lang='lat' dir='ltr'>persona</span> <span class='ocrx_word' id='word_1_337' title='bbox 1408 2544 1448 2548; x_wconf 89' lang='lat'>—</span> 
     </span>
    </p>
   </div>
   <div class='ocr_carea' id='block_1_11' title="bbox 1080 2686 1932 2730">
    <p class='ocr_par' dir='ltr' id='par_1_12' title="bbox 1080 2686 1932 2730">
     <span class='ocr_line' id='line_1_32' title="bbox 1080 2686 1932 2730; baseline -0.005 -10"><span class='ocrx_word' id='word_1_338' title='bbox 1080 2690 1151 2721; x_wconf 90' lang='lat' dir='ltr'>sine</span> <span class='ocrx_word' id='word_1_339' title='bbox 1187 2690 1255 2720; x_wconf 86' lang='lat' dir='ltr'>ulla</span> <span class='ocrx_word' id='word_1_340' title='bbox 1289 2690 1473 2730; x_wconf 81' lang='lat' dir='ltr'>captatione</span> <span class='ocrx_word' id='word_1_341' title='bbox 1506 2687 1762 2719; x_wconf 85' lang='lat' dir='ltr'>benevolentiae.</span> <span class='ocrx_word' id='word_1_342' title='bbox 1806 2686 1932 2717; x_wconf 87' lang='lat' dir='ltr'>Eodem</span> 
     </span>
    </p>
   </div>
   <div class='ocr_carea' id='block_1_12' title="bbox 1080 2739 1937 2838">
    <p class='ocr_par' dir='ltr' id='par_1_13' title="bbox 1080 2739 1937 2838">
     <span class='ocr_line' id='line_1_33' title="bbox 1080 2739 1937 2782; baseline -0.006 -7"><span class='ocrx_word' id='word_1_343' title='bbox 1080 2745 1178 2775; x_wconf 91' lang='lat' dir='ltr'>modo</span> <span class='ocrx_word' id='word_1_344' title='bbox 1200 2743 1362 2774; x_wconf 74' lang='lat' dir='ltr'>ambitiose</span> <span class='ocrx_word' id='word_1_345' title='bbox 1383 2749 1415 2774; x_wconf 91' lang='lat' dir='ltr'>et</span> <span class='ocrx_word' id='word_1_346' title='bbox 1438 2741 1630 2773; x_wconf 76' lang='lat' dir='ltr'>ambitiosius</span> <span class='ocrx_word' id='word_1_347' title='bbox 1651 2744 1819 2782; x_wconf 89' lang='lat' dir='ltr'>ponuntur</span> <span class='ocrx_word' id='word_1_348' title='bbox 1839 2739 1937 2771; x_wconf 84' lang='lat' dir='ltr'>Fam.</span> 
     </span>
     <span class='ocr_line' id='line_1_34' title="bbox 1081 2793 1934 2838; baseline -0.005 -10"><span class='ocrx_word' id='word_1_349' title='bbox 1081 2798 1147 2829; x_wconf 86' lang='grc' dir='ltr'><strong>ΙΙΙ.</strong></span> <span class='ocrx_word' id='word_1_350' title='bbox 1171 2797 1198 2834; x_wconf 79' lang='grc'>7,</span> <span class='ocrx_word' id='word_1_351' title='bbox 1222 2799 1242 2827; x_wconf 78' lang='lat'>4</span> <span class='ocrx_word' id='word_1_352' title='bbox 1266 2799 1275 2829; x_wconf 71' lang='grc' dir='ltr'><em>ί</em></span> <span class='ocrx_word' id='word_1_353' title='bbox 1281 2798 1321 2828; x_wconf 90' lang='lat' dir='ltr'>ad</span> <span class='ocrx_word' id='word_1_354' title='bbox 1344 2808 1374 2838; x_wconf 89' lang='lat' dir='ltr'>q.</span> <span class='ocrx_word' id='word_1_355' title='bbox 1399 2796 1419 2827; x_wconf 94' lang='lat' dir='ltr'>l.</span> <span class='ocrx_word' id='word_1_356' title='bbox 1434 2796 1475 2827; x_wconf 90' lang='lat' dir='ltr'>cf.</span> <span class='ocrx_word' id='word_1_357' title='bbox 1492 2796 1565 2826; x_wconf 89' lang='lat' dir='ltr'>adn.</span> <span class='ocrx_word' id='word_1_358' title='bbox 1578 2794 1715 2836; x_wconf 88' lang='lat' dir='ltr'>Kortii),</span> <span class='ocrx_word' id='word_1_359' title='bbox 1729 2793 1832 2825; x_wconf 90' lang='lat' dir='ltr'>XIII.</span> <span class='ocrx_word' id='word_1_360' title='bbox 1845 2794 1934 2831; x_wconf 86' lang='lat'>69,1.</span> 
     </span>
    </p>
   </div>
   <div class='ocr_carea' id='block_1_13' title="bbox 175 2688 1934 2893">
    <p class='ocr_par' dir='ltr' id='par_1_14' title="bbox 175 2688 1934 2893">
     <span class='ocr_line' id='line_1_35' title="bbox 218 2688 1031 2731; baseline 0.004 -12"><span class='ocrx_word' id='word_1_361' title='bbox 218 2689 237 2728; x_wconf 67' lang='grc' dir='ltr'><em>ξ</em></span> <span class='ocrx_word' id='word_1_362' title='bbox 261 2688 285 2719; x_wconf 94' lang='grc'>1.</span> <span class='ocrx_word' id='word_1_363' title='bbox 319 2688 501 2720; x_wconf 80' lang='lat' dir='ltr'>Paullulum</span> <span class='ocrx_word' id='word_1_364' title='bbox 527 2689 636 2721; x_wconf 68' lang='lat' dir='ltr'>Cumis.</span> <span class='ocrx_word' id='word_1_365' title='bbox 666 2690 785 2731; x_wconf 87' lang='lat' dir='ltr'>Recepi</span> <span class='ocrx_word' id='word_1_366' title='bbox 808 2691 1031 2722; x_wconf 84' lang='lat' dir='ltr'>coniecturam</span> 
     </span>
     <span class='ocr_line' id='line_1_36' title="bbox 175 2741 1032 2784; baseline 0.002 -12"><span class='ocrx_word' id='word_1_367' title='bbox 175 2741 311 2779; x_wconf 80' lang='lat' dir='ltr'>Handii,</span> <span class='ocrx_word' id='word_1_368' title='bbox 343 2742 437 2773; x_wconf 82' lang='lat' dir='ltr'>Turs.</span> <span class='ocrx_word' id='word_1_369' title='bbox 469 2743 518 2773; x_wconf 94' lang='lat' dir='ltr'>Il.</span> <span class='ocrx_word' id='word_1_370' title='bbox 549 2754 580 2784; x_wconf 92' lang='lat' dir='ltr'>p.</span> <span class='ocrx_word' id='word_1_371' title='bbox 603 2744 652 2780; x_wconf 86' lang='lat'>93,</span> <span class='ocrx_word' id='word_1_372' title='bbox 675 2754 778 2784; x_wconf 89' lang='lat' dir='ltr'>quum</span> <span class='ocrx_word' id='word_1_373' title='bbox 799 2744 910 2775; x_wconf 89' lang='lat' dir='ltr'>minus</span> <span class='ocrx_word' id='word_1_374' title='bbox 933 2753 1032 2784; x_wconf 90' lang='lat' dir='ltr'>quam</span> 
     </span>
     <span class='ocr_line' id='line_1_37' title="bbox 175 2798 1032 2839; baseline 0.002 -11"><span class='ocrx_word' id='word_1_375' title='bbox 175 2798 332 2828; x_wconf 89' lang='lat' dir='ltr'>Lambini</span> <span class='ocrx_word' id='word_1_376' title='bbox 354 2798 512 2839; x_wconf 85' lang='lat' dir='ltr'>scriptura</span> <span class='ocrx_word' id='word_1_377' title='bbox 532 2799 641 2838; x_wconf 70' lang='lat' dir='ltr'>yaullo</span> <span class='ocrx_word' id='word_1_378' title='bbox 661 2802 731 2839; x_wconf 80' lang='lat' dir='ltr'>post</span> <span class='ocrx_word' id='word_1_379' title='bbox 754 2810 773 2830; x_wconf 88' lang='lat' dir='ltr'>a</span> <span class='ocrx_word' id='word_1_380' title='bbox 788 2800 867 2831; x_wconf 83' lang='lat' dir='ltr'>Mss.</span> <span class='ocrx_word' id='word_1_381' title='bbox 884 2800 1032 2839; x_wconf 80' lang='lat' dir='ltr'>vestigiis</span> 
     </span>
     <span class='ocr_line' id='line_1_38' title="bbox 176 2847 1934 2893; baseline -0.002 -12"><span class='ocrx_word' id='word_1_382' title='bbox 176 2852 305 2882; x_wconf 84' lang='lat' dir='ltr'>recedat</span> <span class='ocrx_word' id='word_1_383' title='bbox 316 2852 542 2892; x_wconf 87' lang='lat' dir='ltr'>optimamque</span> <span class='ocrx_word' id='word_1_384' title='bbox 553 2853 708 2893; x_wconf 86' lang='lat' dir='ltr'>praebeat</span> <span class='ocrx_word' id='word_1_385' title='bbox 719 2853 927 2884; x_wconf 84' lang='lat' dir='ltr'>sententiam.</span> <span class='ocrx_word' id='word_1_386' title='bbox 936 2852 1033 2882; x_wconf 75' lang='lat' dir='ltr'>Paul·</span> <span class='ocrx_word' id='word_1_387' title='bbox 1080 2851 1177 2890; x_wconf 85' lang='lat' dir='ltr'>Quod</span> <span class='ocrx_word' id='word_1_388' title='bbox 1197 2856 1245 2882; x_wconf 87' lang='lat' dir='ltr'>est</span> <span class='ocrx_word' id='word_1_389' title='bbox 1261 2850 1303 2889; x_wconf 83' lang='lat' dir='ltr'>Q.</span> <span class='ocrx_word' id='word_1_390' title='bbox 1314 2850 1368 2881; x_wconf 84' lang='lat' dir='ltr'>Fr.</span> <span class='ocrx_word' id='word_1_391' title='bbox 1392 2851 1418 2881; x_wconf 92' lang='lat' dir='ltr'>I.</span> <span class='ocrx_word' id='word_1_392' title='bbox 1444 2850 1472 2887; x_wconf 83' lang='lat'>2,</span> <span class='ocrx_word' id='word_1_393' title='bbox 1496 2852 1516 2879; x_wconf 72' lang='lat'>4</span> <span class='ocrx_word' id='word_1_394' title='bbox 1537 2849 1570 2880; x_wconf 81' lang='lat' dir='ltr'>in</span> <span class='ocrx_word' id='word_1_395' title='bbox 1595 2848 1731 2879; x_wconf 75' lang='lat' dir='ltr'>Graecos</span> <span class='ocrx_word' id='word_1_396' title='bbox 1742 2847 1934 2878; x_wconf 79' lang='lat' dir='ltr'>ambitiosum</span> 
     </span>
    </p>
   </div>
   <div class='ocr_carea' id='block_1_14' title="bbox 1052 2675 1056 2830">
    <p class='ocr_par' dir='ltr' id='par_1_15' title="bbox 1052 2675 1056 2830">
     <span class='ocr_line' id='line_1_39' title="bbox 1052 2675 1056 2830; baseline 0 735"><span class='ocrx_word' id='word_1_397' title='bbox 1052 2675 1056 2830; x_wconf 95' lang='lat' dir='ltr'> </span> 
     </span>
    </p>
   </div>
   <div class='ocr_carea' id='block_1_15' title="bbox 175 2901 1936 3163">
    <p class='ocr_par' dir='ltr' id='par_1_16' title="bbox 175 2901 1936 2955">
     <span class='ocr_line' id='line_1_40' title="bbox 175 2901 1936 2955; baseline -0.002 -21"><span class='ocrx_word' id='word_1_398' title='bbox 175 2904 270 2934; x_wconf 73' lang='lat' dir='ltr'>lulum</span> <span class='ocrx_word' id='word_1_399' title='bbox 295 2915 326 2935; x_wconf 83' lang='lat' dir='ltr'>o:</span> <span class='ocrx_word' id='word_1_400' title='bbox 351 2914 408 2945; x_wconf 89' lang='lat' dir='ltr'>per</span> <span class='ocrx_word' id='word_1_401' title='bbox 431 2905 528 2936; x_wconf 89' lang='lat' dir='ltr'>breve</span> <span class='ocrx_word' id='word_1_402' title='bbox 550 2911 687 2946; x_wconf 88' lang='lat' dir='ltr'>tempus,</span> <span class='ocrx_word' id='word_1_403' title='bbox 710 2915 771 2936; x_wconf 90' lang='lat' dir='ltr'>een</span> <span class='ocrx_word' id='word_1_404' title='bbox 794 2906 983 2945; x_wconf 85' lang='lat' dir='ltr'>oogenblik.</span> <span class='ocrx_word' id='word_1_405' title='bbox 1054 2922 1056 2955; x_wconf 45' lang='lat'><strong>3</strong></span> <span class='ocrx_word' id='word_1_406' title='bbox 1081 2915 1148 2936; x_wconf 75' lang='lat' dir='ltr'>esse</span> <span class='ocrx_word' id='word_1_407' title='bbox 1169 2905 1354 2945; x_wconf 80' lang='lat' dir='ltr'>explicatur</span> <span class='ocrx_word' id='word_1_408' title='bbox 1375 2905 1409 2935; x_wconf 89' lang='lat' dir='ltr'>in</span> <span class='ocrx_word' id='word_1_409' title='bbox 1435 2904 1452 2943; x_wconf 70' lang='grc' dir='ltr'>ξ</span> <span class='ocrx_word' id='word_1_410' title='bbox 1474 2904 1509 2934; x_wconf 76' lang='lat'>6:</span> <span class='ocrx_word' id='word_1_411' title='bbox 1536 2901 1664 2933; x_wconf 73' lang='lat' dir='ltr'>Graecis</span> <span class='ocrx_word' id='word_1_412' title='bbox 1684 2901 1760 2932; x_wconf 72' lang='lat' dir='ltr'>solis</span> <span class='ocrx_word' id='word_1_413' title='bbox 1778 2901 1936 2942; x_wconf 71' lang='lat' dir='ltr'>indulqeo.</span> 
     </span>
    </p>

    <p class='ocr_par' dir='ltr' id='par_1_17' title="bbox 175 2956 1936 3163">
     <span class='ocr_line' id='line_1_41' title="bbox 224 2956 1936 3011; baseline 0 -23"><span class='ocrx_word' id='word_1_414' title='bbox 224 2957 356 2989; x_wconf 73' lang='lat' dir='ltr'>Venerat</span> <span class='ocrx_word' id='word_1_415' title='bbox 390 2975 430 2980; x_wconf 89' lang='lat'>--</span> <span class='ocrx_word' id='word_1_416' title='bbox 461 2958 494 2989; x_wconf 75' lang='lat' dir='ltr'>in</span> <span class='ocrx_word' id='word_1_417' title='bbox 514 2958 628 2998; x_wconf 74' lang='lat' dir='ltr'>fimus.</span> <span class='ocrx_word' id='word_1_418' title='bbox 657 2959 848 3000; x_wconf 85' lang='lat' dir='ltr'>Lennepius</span> <span class='ocrx_word' id='word_1_419' title='bbox 870 2959 1021 2991; x_wconf 78' lang='lat' dir='ltr'>Exercitt</span> <span class='ocrx_word' id='word_1_420' title='bbox 1055 2963 1056 3011; x_wconf 45' lang='grc'>1</span> <span class='ocrx_word' id='word_1_421' title='bbox 1081 2961 1182 2992; x_wconf 84' lang='lat' dir='ltr'>Recte</span> <span class='ocrx_word' id='word_1_422' title='bbox 1207 2960 1430 3000; x_wconf 84' lang='lat' dir='ltr'>Mongaltius:</span> <span class='ocrx_word' id='word_1_423' title='bbox 1454 2970 1528 2990; x_wconf 78' lang='lat' dir='ltr'>sans</span> <span class='ocrx_word' id='word_1_424' title='bbox 1551 2958 1698 2990; x_wconf 70' lang='lat' dir='ltr'>cher-cher</span> <span class='ocrx_word' id='word_1_425' title='bbox 1720 2956 1739 2987; x_wconf 76' lang='grc' dir='ltr'><em>ὰ</em></span> <span class='ocrx_word' id='word_1_426' title='bbox 1762 2957 1810 2987; x_wconf 84' lang='lat' dir='ltr'>lui</span> <span class='ocrx_word' id='word_1_427' title='bbox 1821 2957 1936 2997; x_wconf 82' lang='lat' dir='ltr'>plaire.</span> 
     </span>
     <span class='ocr_line' id='line_1_42' title="bbox 176 3005 1934 3054; baseline 0 -13"><span class='ocrx_word' id='word_1_428' title='bbox 176 3012 319 3042; x_wconf 75' lang='lat' dir='ltr'>Ainstel.</span> <span class='ocrx_word' id='word_1_429' title='bbox 352 3012 380 3042; x_wconf 95' lang='lat' dir='ltr'>I.</span> <span class='ocrx_word' id='word_1_430' title='bbox 411 3022 440 3052; x_wconf 88' lang='lat' dir='ltr'>p.</span> <span class='ocrx_word' id='word_1_431' title='bbox 473 3012 511 3043; x_wconf 87' lang='lat'>13</span> <span class='ocrx_word' id='word_1_432' title='bbox 541 3012 741 3052; x_wconf 80' lang='lat' dir='ltr'>comparavit</span> <span class='ocrx_word' id='word_1_433' title='bbox 771 3012 954 3044; x_wconf 86' lang='lat' dir='ltr'>locutiones</span> <span class='ocrx_word' id='word_1_434' title='bbox 976 3013 1057 3047; x_wconf 59' lang='lat' dir='ltr'>Ginf</span> <span class='ocrx_word' id='word_1_435' title='bbox 1123 3005 1306 3050; x_wconf 65' lang='grc' dir='ltr'>ιΥπόθεσις</span> <span class='ocrx_word' id='word_1_436' title='bbox 1343 3013 1429 3044; x_wconf 74' lang='lat' dir='ltr'>vides</span> <span class='ocrx_word' id='word_1_437' title='bbox 1449 3023 1529 3054; x_wconf 80' lang='lat' dir='ltr'>qnae</span> <span class='ocrx_word' id='word_1_438' title='bbox 1556 3011 1598 3042; x_wconf 73' lang='lat' dir='ltr'>sit</span> <span class='ocrx_word' id='word_1_439' title='bbox 1619 3020 1757 3050; x_wconf 76' lang='lat' dir='ltr'>persona</span> <span class='ocrx_word' id='word_1_440' title='bbox 1788 3010 1934 3041; x_wconf 75' lang='lat' dir='ltr'>dicentis.</span> 
     </span>
     <span class='ocr_line' id='line_1_43' title="bbox 175 3053 1934 3110; baseline 0 -15"><span class='ocrx_word' id='word_1_441' title='bbox 175 3060 230 3096; x_wconf 80' lang='grc' dir='ltr'>ἐπὶ</span> <span class='ocrx_word' id='word_1_442' title='bbox 257 3062 364 3108; x_wconf 76' lang='grc' dir='ltr'>τάφον</span> <span class='ocrx_word' id='word_1_443' title='bbox 393 3061 576 3110; x_wconf 65' lang='grc' dir='ltr'><em>ἔρχεσθαι,</em></span> <span class='ocrx_word' id='word_1_444' title='bbox 607 3065 700 3103; x_wconf 77' lang='grc' dir='ltr'><strong>ἥκειν</strong></span> <span class='ocrx_word' id='word_1_445' title='bbox 732 3062 777 3103; x_wconf 81' lang='grc' dir='ltr'>εἰς</span> <span class='ocrx_word' id='word_1_446' title='bbox 805 3064 914 3110; x_wconf 69' lang='grc' dir='ltr'><strong><em>ταφάς</em></strong></span> <span class='ocrx_word' id='word_1_447' title='bbox 952 3072 984 3098; x_wconf 87' lang='lat' dir='ltr'>et</span> <span class='ocrx_word' id='word_1_448' title='bbox 1018 3053 1057 3098; x_wconf 58' lang='lat' dir='ltr'>el</span> <span class='ocrx_word' id='word_1_449' title='bbox 1082 3069 1138 3100; x_wconf 89' lang='lat' dir='ltr'>Sic</span> <span class='ocrx_word' id='word_1_450' title='bbox 1150 3065 1657 3101; x_wconf 8' lang='lat' dir='ltr'>Med Sc1·ibendum:2‘m63wm</span> <span class='ocrx_word' id='word_1_451' title='bbox 1670 3065 1795 3096; x_wconf 73' lang='lat' dir='ltr'>videset</span> <span class='ocrx_word' id='word_1_452' title='bbox 1807 3076 1934 3107; x_wconf 78' lang='lat' dir='ltr'>quae—</span> 
     </span>
     <span class='ocr_line' id='line_1_44' title="bbox 177 3113 1935 3163; baseline 0.001 -13"><span class='ocrx_word' id='word_1_453' title='bbox 177 3120 325 3151; x_wconf 84' lang='lat' dir='ltr'>Terentii</span> <span class='ocrx_word' id='word_1_454' title='bbox 348 3121 479 3152; x_wconf 86' lang='lat' dir='ltr'>Andria</span> <span class='ocrx_word' id='word_1_455' title='bbox 500 3122 526 3153; x_wconf 92' lang='grc' dir='ltr'>Ι.</span> <span class='ocrx_word' id='word_1_456' title='bbox 551 3123 577 3160; x_wconf 93' lang='grc'>1,</span> <span class='ocrx_word' id='word_1_457' title='bbox 602 3125 641 3155; x_wconf 83' lang='grc'>88</span> <span class='ocrx_word' id='word_1_458' title='bbox 663 3124 697 3155; x_wconf 74' lang='lat' dir='ltr'>in</span> <span class='ocrx_word' id='word_1_459' title='bbox 714 3127 820 3163; x_wconf 72' lang='lat' dir='ltr'>scmus</span> <span class='ocrx_word' id='word_1_460' title='bbox 836 3123 975 3163; x_wconf 83' lang='lat' dir='ltr'>prodire.</span> <span class='ocrx_word' id='word_1_461' title='bbox 1056 3113 1058 3162; x_wconf 79' lang='lat' dir='ltr'>&#39;j</span> <span class='ocrx_word' id='word_1_462' title='bbox 1084 3128 1158 3154; x_wconf 83' lang='lat' dir='ltr'>aut:</span> <span class='ocrx_word' id='word_1_463' title='bbox 1193 3119 1359 3155; x_wconf 65' lang='grc' dir='ltr'>ὑπόθεσιν</span> <span class='ocrx_word' id='word_1_464' title='bbox 1382 3122 1478 3159; x_wconf 81' lang='lat' dir='ltr'>vides,</span> <span class='ocrx_word' id='word_1_465' title='bbox 1511 3121 1596 3152; x_wconf 71' lang='lat' dir='ltr'>vides</span> <span class='ocrx_word' id='word_1_466' title='bbox 1625 3130 1704 3162; x_wconf 74' lang='lat' dir='ltr'>quae</span> <span class='ocrx_word' id='word_1_467' title='bbox 1733 3118 1775 3150; x_wconf 77' lang='lat' dir='ltr'>sit</span> <span class='ocrx_word' id='word_1_468' title='bbox 1799 3129 1935 3161; x_wconf 75' lang='lat' dir='ltr'>persona</span> 
     </span>
    </p>
   </div>
   <div class='ocr_carea' id='block_1_16' title="bbox 209 3171 1608 3225">
    <p class='ocr_par' dir='ltr' id='par_1_18' title="bbox 209 3171 1608 3225">
     <span class='ocr_line' id='line_1_45' title="bbox 209 3171 1608 3225; baseline 0.003 -20"><span class='ocrx_word' id='word_1_469' title='bbox 209 3176 237 3212; x_wconf 52' lang='lat' dir='ltr'>„S</span> <span class='ocrx_word' id='word_1_470' title='bbox 260 3175 290 3205; x_wconf 78' lang='lat'>2.</span> <span class='ocrx_word' id='word_1_471' title='bbox 314 3175 377 3206; x_wconf 69' lang='lat' dir='ltr'>Net-</span> <span class='ocrx_word' id='word_1_472' title='bbox 410 3176 571 3208; x_wconf 60' lang='grc' dir='ltr'>ιιι-1161111136</span> <span class='ocrx_word' id='word_1_473' title='bbox 600 3189 632 3209; x_wconf 68' lang='lat' dir='ltr'>o:</span> <span class='ocrx_word' id='word_1_474' title='bbox 672 3179 755 3211; x_wconf 88' lang='lat' dir='ltr'>nihil</span> <span class='ocrx_word' id='word_1_475' title='bbox 788 3179 870 3209; x_wconf 62' lang='lat' dir='ltr'>dans·</span> <span class='ocrx_word' id='word_1_476' title='bbox 901 3180 1036 3225; x_wconf 59' lang='lat' dir='ltr'>gratiae⁷</span> <span class='ocrx_word' id='word_1_477' title='bbox 1057 3171 1058 3175; x_wconf 29' lang='lat'>¹</span> <span class='ocrx_word' id='word_1_478' title='bbox 1084 3179 1228 3216; x_wconf 57' lang='lat' dir='ltr'>climatis,</span> <span class='ocrx_word' id='word_1_479' title='bbox 1252 3187 1284 3210; x_wconf 85' lang='lat' dir='ltr'>ut</span> <span class='ocrx_word' id='word_1_480' title='bbox 1308 3179 1437 3211; x_wconf 81' lang='lat' dir='ltr'>Alanus</span> <span class='ocrx_word' id='word_1_481' title='bbox 1460 3179 1608 3213; x_wconf 79' lang='lat' dir='ltr'>coniecit.</span> 
     </span>
    </p>
   </div>
  </div>
 </body>
</html>
