2062 3565
214 165 296 203 146
612 163 694 203 ΕΡ.
732 162 804 202 AD
839 162 884 201 T.
920 160 1269 201 POMPONI‘UM
1307 160 1568 201 A'PPICFM.

215 296 370 338 diderat
412 312 490 347 eas,
538 296 684 350 quibus
729 295 916 336 rescribo.
983 296 1043 335 De
1077 296 1203 336 Servii
1236 295 1362 349 patris
1393 294 1520 336 literis
1553 295 1660 349 quod
1692 295 1847 345 scribis,
1881 296 1976 337 item

213 370 409 420 Quintum
451 371 493 410 in
542 369 694 424 Syriam
738 368 893 409 venisse
937 368 1042 422 quod
1084 368 1142 409 ais
1184 383 1268 408 esse
1313 368 1383 421 qui
1416 368 1619 419 nuntient,
1654 383 1705 409 116
1737 369 1779 410 id
1814 368 1976 424 quidem

213 457 349 483 verum
394 447 466 482 est.
516 441 635 492 Quod
680 441 888 482 certiorem
927 447 966 481 te
1011 442 1070 482 vis
1114 441 1213 492 fieri,
1260 456 1339 495 quo
1383 442 1552 495 quisque
1585 442 1628 484 in
1663 458 1725 484 me
1758 442 1892 483 animo
1925 442 1978 484 sit

209 520 279 555 aut
310 514 430 555 fuerit
463 530 613 564 eorum,
649 515 717 569 qui
752 513 831 555 huc
867 520 1075 565 venerunt,
1111 515 1312 555 neminem
1347 514 1476 556 alieno
1503 515 1699 557 intellexi.
1735 515 1827 565 Sed,
1853 529 1978 570 quan·

175 609 189 632 5
208 594 296 629 tum
339 588 381 628 id
425 603 513 629 mea
556 588 729 638 intersit,
775 588 1003 629 existimare
1036 593 1075 629 te
1109 603 1223 643 posse
1258 592 1363 628 certe
1397 589 1493 629 scio.
1546 588 1651 630 Mihi
1685 603 1810 643 quum
1846 587 1980 628 omnia

209 666 304 702 sunt
335 660 604 702 intolerabilia
638 661 687 701 ad
721 660 911 711 dolorem,
949 667 1033 702 tum
1066 661 1253 710 maxime,
1291 660 1398 715 quod
1432 661 1475 701 111
1508 676 1593 702 63111
1629 675 1790 702 causam
1824 661 1978 704 venisse

211 750 270 775 me
305 734 434 784 video,
469 740 516 775 ut
548 734 631 775 sola
663 733 780 775 utilia
811 733 912 774 mihi
946 748 1029 774 esse
1063 733 1289 783 videantur,
1325 747 1427 786 quae
1461 748 1615 789 semper
1647 734 1775 775 nolui.
1809 734 1857 774 P.
1876 734 1979 776 Len-

209 809 339 850 tulum
384 813 534 863 patrem
579 806 712 847 Rhodi
755 822 840 847 esse
885 806 1014 855 aiunt,
1061 804 1334 846 Alexandreae
1364 805 1510 856 filium,
1546 805 1770 861 Rhodoque
1805 806 1979 848 Alexan-

210 882 343 922 dream
387 881 433 920 C.
478 879 661 920 Cassium
705 879 927 934 profectum
973 894 1056 919 esse
1101 883 1272 919 constat.
1311 881 1350 918 2.
1386 878 1570 929 Quintus
1604 878 1703 920 mihi
1737 894 1805 935 per
1840 879 1978 922 literas

156 979 188 1003 η.
209 954 404 995 satisfacit
448 952 574 994 multo
617 950 888 1007 asperioribus
935 950 1078 1001 verbis,
1141 965 1262 1004 quam
1306 965 1431 1004 quum
1475 951 1709 1005 gravissime
1751 951 1979 994 accusabat.

215 1029 281 1069 Ait
323 1028 430 1068 enim
475 1041 514 1067 se
564 1040 612 1065 ex
644 1024 770 1065 literis
803 1024 886 1065 tuis
919 1023 1144 1078 intelligere
1177 1022 1254 1063 tibi
1286 1038 1367 1064 non
1402 1023 1572 1078 placere,
1607 1023 1715 1078 quod
1748 1024 1799 1066 ad
1834 1025 1983 1068 multos

211 1102 258 1142 (16
292 1116 354 1142 1116
388 1100 565 1155 asperius
599 1098 822 1154 scripserit;
857 1098 993 1152 itaque
1028 1112 1068 1138 se
1102 1097 1320 1152 poenitere,
1355 1096 1464 1151 quod
1498 1096 1678 1138 animum
1711 1103 1826 1138 tuum
1859 1098 1980 1140 offen-

211 1174 328 1226 derit,
373 1173 441 1215 sed
487 1188 527 1214 se
570 1173 656 1213 iure
691 1171 844 1212 fecisse.
900 1169 1056 1211 Deinde
1090 1168 1303 1225 perscribit
1336 1169 1590 1223 spurcissime
1624 1184 1723 1224 quas
1755 1169 1806 1211 ob
1842 1186 1980 1213 causas

212 1248 361 1289 fecerit.
412 1247 489 1288 Sed
536 1261 665 1301 neque
711 1245 784 1286 1106
826 1250 1003 1299 tempore
1048 1258 1122 1285 nec
1167 1248 1285 1284 antea
1331 1242 1584 1298 patefecisset
1617 1243 1755 1285 odium
1788 1259 1906 1286 suum
1938 1245 1982 1286 111

159 1344 189 1369 15
211 1337 286 1372 me,
332 1321 412 1362 11151
460 1319 648 1362 omnibus
692 1318 811 1360 rebus
855 1333 918 1359 me
951 1333 1037 1359 esse
1069 1332 1303 1373 oppressum
1339 1316 1504 1358 videret.
1561 1318 1696 1371 Atque
1729 1319 1886 1360 utinam
1920 1318 1983 1361 vel

209 1395 432 1445 nocturnis,
468 1392 804 1449 quemadmodum
838 1398 885 1433 tu
918 1392 1146 1445 scripseras,
1190 1389 1403 1431 itineribus
1437 1390 1600 1446 propius
1633 1394 1672 1431 te
1705 1390 1979 1433 accessissem!

211 1469 333 1510 Nunc
366 1482 439 1508 nec
474 1466 546 1507 ubi
577 1481 651 1507 nec
685 1465 845 1521 quando
879 1470 918 1506 te
953 1465 1027 1505 sim
1062 1464 1220 1505 visurus
1255 1478 1416 1518 possum
1450 1463 1659 1518 suspicari.
1715 1465 1756 1504 3.
1781 1463 1842 1504 De
1865 1463 1981 1505 cohe-

212 1541 375 1583 redibus
424 1539 647 1582 Fufidianis
690 1538 792 1581 nihil
838 1539 928 1590 fuit,
974 1537 1082 1593 quod
1127 1537 1177 1578 ad
1220 1553 1282 1578 me
1333 1536 1540 1578 scriberes.
1596 1537 1703 1578 Nam
1736 1542 1778 1578 et
1810 1552 1983 1592 aequum

212 1613 418 1669 postulant
461 1618 514 1663 et,
559 1611 758 1667 quidquid
808 1611 970 1666 egisses,
1014 1616 1118 1652 recte
1163 1626 1247 1651 esse
1282 1615 1414 1651 actum
1450 1614 1646 1665 putarem.
1684 1613 1724 1651 4.
1760 1611 1820 1651 De
1854 1610 1981 1652 fundo

160 1709 196 1734 ρο
216 1686 416 1728 Frusinati
460 1684 694 1726 redimendo
734 1684 812 1725 iam
859 1683 1013 1739 pridem
1045 1683 1280 1725 intellexisti
1315 1683 1563 1725 voluntatem
1597 1699 1749 1736 meam,
1784 1685 1860 1726 etsi
1894 1689 1981 1727 tum

213 1760 373 1803 meliore
419 1760 505 1801 1060
550 1774 610 1800 165
655 1764 768 1799 eraut
801 1764 974 1808 nostrae,
1009 1772 1138 1812 neque
1172 1762 1253 1798 tam
1288 1757 1388 1798 mihi
1420 1757 1675 1812 desperatum
1708 1758 1758 1800 iri
1792 1757 1982 1800 videban-

215 1841 292 1883 tur,
334 1838 469 1874 tamen
512 1834 554 1874 111
598 1831 736 1872 eadem
780 1847 867 1873 sum
902 1831 1123 1872 voluntate.
1174 1830 1222 1872 Id
1256 1830 1594 1885 quemadmodum
1628 1832 1698 1872 fiat
1729 1837 1776 1873 tu
1810 1831 1980 1874 videbis.

216 1909 270 1949 Et
318 1906 450 1956 velim,
502 1905 632 1961 quoad
682 1905 843 1960 poteris,
888 1903 1113 1945 consideres
1158 1910 1205 1945 ut
1254 1905 1305 1945 sit
1355 1903 1459 1945 unde
1504 1903 1621 1945 nobis
1670 1904 1980 1960 suppeditentur

217 1985 400 2036 sumptus
433 1979 658 2021 necessarii.
693 1980 735 2020 Si
768 1994 866 2033 quas
901 1977 1115 2019 habuimus
1148 1977 1372 2028 facultates,
1407 1991 1472 2018 eas
1506 1977 1697 2032 Pompeio
1729 1982 1831 2029 tum,
1854 1992 1978 2032 quum

163 2078 196 2103 25,
217 2053 257 2095 id
303 2052 535 2100 videbamur
585 2052 785 2107 sapienter
834 2050 974 2100 facere,
1025 2049 1258 2091 detulimus.
1316 2050 1459 2103 Itaque
1509 2046 1595 2090 tum
1630 2054 1670 2090 et
1701 2065 1724 2091 a
1756 2055 1828 2092 tuo
1862 2051 1980 2093 vilico

263 2221 279 2249 5
303 2221 388 2250 certo
410 2217 474 2249 scio
499 2234 537 2239 —
561 2217 598 2248 25
622 2215 730 2246 villico
757 2236 794 2239 —

262 2377 310 2407 De
332 2375 432 2406 Servii
462 2386 495 2415 p.
529 2375 631 2404 literis
666 2375 801 2405 fortasse
831 2374 871 2404 ad
907 2374 1079 2405 (cesarem
1129 2382 1203 2404 eum
1227 2382 1293 2402 uon
1318 2377 1483 2413 receptum
1507 2371 1607 2404 fuisse
1630 2378 1741 2403 narrat
1764 2372 1884 2404 Caesar
1896 2373 1935 2404 B.
1949 2372 1986 2404 C.

221 2431 313 2461 datis.
1132 2428 1278 2465 111.102‚
1302 2434 1333 2459 et
1356 2429 1530 2459 confirmat
1552 2428 1690 2460 Lentuli
1711 2428 1801 2459 filius
1823 2428 1857 2459 in
1879 2438 1928 2469 ep.
1948 2430 1988 2460 ad

266 2483 356 2514 Certe
378 2481 452 2512 scio.
474 2482 527 2512 lta
549 2482 638 2512 Med.
659 2482 769 2519 Vulgo
792 2484 885 2511 cerlo.
902 2482 942 2511 cf.
956 2481 995 2510 ad
1010 2480 1076 2510 111.
1129 2482 1323 2513 Ciceronem
1346 2483 1430 2519 data,
1453 2481 1547 2512 Fam.
1570 2481 1656 2513 XII.
1679 2482 1728 2519 14,
1752 2482 1780 2513 3,

223 2537 272 2573 20,
298 2537 328 2566 1.
1100 2526 1101 2539 ’
1168 2536 1184 2575 ξ
1208 2536 1236 2566 2.
1261 2534 1475 2576 spurcissime.
1499 2535 1587 2566 Vere
1609 2535 1761 2566 Moserus
1771 2534 1885 2576 Symb.
1909 2534 1988 2566 Crit.

266 2588 348 2619 Mihi
394 2598 485 2629 quum
514 2587 616 2617 omnia
652 2589 723 2617 sunt
765 2585 981 2616 intolerabilia
1017 2590 1079 2615 cet.
1129 2589 1170 2619 V.
1195 2599 1224 2629 p.
1250 2588 1288 2618 18
1311 2588 1345 2618 111
1374 2587 1473 2618 fratre
1503 2586 1712 2628 obiurgando
1741 2587 1855 2618 mitius
1895 2597 1988 2618 voca·

226 2657 239 2668 u
254 2641 339 2673 Mihi
363 2647 395 2672 et
417 2640 529 2670 omnia
551 2639 624 2676 alia,
648 2648 733 2679 quae
757 2648 845 2669 nunc
869 2646 921 2668 me
944 2637 1081 2667 circum·
1101 2675 1103 2684 γ
1129 2640 1245 2671 bulum
1269 2640 1442 2671 desiderat.
1475 2639 1542 2671 Sed
1576 2650 1643 2670 non
1674 2644 1761 2672 recte
1794 2639 1990 2680 apertissime

225 2703 321 2734 stant,
343 2701 521 2727 causantur
543 2695 754 2735 gravissimos
784 2699 815 2725 et
837 2703 904 2724 non
928 2692 1080 2724 ferendos
1102 2698 1103 2728 g
1128 2693 1283 2724 correxit.
1312 2693 1423 2733 Magis
1445 2693 1651 2733 probandum
1674 2691 1872 2734 parcissime,
1902 2692 1990 2733 quod

224 2751 364 2787 dolores,
387 2754 419 2781 et
441 2749 524 2779 illud
546 2749 728 2789 praecipue,
764 2748 851 2788 quod
881 2756 919 2777 eo
948 2747 1079 2777 descen·
1102 2756 1104 2784 ζ
1128 2746 1297 2787 proposuit
1331 2745 1367 2777 C.
1389 2745 1428 2776 F.
1451 2745 1666 2777 Hermannus
1691 2746 1724 2777 in
1756 2746 1842 2777 Mus.
1881 2745 1988 2777 Rhen.

224 2803 310 2834 disse
332 2802 455 2838 videor,
478 2805 513 2831 ut
536 2800 618 2831 mihi
638 2800 868 2831 tantummodo
881 2799 915 2829 id
927 2799 1080 2840 prodesse
1128 2799 1250 2830 noviss.
1274 2798 1358 2830 serie
1380 2798 1442 2829 IV.
1466 2798 1495 2830 2.
1518 2809 1549 2839 p.
1574 2798 1644 2830 316.

225 2856 336 2897 possit,
360 2865 379 2885 a
400 2864 467 2895 quo
489 2862 617 2893 semper
639 2852 793 2883 abhorrui
816 2858 848 2883 et
869 2851 904 2883 in
927 2861 1081 2892 praesens
1103 2837 1105 2905 ξ
1173 2853 1214 2883 Ta
1237 2852 1420 2894 scripseras,
1445 2852 1485 2883 cf.
1508 2853 1539 2884 h.
1564 2853 1588 2885 1.
1611 2854 1639 2890 5,
1663 2853 1693 2883 2.

226 2910 395 2945 abhorreo,
424 2912 460 2938 ut
483 2905 603 2938 Caesar
624 2907 734 2937 vincat
762 2912 795 2937 et
817 2910 1008 2946 perpetuam
1029 2911 1080 2945 ty·
1173 2908 1191 2946 §
1212 2908 1240 2937 4.
1264 2905 1312 2936 De
1317 2904 1427 2946 fundo
1443 2905 1610 2936 Frusinati
1629 2909 1690 2936 cet.
1713 2905 1792 2936 Vid.
1809 2914 1907 2946 supra
1917 2906 1947 2942 4,
1961 2904 1990 2934 1.

226 2961 399 2993 renuidem
422 2959 578 2991 obtineat.
613 2959 688 2989 Hoc
709 2964 820 2990 autem
841 2958 921 2988 dicit
950 2963 1082 2998 propter
1104 2958 1105 2975 ³
1179 2959 1383 2990 Videbantur.
1408 2959 1435 2990 Ι.
1458 2959 1500 2990 F.
1522 2957 1625 2991 Gron.
1646 2958 1792 2991 correxit
1813 2958 1990 2995 videbatur,

226 3019 352 3045 metum
374 3011 653 3053 Pompeianorum
676 3011 710 3042 in
734 3009 849 3042 Africa
871 3014 904 3041 et
918 3009 1081 3050 Hispania
1103 2982 1106 3057 1
1132 3014 1221 3055 quod
1243 3013 1356 3054 probo.

227 3067 478 3108 resurgentium,
501 3065 698 3106 quibuscum
716 3074 751 3096 se
770 3063 976 3096 reconciliari
988 3072 1082 3104 posse
1104 3060 1107 3103 ξ
1171 3066 1349 3097 Detulimus
1370 3076 1405 3097 οι
1427 3071 1560 3098 mutuas
1583 3067 1670 3099 dedi.

229 3131 295 3151 non
318 3119 486 3161 putabat?
508 3118 535 3149 Ι.
558 3117 596 3148 F.
619 3116 720 3149 Gron.
1105 3106 1107 3129 ³
1170 3118 1211 3149 Et
1233 3128 1358 3150 causam
1381 3118 1473 3150 nosti.
1514 3134 1526 3146 υ
1538 3119 1629 3158 Quid
1657 3118 1866 3160 potissimum
1888 3121 1988 3149 atten-

274 3176 305 3204 P.
330 3173 491 3205 Lenlvzlvm
509 3182 543 3212 J).
568 3171 668 3203 Rhodi
691 3181 756 3202 esse
772 3171 872 3203 aiunt.
895 3171 925 3202 A
945 3170 1084 3203 Rhodiis
1105 3146 1108 3193 1
1129 3172 1275 3204 (lendum
1298 3171 1339 3202 sit
1362 3172 1394 3202 iu
1419 3181 1457 3202 ea
1479 3172 1731 3208 consultatione,
1757 3170 1813 3211 qui
1845 3169 1990 3211 ponendi
