2062 3565
224 161 280 199 24
614 126 702 198 in).
738 155 813 197 AD
848 155 892 195 T.
928 148 1278 193 POMPONIL‘M
1312 145 1574 188 A'ffl'lc-[M.

1079 309 1128 348 A.

495 389 575 426 CN.
605 382 821 422 MAGNUS
850 378 1056 418 PROCOS.
1087 378 1122 415 S.
1156 378 1200 415 D.
1231 377 1285 415 M.
1315 373 1564 413 CICERONI
1593 374 1700 412 IMP.

284 475 336 525 Q.
371 471 519 514 Fabius
553 468 602 511 ad
635 482 697 508 me
741 464 851 506 venit
883 478 919 505 a.
955 461 995 503 d.
1029 475 1090 502 lv.
1125 460 1224 502 Idus
1259 459 1376 501 Febr.
1410 459 1452 500 Is
1484 458 1648 500 nuntiat
1678 458 1728 499 L.
1762 457 1987 499 Domitium

221 561 312 588 cum
355 545 438 586 suis
478 538 710 583 cohortibus
752 550 815 578 XI.
857 541 898 576 et
932 532 1166 576 cohortibus
1198 546 1307 583 xiv„
1341 547 1440 587 quas
1473 530 1680 573 Vibullius
1713 530 1902 581 adduxit,
1937 530 1988 572 ad

220 633 283 660 me
314 618 390 658 iter
422 613 588 663 habere3
622 610 811 652 habuisse
843 608 887 651 in
921 607 1054 649 animo
1086 605 1283 661 proficisci
1330 605 1505 646 Corfinio
1538 620 1574 646 a.
1609 603 1650 644 d.
1682 619 1721 645 v.
1754 603 1819 646 Id.
1854 602 1987 654 Febr„

184 698 199 724 ⁵
220 691 267 732 C.
301 689 469 730 Hirrum
509 699 601 726 cum
634 699 671 723 v.
714 680 946 724 cohortibus
979 678 1183 734 subsequi.
1218 677 1372 720 Censeo
1406 677 1455 720 ad
1489 692 1562 719 nos
1594 677 1805 720 Luceriam
1837 677 1987 719 venias.

220 763 329 805 Nam
360 766 400 802 te
433 759 499 800 hic
531 756 732 799 tutissime
765 759 865 811 puto
897 753 995 796 fore.

263 926 282 957 6
304 923 457 956 tutissimo
480 942 521 947 —-

264 1074 388 1105 Notatu
411 1072 561 1111 dignum,
589 1069 677 1110 quod
700 1065 879 1108 Pompeius
901 1065 935 1096 in
950 1065 1083 1105 inscrip-
1110 1073 1112 1106 ¹,
1134 1066 1232 1105 XIX,
1267 1075 1346 1108 quas
1369 1067 1404 1098 111
1428 1066 1487 1097 illa
1508 1065 1646 1106 epistola
1669 1073 1711 1096 ex
1734 1063 1860 1096 Piceno
1891 1065 1931 1095 ad
1961 1074 1994 1095 se

223 1129 312 1161 tione
341 1126 440 1157 huius
469 1130 502 1156 et
531 1122 739 1164 sequentium
770 1119 984 1161 epistolarum
1014 1117 1084 1149 solo
1133 1121 1246 1153 venire
1269 1119 1392 1152 scribit,
1417 1118 1537 1151 Caesar
1559 1118 1581 1150 1.
1597 1129 1625 1149 c.
1640 1117 1805 1155 Vibullio,
1820 1121 1994 1159 postquam

222 1180 424 1222 cognomine
446 1187 481 1210 se
502 1176 647 1219 appellat
676 1180 709 1207 et
740 1184 759 1205 a
787 1172 949 1205 Cicerone
977 1171 1085 1213 appel·
1132 1173 1227 1204 Hirri
1249 1172 1401 1204 cohortes
1424 1175 1609 1212 exceperat,
1634 1180 1703 1202 non
1726 1170 1790 1202 nisi
1813 1169 1914 1208 xm,
1931 1169 1996 1201 Do·

222 1236 321 1268 latur.
343 1234 595 1274 Argumentum
616 1228 776 1262 illustrari
798 1232 907 1269 potest
930 1235 947 1258 e
970 1225 1084 1259 Caesa·
1132 1226 1228 1258 mitio
1249 1225 1378 1257 circiter
1401 1223 1465 1255 XX
1482 1223 1583 1256 fuisse
1606 1224 1728 1255 scribit.
1758 1222 1898 1256 Summa
1919 1232 1995 1253 cuin

223 1290 268 1321 ris
290 1286 536 1320 commentariis
557 1286 598 1316 de
621 1285 661 1316 B.
685 1282 722 1315 C.
746 1283 774 1313 I.
798 1282 847 1312 15.
1133 1279 1279 1311 numeris
1301 1278 1453 1319 Pompeii
1469 1277 1635 1309 convenit.
1657 1277 1761 1308 Erant
1776 1277 1919 1308 cohortes
1935 1286 1997 1306 am—

269 1342 340 1374 Cum
362 1341 428 1372 suis
449 1338 627 1371 cohortibus
650 1336 709 1367 XI.
731 1336 772 1367 In
795 1334 860 1366 alia
872 1334 1020 1375 epistola,
1033 1333 1084 1364 ad-
1127 1334 1216 1375 plius
1238 1332 1345 1370 XXX,
1367 1337 1403 1364 ut
1426 1333 1526 1364 tradit
1547 1332 1587 1364 B.
1614 1331 1650 1363 C.
1678 1332 1706 1363 1.
1731 1331 1781 1364 17.

223 1397 292 1430 dita
313 1395 462 1438 sequenti
485 1392 655 1426 Ciceronis
678 1391 732 1429 A.,
745 1389 924 1430 Pompeius
938 1388 1086 1429 loquitur
1109 1378 1113 1436 f
1179 1386 1354 1417 Tutissime.
1391 1385 1489 1416 Hanc
1511 1385 1653 1416 formam
1677 1384 1837 1426 Pompeio
1867 1385 1998 1426 reliqui,

225 1449 348 1482 deXII
360 1447 551 1480 cohortibus
564 1444 713 1478 Domitii.
725 1442 799 1474 Nisi
811 1451 902 1474 error
914 1440 1088 1473 scribentis
1111 1443 1112 1446 ’
1137 1450 1240 1482 quum
1263 1439 1427 1476 tutissimo,
1451 1449 1516 1480 quo
1539 1438 1654 1470 Cicero
1688 1438 1788 1470 VIII.
1818 1438 1846 1477 1,
1869 1438 1889 1469 2
1921 1448 1999 1470 usus

226 1504 278 1542 sit,
300 1503 324 1534 h
358 1503 381 1534 1.
408 1501 640 1543 corrigendum
655 1498 737 1530 XII.
759 1515 800 1520 —
823 1496 982 1528 Cohortes
999 1494 1088 1526 XIV
1138 1498 1280 1536 putatur,
1303 1493 1365 1523 hoc
1390 1492 1464 1523 loco
1485 1491 1611 1522 nullius
1640 1491 1716 1523 libri
1748 1496 1836 1523 certa
1862 1492 1999 1524 auctori-

227 1564 260 1590 et
296 1557 339 1595 V,
371 1565 456 1598 quae
492 1555 547 1587 hic
581 1553 799 1587 nominantur
833 1556 911 1583 sunt
939 1549 1089 1581 cohortes
1140 1552 1205 1580 tate
1222 1546 1354 1578 nitatur.

1085 1638 1133 1675 B.

553 1717 608 1754 M.
640 1713 826 1753 CICERO
857 1712 965 1751 IMP.
995 1712 1030 1749 S.
1064 1711 1108 1749 D.
1139 1710 1220 1747 CN.
1250 1707 1439 1746 MAGNO
1466 1706 1672 1745 PROCOS.

294 1808 333 1847 1.
368 1807 418 1846 A.
453 1804 493 1845 d.
528 1816 598 1845 xv.
633 1799 805 1843 Kalend.
841 1798 963 1840 Mart.
1000 1796 1170 1839 Formiis
1204 1794 1339 1849 accepi
1373 1798 1463 1835 tuas
1496 1793 1648 1844 literas,
1684 1808 1732 1834 ex
1767 1792 1915 1848 quibus
1938 1807 1999 1843 ea,

226 1893 327 1934 quae
358 1878 402 1919 in
446 1891 540 1931 agro
580 1874 742 1916 Piceno·
769 1878 881 1927 gesta
915 1875 1042 1920 erant,
1078 1867 1247 1923 cognovi
1282 1865 1552 1908 commodiora
1585 1881 1670 1907 esse
1703 1865 1846 1918 multo,
1881 1880 2002 1920 quam

196 1966 211 1994 5
226 1958 271 1994 ut
302 1956 386 1993 erat
408 1948 525 1991 nobis
545 1946 792 1995 nuntiatum,
818 1943 1068 1997 Vibulliique
1088 1941 1279 1983 virtutem
1301 1939 1623 1995 industriamque
1645 1938 1817 1982 libenter
1840 1941 2002 1995 agnovi.

226 2025 314 2066 Nos
359 2022 491 2064 adhuc
534 2021 577 2062 in
611 2034 657 2061 ea
689 2033 770 2068 ora,
804 2016 875 2058 ubi
908 2014 1125 2072 praepositi
1159 2028 1312 2064 sumUS,
1345 2013 1402 2054 ita
1434 2012 1607 2063 10110118,-
1636 2017 1683 2054 ut
1714 2027 1857 2054 navem
1890 2027 2003 2069 para-

227 2104 312 2140 tam
352 2096 604 2138 haberemus.
648 2092 708 2133 Ea
751 2090 858 2132 enim
900 2088 1163 2131 audiebamus
1206 2092 1247 2128 et
1279 2101 1324 2128 ea
1357 2085 1604 2137 verebamur,
1639 2091 1698 2138 ut,
1735 2086 2003 2142 quodcunque

230 2177 277 2213 tu
309 2169 519 2212 consilium
553 2165 835 2222 praecepisses,
869 2163 911 2204 id
948 2161 1065 2204 nobis
1098 2159 1419 2218 persequendum
1453 2164 1701 2214 putaremus.
1749 2160 1873 2201 Nunc
1907 2175 2003 2214 quo-

230 2243 338 2284 niam
390 2240 625 2283 auctoritate
674 2244 714 2279 et
757 2237 924 2279 consilio
965 2242 1036 2277 tuo
1078 2236 1121 2277 in
1168 2249 1235 2290 spe
1268 2233 1440 2275 firmiore
1473 2248 1626 2284 sumus,
1661 2233 1695 2274 si
1727 2234 1856 2276 teneri
1889 2249 2003 2289 posse

181 2345 220 2373 10
232 2322 350 2373 putas
393 2314 645 2356 Tarracinam
698 2318 737 2353 et
787 2326 895 2353 oram
940 2310 1194 2360 maritimam,
1239 2309 1282 2350 in
1326 2323 1372 2349 ea
1404 2306 1587 2358 manebo,
1622 2307 1697 2348 etsi
1731 2306 1929 2362 praesidia
1960 2306 2004 2347 in

234 2389 392 2446 oppidis
426 2388 537 2429 nulla
569 2392 677 2427 sunt.
714 2386 843 2426 Nemo
877 2385 983 2425 enim
1018 2382 1144 2424 nostri
1178 2381 1329 2423 ordinis
1362 2381 1404 2422 in
1439 2381 1502 2421 his
1535 2380 1632 2421 locis
1666 2385 1726 2421 est
1758 2383 1913 2435 praeter
1943 2379 2003 2420 M.

235 2462 425 2518 Eppium,
471 2474 587 2515 quem
633 2473 706 2513 ego
733 2456 974 2507 ,Minturnis
1014 2470 1097 2498 esse
1131 2454 1253 2506 volui,
1287 2453 1522 2509 vigilantem
1556 2453 1759 2496 hominem
1793 2458 1833 2495 et
1866 2453 2004 2495 indus-

281 2626 300 2666 ξ
325 2625 352 2656 1.
379 2624 476 2665 Quam
501 2623 534 2653 ut
555 2623 628 2653 erat
653 2620 738 2651 nobis
769 2621 956 2651 nuntiamus.
1005 2619 1042 2651 Ut
1066 2620 1099 2650 in
1190 2618 1398 2661 Quodcunque
1427 2621 1461 2650 tu
1490 2619 1652 2650 consilium
1679 2618 1903 2660 praecepisses.
1927 2617 2007 2649 Fru-

240 2679 301 2710 hac
312 2676 443 2709 dicendi
456 2675 561 2706 forma
574 2674 717 2705 Ernesto
739 2679 806 2704 erat
824 2678 1020 2714 suspectum.
1035 2672 1101 2703 No·
1147 2678 1212 2704 stra
1221 2673 1381 2705 Ernestus
1390 2673 1552 2704 dubitavit
1563 2674 1603 2704 de
1617 2673 1794 2704 locutionis
1809 2672 2008 2713 integritate.

240 2733 290 2763 bis
312 2733 346 2761 nt
368 2731 439 2761 erat
461 2738 478 2760 e
493 2728 611 2768 fuerat
634 2726 720 2757 male
742 2726 940 2770 descriptum
958 2726 1100 2757 videtur.
1147 2727 1224 2758 Non
1251 2727 1362 2758 minus
1385 2732 1472 2766 recte
1495 2726 1659 2757 eonsilium
1676 2726 1862 2767 praecipere
1878 2725 2007 2763 dicitur,

287 2785 343 2817 Ubi
357 2782 536 2826 praepositi
557 2791 671 2813 sumu-5.
695 2779 749 2811 Sic
772 2787 858 2812 recte
880 2780 956 2811 libri
981 2780 1102 2820 scripti.
1148 2790 1248 2822 quam
1270 2791 1392 2821 capere,
1416 2781 1444 2811 si
1466 2781 1565 2812 modo
1595 2780 1678 2811 illud
1710 2780 1849 2812 verbum
1878 2779 2007 2821 propria

241 2842 328 2873 Nam
346 2847 509 2881 praeesse,
528 2835 708 2877 praeficere,
728 2844 922 2875 praeponere
938 2843 1033 2875 saepe
1049 2834 1102 2864 ab·
1146 2835 1181 2865 vi
1204 2841 1280 2866 ante
1302 2834 1453 2875 capiendi
1476 2834 1707 2875 intelligimus.

243 2897 349 2927 solute
378 2898 557 2936 ponuntur.
592 2890 756 2931 Exempla
790 2899 806 2920 e
839 2890 938 2920 Livio
968 2889 1102 2930 collegit
1190 2887 1235 2919 M.
1254 2887 1384 2928 Eppium
1405 2893 1568 2919 corrector
1588 2888 1679 2919 Med.
1701 2887 1736 2918 in
1762 2885 1888 2928 Oppium
1905 2890 2008 2918 muta-

243 2947 411 2980 Drakenb.
434 2946 476 2977 ad
495 2944 653 2976 XXVII.
675 2943 724 2979 15,
748 2943 786 2973 15
809 2942 866 2973 illo
887 2943 955 2973 loco
971 2952 1103 2982 praepo·
1150 2942 1206 2980 vit,
1240 2941 1370 2973 nomini
1401 2941 1511 2972 minus
1541 2946 1620 2972 noto
1649 2941 1861 2972 notissimum
1891 2940 2008 2972 substi-

243 3003 335 3034 situs.
367 3000 556 3034 Schellerus
588 2997 667 3030 Obs.
700 2998 738 3038 pff
761 2996 820 3026 188
849 2997 960 3027 citavit
989 3006 1006 3027 e
1036 2996 1104 3027 Cic.
1150 3001 1257 3026 tuens.
1280 2995 1375 3026 Idem
1399 2994 1520 3025 factum
1539 2995 1581 3025 ad
1594 2993 1689 3025 Fam.
1705 2994 1803 3025 VIII.
1817 2995 1845 3031 8,
1864 2995 1892 3031 5,
1907 3003 2009 3034 quum

246 3056 331 3088 Sest.
365 3056 416 3092 41,
446 3053 478 3084 in
514 3062 549 3084 eo
580 3051 722 3083 exercitu
756 3049 874 3080 tribuni
896 3050 943 3089 pl.
963 3049 1103 3090 finirem
1151 3058 1220 3090 seq.
1256 3049 1274 3088 ξ
1303 3047 1420 3088 Eppius
1449 3048 1579 3088 integer
1608 3048 1756 3080 evaserit.
1795 3044 1942 3088 Scriptoi·
1969 3047 2010 3078 de

241 3109 446 3151 praefecerat
468 3113 499 3139 et
522 3106 615 3138 Caes.
639 3105 678 3136 B.
702 3103 739 3135 C.
762 3103 830 3134 111.
855 3103 894 3133 89
917 3102 1018 3133 media
1036 3103 1106 3134 acie
1153 3102 1240 3134 bello
1263 3101 1336 3133 Afr.
1358 3101 1600 3133 dubitat-ionem
1624 3101 1711 3133 tollit
1724 3102 1771 3133 M.
1786 3100 1892 3142 Eppio
1907 3100 2009 3132 vitam

249 3161 414 3192 Domitium
433 3160 671 3201 praeposueraff.
1154 3165 1169 3185 a
1195 3154 1335 3187 Caesare
1358 3164 1547 3186 concessam
1571 3164 1707 3186 narrans
1730 3164 1758 3184 0.
1781 3154 1829 3184 89.
