2062 3565
647 143 755 187 LIB.
788 143 912 186 XIII.
949 143 1031 186 ΕΡ.
1069 144 1263 187 27—29.
1754 152 1837 190 241

77 280 267 336 possum?
298 279 449 321 Tamen
482 280 618 322 nescio
651 279 750 336 quid
782 296 804 321 0
837 295 986 335 quercu
1019 281 1327 337 exsculpseram,
1357 283 1465 338 quod
1490 283 1690 326 videretur
1713 285 1841 326 simile

79 352 294 395 simulacri.
328 353 379 395 In
412 369 458 395 eo
493 355 587 408 quia
619 354 813 396 nonnulla
846 360 960 396 erant
992 355 1126 411 paullo
1160 356 1323 399 meliora
1357 372 1477 412 quam
1510 373 1570 410 ea,
1604 373 1706 414 quae
1740 360 1844 399 fiunt

79 431 120 468 et
160 426 265 468 facta
309 432 418 478 sunt,
460 426 824 483 reprehenduntur,
868 427 973 482 quod
1008 444 1070 470 me
1103 430 1267 471 minime
1303 431 1494 486 poenitet.
1541 432 1583 473 Si
1617 432 1723 473 enim
1758 447 1844 488 per-

79 500 282 542 venissent
313 500 414 542 istae
447 500 600 552 literae,
635 501 735 542 mihi
769 501 899 552 crede,
934 517 1007 543 1105
1041 503 1276 558 poeniteret.
1312 506 1354 545 3.
1388 504 1529 556 Quid?
1562 510 1608 546 tu
1629 521 1711 547 non
1735 505 1847 547 vides

79 573 209 629 ipsum
241 572 357 615 illum
390 573 600 615 Aristoteli
634 573 894 629 discipulum,
919 590 1076 616 summo
1098 576 1277 630 ingenio,
1303 592 1459 619 summa
1477 578 1685 631 modestia,
1710 584 1848 635 postea
1888 592 1902 616 ⁵

79 651 196 702 quain
229 663 298 689 rex
333 648 556 704 appellatus
591 648 656 699 sit,
694 648 926 704 superbum,
963 649 1178 702 crudelem,
1202 650 1512 693 immoderatum
1536 652 1684 694 fuisse?
1708 652 1848 699 Quid?

77 725 124 762 tu
156 721 265 763 hunc
297 721 346 764 de
379 738 540 780 pompa,
575 722 738 774 Quirini
772 723 1115 776 contubernalem,
1151 724 1213 766 1115
1247 727 1394 767 nostris
1428 726 1644 768 moderatis
1668 725 1849 781 epistolis

78 794 323 836 laetaturum
367 798 516 852 putas?
566 795 640 838 Ille
685 811 777 837 vero
820 797 955 852 potius
999 813 1081 839 non
1123 798 1270 854 scripta
1304 798 1516 851 desideret,
1547 815 1666 855 quam
1701 799 1849 855 scripta

77 883 159 910 non
199 868 353 924 probet.
405 870 628 922 Postremo,
670 875 717 911 ut
759 870 879 912 volet.
926 870 1043 912 Abiit
1081 871 1198 922 illud,
1242 872 1349 927 quod
1381 878 1468 914 tum
1504 889 1563 915 me
1598 872 1848 924 stimulabat,

78 956 202 997 quum
244 941 322 984 tibi
365 943 510 985 dabam
554 938 827 1003 πρόβλημα
865 937 1240 1002 Ἀρχιμήδειον.
1295 945 1429 987 Multo
1462 945 1688 988 mehercule
1723 946 1851 1001 magis
1869 960 1903 986 10

78 1031 187 1058 nunc
220 1021 315 1072 opto
347 1031 484 1058 casum
517 1016 646 1069 illum,
682 1032 800 1073 quem
834 1022 923 1059 tum
955 1018 1141 1068 timebas,
1177 1019 1239 1060 vel
1271 1034 1390 1075 quem
1423 1019 1581 1062 libebit.
1622 1021 1715 1063 Nisi
1749 1020 1849 1076 quid

83 1095 124 1132 te
168 1089 278 1132 aliud
310 1090 518 1147 impediet,
552 1091 655 1133 mihi
687 1096 824 1148 optato
858 1093 1027 1134 veneris.
1075 1094 1215 1135 Nicias
1261 1109 1283 1135 a
1315 1094 1523 1136 Dolabella
1557 1109 1702 1150 magno
1736 1109 1853 1150 opere

82 1163 295 1205 arcessitus
329 1190 386 1195 -—
420 1164 500 1220 legi
533 1165 640 1207 enim
673 1165 810 1208 literas
844 1191 902 1195 -
937 1166 1012 1208 etsi
1045 1166 1174 1208 invito
1208 1183 1284 1219 me,
1319 1173 1454 1210 tamen
1489 1168 1628 1210 eodem
1665 1184 1725 1209 1110
1760 1183 1852 1209 auc-

82 1242 166 1279 tore
198 1237 401 1293 profectus
434 1243 508 1281 est.
543 1239 634 1281 Hoc
667 1255 792 1282 manu
824 1255 925 1282 mea.

122 1403 163 1434 10
183 1403 267 1445 quod
285 1403 343 1435 tibi
364 1404 478 1436 dabam
497 1422 540 1428 —
563 1404 601 1436 ll
624 1403 768 1437 timebam
788 1423 832 1429 —
851 1405 892 1437 12
913 1405 954 1436 mi

124 1564 142 1604 ἓ
165 1564 194 1595 2.
216 1562 248 1594 Ε
265 1574 379 1606 quercu
400 1574 435 1596 οι
459 1565 598 1597 materia
611 1565 693 1596 dura
704 1570 736 1597 et
761 1565 943 1606 sculpendo
995 1576 1045 1608 ep.
1069 1566 1154 1599 XII.
1178 1569 1229 1606 40,
1259 1568 1279 1599 2
1308 1576 1472 1609 quaerens
1502 1576 1545 1598 ex
1574 1567 1700 1606 Attico,
1737 1567 1855 1610 ecquid

82 1626 200 1658 parum
223 1617 354 1649 idonea.
381 1617 498 1650 Cicero
521 1618 687 1659 significat
709 1628 744 1650 50
766 1624 864 1660 caput
879 1628 944 1649 sca—
994 1622 1153 1662 reperiret
1176 1622 1268 1663 quod
1290 1622 1332 1652 ad
1366 1620 1540 1653 Caesarem
1571 1622 1725 1653 hortandi
1758 1632 1855 1654 causa

82 1671 216 1702 bentem
239 1676 271 1703 et
291 1681 422 1712 ungues
451 1672 581 1714 saepius
614 1672 786 1704 rodentem
820 1672 945 1713 aliquid
993 1675 1093 1706 scribi
1116 1680 1235 1717 posset.
1260 1675 1343 1707 Post
1365 1676 1428 1706 tum
1441 1675 1626 1706 necessario
1646 1675 1856 1707 scribendum

83 1725 314 1771 composuisse,
337 1726 427 1767 quod
449 1727 491 1757 ad
514 1725 690 1759 Caesarem
711 1726 774 1758 hoc
797 1731 944 1768 tempore
991 1734 1061 1760 erat
1082 1740 1182 1771 quum,
1206 1739 1265 1771 pro
1287 1739 1352 1771 quo
1374 1729 1462 1760 male
1484 1729 1586 1760 libros
1609 1730 1747 1770 scriptos
1764 1740 1855 1761 occu-

82 1778 171 1810 mitti
193 1779 363 1820 potuisset.
965 1798 967 1810 .
990 1783 1081 1824 pavit
1102 1782 1194 1824 quod.
1217 1783 1374 1814 Errorem
1392 1782 1476 1814 vidit
1487 1782 1684 1824 sustulitque
1696 1782 1857 1815 Wesenb.

121 1833 237 1865 Postea
262 1844 354 1876 quam
376 1844 434 1865 rex
454 1834 636 1876 appellatus
657 1834 710 1865 sit.
733 1834 810 1866 Non
833 1835 942 1867 Mace·
964 1815 968 1883 l
989 1836 1131 1867 Emend.
1154 1846 1176 1877 p
1208 1836 1259 1867 48.

80 1888 208 1925 deniae,
232 1888 290 1920 sed
311 1887 424 1919 Asiae.
964 1915 967 1941 Ι
1034 1888 1146 1920 Casum
1166 1888 1268 1926 illum,
1293 1898 1336 1920 ne
1357 1893 1390 1920 01
1412 1888 1518 1929 gratia
1541 1894 1574 1920 et
1595 1890 1772 1920 auctoritas
1794 1899 1853 1921 sua

121 1941 219 1973 Hunc
240 1941 280 1973 de
295 1951 409 1983 pompa
431 1951 465 1972 o:
497 1942 590 1973 cuius
619 1942 730 1982 imago
754 1943 789 1973 in
823 1952 943 1984 pompa
964 1951 967 1991 j
989 1943 1205 1980 minueretur,
1228 1943 1318 1983 quod
1346 1942 1480 1974 Atticus
1510 1947 1580 1973 tum
1615 1943 1790 1984 scripserat
1817 1953 1852 1975 50

79 1997 221 2029 circensi
242 1997 330 2029 inter
352 1997 528 2028 simulacra
550 1996 698 2028 Deorum
719 2001 877 2038 portatur.
900 1997 940 2029 cf.
963 2003 967 2039 ᾖ
989 1996 1105 2028 vereri.
1141 1996 1250 2036 Igitur
1271 1995 1304 2026 h.
1328 1995 1350 2026 l.
1372 1996 1549 2027 emendavi
1569 2006 1657 2037 quem
1679 1998 1741 2026 tvm
1766 1996 1853 2028 time·

82 2049 172 2082 Suet.
210 2049 304 2082 Caes.
325 2049 376 2084 76.
410 2049 476 2081 Dio
509 2048 601 2082 Caes.
632 2049 767 2082 XLIII.
801 2043 853 2088 45,
884 2051 942 2092 qui
963 2050 967 2116 ἓ
988 2051 1052 2089 bas,
1076 2051 1133 2082 ubi
1156 2051 1259 2092 vulgo
1281 2050 1388 2082 editur
1417 2050 1569 2082 timebam.
1602 2051 1631 2082 E
1659 2052 1730 2082 cod.
1762 2052 1850 2083 Med.

80 2103 181 2135 etiam
203 2103 386 2144 imaginem
408 2102 559 2135 Caesaris
582 2103 616 2134 in
647 2105 771 2145 templo
805 2104 939 2142 Quirini
963 2121 966 2146 l
989 2114 1056 2135 11011
1079 2110 1226 2135 correcto
1248 2108 1379 2135 notatur
1400 2103 1539 2134 timebat.

80 2160 219 2201 positam
254 2159 415 2191 nominat.
440 2158 518 2190 Vid.
558 2168 689 2200 quoque
722 2151 836 2200 supra*
855 2159 940 2191 XII.
1033 2156 1156 2198 Optato.
1180 2157 1353 2189 Adverbio
1374 2156 1437 2188 1100
1460 2162 1492 2188 01
1514 2157 1572 2187 alii
1593 2163 1731 2188 utuntur
1753 2158 1850 2189 0101-

78 2214 130 2251 45,
154 2213 181 2244 3.
960 2196 964 2266 i
987 2219 1062 2242 cero
1084 2211 1126 2242 de
1148 2209 1238 2244 Orat.
1262 2210 1308 2241 11.
1331 2209 1373 2240 20
1388 2211 1559 2251 peroptato
1581 2210 1702 2251 posuit.

123 2266 220 2308 Quum
243 2266 300 2298 tibi
331 2266 444 2297 dabam
471 2276 532 2310 πρ.
561 2258 665 2312 Ἀρχ.
690 2265 785 2298 Fecit
812 2265 875 2297 hoc
904 2266 939 2296 in
962 2270 963 2278 ¹
1028 2264 1148 2296 Nicias.
1170 2265 1221 2297 De
1242 2264 1306 2295 hoc
1327 2264 1400 2295 dixi
1421 2264 1462 2295 ad
1485 2264 1566 2295 VII.
1590 2263 1618 2301 3,
1643 2264 1692 2295 10.

661 2413 816 2454 XXIX.
881 2413 946 2466 (A.
989 2412 1034 2453 U.
1073 2414 1115 2453 C.
1153 2412 1270 2466 709.)

145 2554 184 2594 1.
227 2552 365 2605 Quum
408 2550 522 2607 quasi
562 2549 659 2592 alias
702 2566 764 2593 res
804 2566 1034 2607 quaererem
1068 2551 1117 2594 de
1152 2551 1367 2608 philologis
1401 2567 1422 2593 e
1456 2551 1591 2603 Nicia,
1628 2552 1845 2594 incidimus

78 2626 121 2667 111
163 2625 372 2668 Thalnam.
421 2625 495 2667 Ille
540 2624 588 2666 de
630 2625 793 2680 ingenio
838 2625 942 2667 nihil
981 2625 1115 2677 nimis,
1151 2625 1377 2667 modestum
1410 2630 1451 2667 et
1483 2624 1605 2681 frugi.
1656 2625 1735 2667 Sed
1769 2626 1843 2667 hoc

78 2699 179 2741 mihi
217 2715 299 2742 11011
342 2700 514 2756 placuit:
562 2714 602 2741 se
647 2699 747 2740 scire
791 2698 924 2741 aiebat
956 2698 1006 2740 ab
1041 2715 1086 2740 eo
1120 2715 1247 2755 nuper
1282 2699 1449 2755 petitam
1484 2698 1754 2749 Cornificiam,
1791 2700 1842 2750 Q.

78 2772 214 2825 filiam,
260 2773 434 2816 vetulam
484 2788 577 2815 sane
619 2777 660 2815 et
703 2773 923 2815 multarum
965 2773 1223 2830 nuptiarum3
1271 2789 1352 2815 non
1396 2788 1481 2814 esse
1514 2771 1727 2828 probatum
1761 2786 1846 2812 mu·
1889 2787 1902 2810 5

122 2964 142 3004 5
166 2965 194 2996 l.
219 2964 319 3006 Quum
347 2964 437 3007 quasi
467 2963 553 2995 alias
580 2968 644 2995 eet.
675 2973 709 2994 οι
743 2972 848 3004 quum
879 2971 941 3002 ego
966 2956 1072 3014 'tiens
1094 2966 1184 2997 hune
1207 2965 1375 2997 Thalnam
1397 2963 1496 2995 alicui
1519 2969 1678 3003 cognatae
1709 2967 1765 2991 aut
1786 2960 1847 2992 for-

83 3017 294 3050 diSSimulanS
317 3018 398 3059 quid
419 3018 543 3049 vellem
564 3026 641 3048 cum
663 3016 761 3047 Nicia
782 3016 823 3046 (18
838 3014 943 3046 homi·
989 3025 1074 3051 tasse
1097 3020 1220 3051 filiolae
1242 3028 1319 3050 suae
1342 3018 1497 3049 maritum
1512 3016 1678 3047 destinare
1691 3014 1846 3045 voluisse.

84 3071 181 3104 nibus
202 3072 341 3104 literatis
355 3073 567 3113 disputarem,
584 3070 735 3102 Thalnae
747 3070 782 3101 in
799 3069 839 3101 iis
854 3079 943 3100 men-
992 3073 1048 3104 Ad
1071 3072 1159 3104 idem
1183 3072 1356 3111 negotium
1379 3075 1524 3111 spectare
1537 3069 1690 3099 videntur
1705 3076 1752 3103 cn,
1765 3076 1848 3107 quae

84 3125 132 3157 tio
154 3125 240 3158 facta
273 3132 332 3164 est,
373 3136 417 3158 ex
446 3134 551 3166 eoque
578 3124 722 3166 cognovi
741 3124 842 3155 huius
875 3133 946 3154 rem
991 3125 1149 3167 leguntur
1171 3126 1205 3156 in
1229 3125 1321 3166 epist.
1344 3124 1382 3155 21
1405 3124 1438 3154 h.
1463 3123 1484 3154 l.
1513 3128 1595 3153 extr.
1635 3119 1700 3150 Sed
1737 3119 1850 3150 omnia

86 3179 284 3212 familiarem
306 3191 376 3213 esse
399 3181 566 3218 exiguam.
591 3180 734 3211 Videtur
755 3185 869 3210 autem
888 3179 946 3210 At·
968 3184 971 3220 1
994 3179 1029 3210 in
1052 3179 1239 3210 coniectura
1264 3182 1339 3207 sunt
1362 3176 1476 3217 posita.

152 3234 210 3275 II.
1611 3229 1659 3268 lsi

1429 3337 1447 3354 ὁ
