2062 3565
243 158 325 198 102

665 157 749 198 ΕΡ.
783 157 859 197 AD
891 157 937 197 T.
971 155 1322 197 POMPONIUM
1353 156 1618 198 ATTICUM.

242 291 332 342 det3
377 291 419 332 111
454 305 533 346 qua
575 305 648 332 nos
681 289 864 331 sedentes
897 289 996 344 quid
1029 290 1208 331 erimus?
1240 290 1349 331 Nam
1382 289 1536 332 medios
1568 305 1653 332 esse
1685 291 1767 333 iam
1799 306 1882 334 non
1913 292 2007 338 lice·

241 362 315 404 bit.
350 362 556 404 Classibus
588 361 888 403 adversabimur
920 361 1076 416 igitur?
1109 361 1232 407 Quod
1266 361 1416 403 malum
1449 362 1604 404 scilicet
1626 365 1816 406 tantum?
1835 364 2007 420 denique

241 435 337 489 quid
369 435 555 489 turpius?
588 435 614 477 †
633 434 808 476 Anniva]
840 434 957 475 dehic
990 434 1032 475 in
1067 433 1244 476 absentis
1288 435 1396 476 solus
1427 435 1518 486 tuli,
1554 436 1682 478 scelus
1716 437 1895 479 eiusdem
1915 453 2007 480 cum
2032 468 2033 471 =

238 507 429 562 Pompeio
475 514 515 549 et
557 522 649 549 cum
690 507 856 562 reliquis
898 507 1149 563 principibus
1196 523 1278 549 non
1311 508 1464 550 feram?
1501 510 1541 549 5.
1577 509 1734 561 Quodsi
1767 510 1848 552 iam
1881 512 2003 554 misso

200 591 214 616 5
237 580 366 621 officio
408 579 577 635 periculi
625 580 728 621 ratio
770 579 956 621 habenda
1000 584 1073 631 est,
1109 579 1159 621 ab
1191 580 1272 621 fflis
1305 585 1365 622 est
1397 581 1636 636 periculum,
1671 583 1705 624 si
1738 598 1919 639 peccaro,
1953 583 2004 626 ab

235 653 325 704 hoc,
371 653 405 694 si
449 657 553 694 recte
597 652 739 702 fecero,
784 667 856 693 nec
891 652 1018 694 ullum
1052 653 1096 694 in
1128 652 1191 694 his
1224 653 1339 695 malis
1373 654 1586 696 consilium
1620 655 1799 710 periculo
1832 671 2003 700 vacuum

235 725 406 767 inveniri
455 729 600 781 potest,
649 730 696 766 ut
737 739 819 766 non
868 726 921 766 sit
966 724 1150 777 dubium,
1192 726 1290 780 quin
1333 727 1504 782 turpiter
1538 726 1667 769 facere
1700 742 1794 769 cum
1828 729 2006 784 periculo

236 797 452 853 fugiamus,
499 798 607 853 quod
652 799 881 853 fugeremus
920 799 1042 840 etiam
1082 814 1174 840 cum
1207 799 1349 841 salute.
1400 800 1496 841 Non
1529 800 1650 842 simul
1684 815 1776 842 cum
1810 802 2002 858 Pompeio

234 885 342 912 mare
388 870 413 914 †
430 871 736 913 transierimus?
785 871 962 913 Omnino
1007 886 1090 913 non
1135 872 1354 928 potuimus.
1406 873 1552 914 Exstat
1582 872 1685 914 ratio
1718 872 1889 916 dierum.
1925 874 2003 917 Sed
2053 911 2056 914 Α

178 957 213 984 ιο
231 947 368 985 ‘tamen
403 968 460 973 ——
494 943 691 985 fateamur
725 943 848 995 enim,
880 944 988 999 quod
1022 949 1105 996 est;
1139 960 1189 986 ne
1215 944 1426 986 condimus
1455 944 1633 1000 quidem,
1656 950 1704 986 ut
1725 946 1924 1001 possimus
1947 971 2005 978 —

273 1116 292 1146 2
321 1115 419 1152 Quod
440 1115 554 1147 malum
577 1116 706 1148 maius?
728 1116 873 1149 Scilicet!
907 1121 1028 1150 tantum
1053 1119 1214 1163 denique?
1247 1121 1324 1163 quid
1343 1140 1384 1145 —
1409 1123 1428 1153 3
1452 1122 1501 1153 An
1532 1125 1549 1158 †
1577 1123 1611 1154 ni
1639 1122 1732 1155 valde
1766 1122 1839 1154 ltine
1868 1122 2005 1155 absentis
2047 1119 2049 1122 ⁴

232 1177 259 1199 3.
286 1171 309 1200 t.
331 1169 465 1201 scelus?
488 1169 627 1201 eiusdem
646 1189 687 1194 —
708 1171 726 1204 7
750 1181 837 1203 mare
861 1172 1108 1205 transierimus?
1129 1192 1171 1198 —

272 1325 397 1358 Medios
419 1335 485 1358 esse
506 1326 569 1358 iam
592 1337 654 1358 non
684 1327 799 1358 licebit.
838 1328 942 1360 Medii
973 1339 1090 1361 vocan-
1131 1334 1241 1374 seram
1255 1333 1430 1374 furorem?
1452 1334 1506 1366 vel
1530 1334 1638 1366 simile
1661 1334 1748 1375 quid.
1772 1333 2005 1366 8111111110ᾱίᾶὶ-

229 1386 293 1418 tur,
316 1381 374 1421 qui
398 1381 507 1412 neutri
530 1382 615 1422 parti
635 1381 755 1413 addicti
771 1387 855 1413 sunt.
880 1383 945 1414 vid.
956 1384 1090 1415 Ruhnk.
1139 1386 1245 1417 cultas
1269 1391 1418 1427 superest
1441 1387 1475 1418 iu
1500 1387 1604 1418 literis
1627 1387 1713 1418 male
1737 1386 1890 1424 exaratis,
1921 1397 2002 1428 quas
2028 1415 2032 1419 .

228 1435 269 1465 ad
292 1433 384 1465 Suet.
408 1433 502 1465 Caes.
527 1434 576 1466 75.
601 1434 650 1466 De
672 1435 917 1466 constructione
941 1446 1046 1467 accus.
1061 1447 1088 1467 c.

229 1486 288 1518 inf.
319 1496 395 1517 cum
417 1497 448 1517 v.
476 1486 549 1518 licet
585 1487 625 1518 cf.
649 1488 813 1528 Madvigii
841 1487 986 1520 Gramm.
1015 1489 1089 1522 Lat.

228 1541 246 1581 ξ
269 1541 331 1573 393
353 1551 380 1572 0.
405 1542 479 1572 adn.
505 1542 520 1572 1
545 1542 579 1581 (ξ
602 1542 664 1573 418
686 1543 820 1583 interpr.
846 1547 965 1583 meae).

273 1594 362 1635 Quod
383 1595 497 1626 malum
519 1595 640 1626 scilicet
664 1597 815 1626 tantum?
851 1596 983 1639 denique
1015 1598 1092 1640 quid

227 1648 373 1688 turpius?
394 1648 455 1679 Est
477 1648 557 1679 haec
579 1649 730 1680 omnium
753 1649 913 1680 librorum
937 1656 1091 1682 constans

228 1702 396 1742 scriptura,
431 1702 495 1733 nisi
527 1703 613 1743 quod
637 1702 739 1733 malus
760 1703 893 1734 habent.
931 1703 1022 1742 Quot
1043 1705 1091 1735 in-

227 1755 511 1796 terpolationibus,
548 1766 714 1796 quamque
750 1757 858 1788 dubiis
895 1758 1091 1790 coniecturis

227 1808 308 1840 haec
330 1809 430 1839 verba
453 1819 567 1840 ansam
589 1810 750 1847 dederint,
785 1820 983 1850 cognoscere
1013 1812 1089 1843 licet

227 1872 269 1894 ex
293 1863 559 1894 adnotationibus
583 1864 616 1893 in
641 1864 717 1894 edit.
739 1863 872 1895 Graevii
896 1865 979 1896 etin
997 1864 1088 1897 Orel-

226 1915 315 1947 liana
336 1920 485 1956 utraque.
531 1916 629 1947 Nunc
660 1917 756 1947 video
780 1917 975 1948 Turnebum
998 1919 1089 1949 Adv-

226 1969 364 2001 XVIII.
388 1971 405 2001 9
429 1971 645 2012 proposuisse,
669 1979 701 2003 et
720 1972 924 2003 Lambinum
939 1983 1006 2004 non
1023 1984 1090 2004 om-

227 2022 309 2053 niuo
332 2023 528 2063 repudiasse,
551 2025 641 2065 quod
663 2024 744 2055 mihi
768 2025 901 2065 quidem
920 2026 1090 2066 probabile

228 2075 368 2106 videtur.
395 2075 508 2106 Possis
531 2076 630 2107 etiam
661 2086 737 2107 cum
770 2077 964 2109 Hofmanno
993 2079 1089 2109 corri-

228 2141 321 2172 gere:
349 2131 440 2172 Quod
460 2132 561 2162 maius
578 2133 681 2163 scelus
704 2135 760 2163 aut
783 2135 905 2164 tantum
929 2134 1090 2175 denique?

228 2185 347 2217 Multis
370 2184 478 2216 fraudi
500 2185 564 2216 fuit
586 2185 727 2228 denique,
756 2187 844 2227 quod
874 2193 947 2228 post
983 2197 1090 2218 unum

229 2238 418 2269 membrum
438 2238 518 2279 poni
536 2248 629 2279 posse
641 2239 850 2279 ignorabant,
867 2241 907 2271 de
920 2250 986 2280 quo
1001 2250 1089 2271 nunc

229 2299 328 2322 nemo
351 2290 488 2321 dubitat.
525 2291 590 2321 vid.
615 2291 684 2322 Att.
709 2291 773 2322 IX.
797 2292 846 2328 19,
870 2294 899 2322 4.
935 2292 975 2330 Q.
998 2292 1038 2323 fr.
1061 2294 1089 2326 Ι.

230 2343 257 2380 1,
284 2344 311 2375 i.
334 2343 380 2373 II.
406 2342 433 2378 3,
453 2343 480 2373 2.
505 2347 536 2374 et
557 2342 599 2374 cf.
622 2343 748 2374 Handii
772 2344 867 2375 Turs.
892 2345 937 2375 ΙΙ.
960 2356 989 2385 p.
1015 2345 1085 2376 268.

269 2398 285 2434 †
307 2396 448 2426 Annival
468 2395 560 2426 delzio
582 2396 615 2427 in
637 2396 777 2427 absentis
807 2398 892 2428 solus
925 2398 996 2435 tuli,
1026 2409 1090 2429 sce·

227 2450 277 2480 lus
299 2448 435 2480 eiusdem
457 2468 499 2472 —
520 2460 582 2480 non
606 2449 745 2490 feram?
779 2451 869 2482 Loco
900 2451 994 2484 foede
1022 2462 1089 2483 cor-

226 2509 322 2546 rupto
345 2505 495 2536 certatim
517 2505 621 2536 critici
644 2498 740 2546 opem
763 2506 846 2537 ferre
868 2508 979 2538 conati
1000 2513 1086 2545 sunt,

225 2559 284 2590 sed.
306 2558 350 2589 ita
371 2562 407 2588 ut
429 2568 502 2589 raro
526 2558 600 2596 sibi,
631 2558 734 2589 rarius
758 2560 830 2590 aliis
853 2560 1088 2592 satisfacerent.

226 2612 314 2643 Mihi
336 2612 480 2652 quidem,
510 2617 547 2642 ut
574 2621 689 2643 verum
719 2612 830 2649 fatear,
863 2623 904 2644 ex
935 2621 982 2645 tot
1010 2625 1087 2646 con-

226 2664 359 2696 iecturis
382 2664 475 2695 nulla
498 2663 628 2695 videtur
650 2665 760 2704 digna,
784 2676 868 2706 quae
879 2669 1085 2699 commende-

225 2722 289 2748 tur.
312 2717 363 2749 De
385 2717 543 2748 orationis
565 2716 671 2748 forma
692 2718 791 2758 plane
815 2720 975 2756 assentior
997 2721 1088 2751 Mad-

226 2770 318 2810 vigio
340 2770 480 2800 Emend.
504 2770 531 2800 1.
553 2779 584 2809 p.
607 2770 649 2799 44
671 2779 741 2801 esse
756 2762 962 2802 huiusmodi:
987 2772 1087 2802 An-

225 2821 311 2853 solus
332 2821 402 2859 tuli,
436 2839 478 2844 —-
506 2831 572 2852 cum
605 2821 734 2862 reliquis
765 2833 825 2852 non
845 2824 984 2862 feram?
1021 2824 1087 2856 Sed

226 2884 297 2905 voe.
320 2874 424 2904 scelus
446 2874 535 2914 quod
547 2883 660 2904 omnes
673 2874 838 2906 obiectum
852 2876 977 2907 faciunt
996 2878 1088 2909 verbi

228 2925 299 2963 tuli,
322 2926 405 2956 mihi
427 2926 537 2966 potius
568 2935 587 2956 a
609 2936 639 2956 v.
669 2936 730 2957 non
752 2928 863 2966 jeram
890 2938 1086 2969 suspensum

227 2979 366 3010 videtur.
404 2979 492 3009 Nam
521 2978 669 3009 Caesaris
698 2980 804 3010 scelus
835 2980 890 3020 (cf.
913 2981 945 3012 h.
968 2982 990 3012 l.
1013 2983 1043 3018 4,
1068 2984 1088 3014 2

227 3032 320 3063 ardet
333 3032 451 3072 furore
473 3033 503 3062 et
525 3032 657 3071 scelere)
682 3042 747 3063 non
771 3034 856 3063 solos
874 3035 948 3064 tulit
961 3034 1085 3074 Cicero,

231 3090 271 3122 ct,
295 3086 322 3115 si
349 3085 398 3115 vel
421 3085 569 3115 maxime
590 3085 729 3121 tulisset,
747 3087 954 3118 concinnitas
970 3090 1086 3120 oratio-

176 3170 178 3172 ,
229 3137 280 3169 nis
303 3137 496 3178 postularet:
520 3155 560 3160 -
582 3137 644 3168 culi
665 3137 784 3174 scelus,-
809 3139 945 3170 eiusdem
970 3159 1006 3163 -—
1025 3152 1086 3172 non

1142 1439 1309 1480 descripsi,
1333 1445 1370 1470 ut
1392 1447 1471 1470 sunt
1493 1440 1527 1470 in
1550 1440 1640 1471 Med.
1663 1440 1703 1476 13
1733 1439 1854 1471 deinde
1882 1449 2004 1472 correc-

1142 1496 1228 1522 tum:
1254 1503 1295 1522 an
1318 1491 1447 1523 invalde
1469 1497 1530 1524 cet.
1554 1492 1767 1524 Hofmannus
1798 1493 1916 1525 edidit:
1950 1493 2002 1524 An
2033 1487 2035 1490 ⁴

1139 1544 1320 1576 invadentis
1343 1545 1375 1576 in
1397 1546 1541 1577 absentes
1574 1546 1660 1577 solus
1690 1546 1751 1577 tuli
1779 1546 1900 1578 scelus.-
1929 1555 2003 1588 ego,

1139 1598 1218 1629 dum
1240 1599 1359 1630 melius
1381 1599 1523 1636 affertur,
1546 1599 1609 1631 hoc
1630 1609 1797 1640 propono:
1839 1600 1889 1631 An
1922 1599 2003 1631 iram

1140 1650 1233 1681 huius
1256 1651 1390 1682 amentis
1421 1652 1508 1682 solus
1536 1652 1606 1689 tuli,
1639 1652 1741 1683 scelus
1771 1651 1908 1684 eiusdem
1935 1662 2004 1683 cum

1140 1703 1281 1745 Pompeio
1303 1706 1335 1735 et
1358 1714 1424 1735 cum
1447 1704 1576 1746 reliquis
1582 1704 1779 1745 principibus
1796 1714 1857 1734 non
1863 1704 2002 1745 seram?

1140 1758 1300 1789 Amentia
1323 1758 1455 1790 Caesari
1474 1759 1657 1790 tribuitura
1672 1758 1730 1790 Cic
1759 1758 1830 1790 Att.
1849 1758 1930 1790 VII.
1947 1759 1996 1796 ll,

1142 1812 1157 1842 1
1183 1816 1213 1842 et
1235 1811 1326 1842 Fam.
1352 1811 1451 1842 XVI.
1475 1812 1524 1848 12,
1548 1812 1576 1842 2.

1182 1864 1199 1902 ξ
1223 1866 1251 1896 5.
1278 1865 1316 1895 Ut
1338 1865 1454 1895 nonsit
1472 1864 1596 1896 dubium
1612 1874 1731 1895 -cum
1745 1864 1849 1895 salute
1871 1874 1903 1895 οε
1922 1873 2000 1905 ergo

1142 1918 1273 1949 decrevi
1302 1928 1368 1948 non
1398 1917 1605 1949 committere
1636 1917 1765 1948 facinus
1796 1926 1863 1948 non
1893 1917 2001 1948 solum

1139 1974 1244 2010 turpe,
1267 1979 1382 2001 verum
1395 1970 1493 2001 etiam
1511 1969 1741 2010 periculosum,
1757 1970 1854 2010 quod,
1873 1969 2003 2001 etiamsi

1137 2023 1279 2054 salutare
1300 2029 1394 2060 esset,
1419 2023 1573 2064 quoniam
1599 2028 1693 2063 turpe
1715 2027 1809 2060 esset,
1825 2032 1892 2053 non
1913 2032 2001 2054 eom·
2014 2049 2028 2063 ,
2060 2047 2062 2058 ,

1138 2076 1312 2107 mitterem.

1180 2129 1251 2160 Non
1272 2128 1366 2159 simul
1389 2138 1456 2159 cum
1482 2127 1621 2169 Pompeio
1643 2138 1728 2159 mare
1750 2128 1973 2160 transierimus
1981 2129 2002 2159 ?

1139 2182 1247 2213 Nemo
1283 2182 1317 2212 in
1349 2181 1401 2212 his
1434 2180 1552 2217 verbi&
1588 2190 1671 2221 quae
1703 2185 1811 2221 aperte
1849 2179 2000 2213 obiectio-

1140 2245 1218 2266 nem
1253 2234 1434 2271 continent,
1468 2233 1671 2265 coniunctivi
1706 2233 1869 2265 rationem
1897 2234 2002 2276 expli·

1140 2289 1216 2326 cuit,
1239 2293 1271 2320 ct
1292 2297 1416 2325 vereor,
1430 2292 1467 2318 ut
1484 2287 1644 2328 explicari
1655 2287 1767 2328 possit.
1789 2287 1862 2318 Aut
1876 2287 2001 2328 aliquid

1141 2341 1267 2372 excidit
1302 2340 1410 2372 velut:
1451 2339 1513 2370 Cur
1548 2350 1621 2381 erqo
1661 2349 1722 2370 non
1750 2339 1845 2370 simul
1871 2350 1938 2371 cum,
1967 2339 2002 2371 P.

1139 2403 1226 2424 mare
1266 2392 1497 2428 transierimus,
1536 2401 1636 2433 roqas,
1671 2393 1724 2423 vel
1754 2392 1843 2432 quod
1871 2392 2002 2424 Kochio

1139 2447 1161 2478 1.
1195 2457 1221 2477 c.
1255 2457 1285 2487 p.
1309 2446 1368 2480 277
1400 2446 1434 2476 in
1457 2450 1605 2476 mentem
1627 2445 1736 2476 venit:
1765 2445 1861 2483 (Nam
1882 2444 1911 2476 si
1931 2445 2000 2487 quis

1138 2502 1383 2543 reprehenderit,
1415 2500 1512 2543 quod)
1543 2510 1605 2531 non
1633 2499 1729 2530 simul
1759 2509 1824 2530 cum
1857 2499 1891 2530 P.
1914 2509 2000 2530 mare

1138 2555 1374 2591 transierimus‚·
1405 2554 1528 2585 omnino
1560 2563 1622 2584 non
1646 2553 1813 2593 potuimus,
1845 2558 1902 2584 aut
1923 2563 1998 2584 cum

1139 2609 1339 2650 Nipperdeio
1365 2614 1396 2640 et
1418 2607 1612 2639 Hofinanno
1641 2607 1849 2638 scribendum
1872 2605 1998 2638 transii-

1139 2671 1213 2693 mus.

1183 2719 1313 2751 Omnino
1336 2729 1396 2750 non
1414 2718 1571 2759 potuimus
1593 2728 1627 2749 o:
1652 2717 1810 2754 fecissem,
1834 2717 1861 2748 si
1876 2717 1996 2758 potuis-

1138 2782 1208 2803 sem
1216 2786 1224 2809 3
1248 2772 1305 2803 sed
1327 2782 1394 2802 non
1417 2770 1518 2812 potui.

1179 2824 1293 2855 Exstat
1326 2824 1410 2855 ratio
1437 2823 1557 2854 dierum
1588 2833 1622 2854 o:
1645 2823 1673 2854 si
1695 2823 1765 2854 dies
1787 2822 1994 2863 computaris,

1137 2878 1264 2909 videbis
1289 2887 1342 2909 me
1365 2888 1433 2908 non
1455 2877 1600 2918 potuisse
1630 2876 1850 2907 Brundisium
1871 2875 1994 2912 venire,

1137 2935 1174 2961 ut
1202 2930 1302 2961 simul
1332 2940 1408 2960 cum
1438 2929 1598 2970 Pompeio
1629 2928 1663 2958 in
1685 2927 1858 2959 Graeciam
1880 2927 1996 2958 transi·

1137 2992 1217 3014 rem.
1242 2982 1282 3013 cf.
1306 2982 1368 3013 IX.
1394 2983 1414 3014 2
1435 2993 1465 3019 a,
1489 2982 1518 3013 2.

1178 3036 1226 3067 Ne
1247 3036 1406 3067 condimus
1429 3035 1560 3077 quidem,
1582 3038 1616 3066 ut
1632 3035 1789 3075 possimus
1810 3045 1848 3066 o:
1866 3039 1914 3066 ’110
1936 3035 1994 3066 mi-

1137 3090 1279 3130 tigamus
1307 3089 1439 3130 quidem
1469 3098 1539 3120 rem
1567 3089 1693 3119 tristem
1723 3088 1858 3119 lenitate
1881 3088 1996 3119 verbo-

1135 3151 1217 3179 rum,
1241 3141 1302 3172 etsi
1324 3140 1460 3173 fortasse
1483 3150 1663 3182 possumus.
1687 3140 1818 3172 Priores
1832 3140 1992 3172 editiones
