2062 3565
87 2052 120 2081 lo

166 150 252 191 340
563 151 646 192 ΕΡ.
681 151 757 192 ΑΒ
789 152 836 192 Τ.
871 151 1223 195 POMPONIUM
1255 154 1521 197 ATTICUM.

161 286 195 328 si
239 286 335 340 quid
372 286 604 342 prospicies,
649 286 757 341 quod
790 287 972 329 futurum
1005 293 1137 343 puteS,
1172 289 1323 332 scribas
1355 291 1407 333 ad
1440 307 1503 333 me
1537 307 1658 347 quam
1690 293 1921 349 saepissime

159 359 292 410 velim,
327 360 512 411 Varroni,
547 359 883 415 quemadmodum
927 360 1004 402 tibi
1036 362 1238 414 mandavi,
1274 365 1501 406 memineris
1534 380 1724 408 excusare
1754 367 1921 409 tardita-

159 437 239 473 tem
284 432 489 473 literarum
528 448 720 474 mearum.
771 433 951 476 Mundus
999 435 1025 478 †
1041 435 1179 477 istum.
1214 437 1372 479 Ennius
1405 438 1503 493 quid
1537 439 1664 494 egerit
1707 440 1756 481 de
1800 445 1921 481 testa-

159 509 293 545 mento
328 529 384 534 —-
419 505 599 547 curiosus
632 507 739 548 enim
773 509 891 562 (sum)
929 533 985 537 —
1020 508 1141 550 facias
1162 525 1225 551 me
1248 511 1366 552 velim
1390 514 1612 554 certiorem.
1646 514 1709 555 Ex
1734 513 1920 569 Arpinati

158 591 218 620 VI.
251 578 361 620 Non.

196 746 214 775 3
237 745 408 784 †][undus
429 745 468 776 is.
495 744 538 776 Tea
558 745 604 777 M.
628 745 748 777 Ennius
770 765 809 771 —-
832 750 852 778 4
873 748 1013 780 curiosus
1034 750 1113 781 enim
1139 769 1179 774 —

201 883 220 923 ξ
244 885 273 914 5.
294 883 478 916 ,ilemz'nerz's
489 894 557 915 uon
569 885 679 916 minus
691 895 793 926 quam
803 887 922 917 scribas
931 897 1009 928 pen·
1057 898 1107 929 ep.
1130 889 1179 926 29,
1216 889 1230 918 1
1265 888 1304 919 de
1338 889 1465 927 Mundo,
1497 890 1524 920 si
1557 890 1634 931 quid
1656 890 1746 922 scies.
1778 891 1921 932 Reliqua

152 937 206 967 det
223 937 364 973 avelim;
382 938 599 978 quamobrem
613 938 700 969 male
712 939 858 979 posthoc
871 941 1010 971 verbum
1056 941 1103 972 sic
1137 942 1280 972 correxit
1312 942 1572 984 Wesenbergius
1615 943 1756 975 Emend.
1797 954 1828 985 p.
1859 945 1914 975 46:

151 990 253 1031 vulgo
275 998 434 1031 punctum
456 991 601 1032 ponitur.
647 991 722 1022 Duo
751 993 907 1024 mandata
939 994 1011 1024 sine
1058 995 1198 1026 Mundus
1219 996 1280 1026 iste
1303 998 1350 1036 (01
1375 997 1416 1028 de
1439 1007 1505 1038 quo
1527 1002 1562 1028 tu
1575 997 1703 1038 aliquid
1719 998 1802 1029 mihi
1816 999 1917 1039 scrip-

150 1043 269 1084 copula
290 1044 488 1085 iunguntur,
511 1051 548 1075 ut
570 1045 614 1076 X.
639 1046 676 1076 15
702 1053 786 1077 extr.
1058 1050 1143 1091 sisti)
1166 1060 1233 1081 cum
1255 1049 1301 1080 Π.
1337 1049 1439 1081 Ennio
1467 1056 1527 1081 eet.
1561 1051 1682 1082 Verbis
1715 1051 1918 1093 interpositis

191 1098 330 1130 Mundus
369 1102 385 1138 †
423 1100 526 1131 istum.
564 1100 685 1131 Ennius
714 1101 791 1143 quid
819 1102 917 1144 efferi!
950 1106 1011 1133 cet.
1058 1104 1198 1134 cariosus
1220 1103 1301 1134 enim
1325 1104 1412 1134 idem
1435 1104 1561 1134 addidit
1582 1113 1660 1142 sum,
1691 1115 1759 1135 non
1795 1104 1916 1146 impro-

148 1155 296 1187 Mundus
319 1161 368 1188 est
390 1166 511 1188 nomen
535 1158 713 1198 proprium,
747 1164 783 1189 ut
813 1164 947 1199 apparet
969 1168 1011 1190 ex
1060 1158 1158 1188 bante
1180 1155 1316 1193 Orellio‚
1341 1157 1397 1198 qui
1419 1156 1501 1187 olim
1523 1166 1555 1187 es
1575 1157 1651 1188 addi
1673 1157 1834 1189 voluerat.

707 1266 893 1308 XXVII.
960 1267 1026 1319 (A.
1069 1265 1113 1306 U.
1153 1266 1194 1305 C.
1234 1264 1353 1319 710.)

211 1380 251 1420 1.
297 1379 466 1422 Gaudeo
506 1380 547 1422 id
590 1387 628 1422 te
674 1381 774 1422 mihi
807 1381 987 1432 suadere,
1023 1379 1131 1436 quod
1163 1395 1238 1435 ego
1271 1394 1357 1420 mea
1391 1384 1532 1435 sponte
1567 1379 1695 1436 pridie
1728 1379 1914 1423 feceram.

146 1453 252 1494 Nam
287 1468 409 1508 quum
445 1453 494 1494 ad
528 1461 567 1494 te
603 1468 662 1495 vr.
699 1456 807 1496 Non.
832 1454 981 1505 darem,
1008 1453 1138 1495 eidem
1160 1452 1370 1494 tabellario
1393 1452 1487 1494 dedi
1509 1453 1630 1494 etiam
1655 1453 1702 1494 ad
1739 1454 1915 1496 Sestium

145 1526 312 1583 scriptas
345 1525 476 1571 πάνυ
511 1525 869 1589 φιλοστόργως.
910 1528 982 1570 Ele
1018 1535 1165 1578 autem,
1201 1526 1307 1582 quod
1333 1527 1523 1568 Puteolos
1546 1528 1815 1583 prosequitur,
1841 1528 1915 1570 hu-

144 1616 279 1653 mane,
316 1601 422 1657 quod
456 1603 650 1657 queritur,
686 1603 850 1644 iniuste.
885 1603 980 1644 Non
1016 1602 1123 1643 enim
1157 1616 1230 1656 ego
1263 1607 1346 1642 tam
1380 1600 1495 1642 illum
1519 1606 1763 1657 exspectare,
1787 1618 1915 1658 quum

145 1673 194 1714 de
227 1674 382 1717 Cosano
415 1676 576 1728 rediret,
611 1676 747 1728 debui,
783 1693 902 1732 quam
936 1676 1003 1719 ille
1037 1684 1108 1718 aut
1142 1691 1223 1717 non
1257 1676 1314 1716 ire
1356 1680 1448 1716 ante
1482 1690 1599 1730 quam
1635 1691 1698 1718 me
1731 1676 1912 1727 vidisset,

146 1752 216 1789 aut
256 1748 376 1790 citius
421 1750 580 1791 reverti.
632 1751 793 1793 Sciebat
833 1752 939 1793 enim
974 1766 1036 1792 me
1070 1750 1251 1792 celeriter
1285 1749 1384 1791 velle
1417 1750 1628 1805 proficisci,
1663 1765 1827 1806 seseque
1861 1749 1910 1792 ad

145 1837 207 1862 me
249 1823 291 1863 in
336 1823 608 1866 Tusculanum
657 1826 869 1881 scripserat
909 1840 993 1866 esse
1035 1831 1262 1866 venturum.
1312 1827 1354 1864 2.
1386 1824 1455 1874 Te,
1490 1829 1537 1865 ut
1570 1839 1592 1865 a
1624 1838 1687 1865 me
1720 1823 1910 1866 discesse-

144 1895 212 1946 ris,
258 1895 484 1938 lacrimasse
517 1898 682 1939 moleste
715 1898 904 1940 ferebam.
955 1898 1112 1950 Quodsi
1145 1913 1208 1938 me
1242 1903 1450 1953 praesente
1484 1897 1659 1948 fecisses,
1694 1897 1908 1939 consilium

142 1967 267 2009 totius
311 1968 467 2012 itineris
511 1971 676 2014 fortasse
710 1978 940 2014 mutassem.
991 1971 1069 2014 Sed
1102 1971 1204 2012 illud
1238 1970 1451 2026 praeclare,
1487 1970 1595 2026 quod
1627 1975 1667 2012 te
1702 1970 1907 2013 consolata

141 2045 202 2081 est
235 2056 323 2097 spes
358 2041 468 2085 brevi
501 2051 679 2102 tempore
713 2046 1012 2102 congrediendi,
1050 2060 1149 2100 quae
1184 2044 1347 2100 quidem
1380 2041 1625 2100 exspectatio
1648 2059 1711 2086 me
1734 2044 1905 2086 maxime

141 2119 353 2156 sustentat.
388 2117 502 2159 Meae
536 2118 610 2160 tibi
647 2120 780 2161 literae
815 2135 894 2160 non
930 2119 1113 2160 deerunt.
1149 2118 1208 2159 De
1242 2118 1369 2158 Bruto
1404 2115 1576 2158 scribam
1608 2115 1659 2157 ad
1691 2123 1731 2159 te
1755 2117 1903 2159 omnia.

140 2186 308 2229 Librum
341 2188 417 2230 tibi
451 2191 630 2234 celeriter
653 2194 810 2234 mitt-am
838 2193 886 2234 de
910 2193 1065 2234 Gloria.
1100 2191 1307 2234 Excudam
1336 2191 1489 2246 aliquid
1514 2184 1902 2250 ζΗρακλειδεῐον,

139 2261 246 2317 quod
277 2262 400 2304 lateat
432 2264 475 2304 111
507 2266 705 2307 thesauris
739 2267 834 2308 tuis.
871 2268 911 2306 3.
947 2266 1006 2307 De
1041 2265 1191 2306 Planco
1224 2264 1403 2305 memini.
1439 2264 1575 2305 Attica
1597 2265 1683 2305 iure
1707 2264 1902 2319 queritur.

180 2421 198 2461 ξ
230 2421 258 2452 1.
287 2421 351 2452 [lle
381 2424 483 2452 autem
514 2440 555 2445 —-
584 2422 708 2453 iniuste.
739 2421 864 2454 Sestius
889 2430 997 2454 noster
1019 2417 1022 2442 ¹
1045 2421 1158 2452 manni
1182 2421 1272 2459 1839,
1296 2432 1325 2462 p.
1349 2421 1525 2453 219-230.
1549 2421 1649 2460 Quod
1675 2420 1838 2452 Corradus
1861 2419 1903 2451 ad

137 2473 281 2506 humane
302 2475 389 2513 facit,
413 2476 501 2516 quod
524 2485 575 2506 ine
599 2475 754 2506 Puteolos
783 2477 855 2515 <ubi
880 2476 995 2508 Cicero
1043 2475 1074 2506 h.
1100 2476 1119 2506 l.
1145 2483 1179 2506 et
1200 2476 1234 2506 in
1257 2475 1443 2514 Quaestum
1466 2486 1495 2516 p.
1520 2475 1579 2506 269
1609 2475 1710 2506 tradit
1732 2484 1788 2506 eos
1801 2474 1903 2505 libros

136 2528 216 2559 haec
248 2529 392 2560 scribens
423 2530 573 2559 nondum
606 2535 682 2567 erat,
717 2531 773 2561 sed
800 2540 865 2570 quo
888 2531 993 2562 Nonis
1041 2542 1059 2562 a
1082 2531 1137 2562 Fr.
1160 2532 1315 2563 Petrai-ea
1345 2533 1446 2563 lectos
1468 2541 1549 2569 esse,
1580 2532 1616 2562 id
1637 2531 1735 2562 debet
1757 2531 1819 2572 ipsi
1841 2530 1902 2562 Pe-

135 2582 252 2621 Quint.
275 2583 377 2614 venit.
398 2583 465 2613 vid.
487 2582 586 2613 XVI.
610 2583 636 2620 1,
656 2584 688 2624 1)
706 2584 922 2624 prosequitur,
936 2586 993 2617 sed
1040 2592 1164 2617 tran-eae
1197 2586 1300 2618 Senil.
1336 2585 1404 2617 XV
1438 2596 1487 2627 ep.
1524 2587 1554 2616 1.
1593 2585 1703 2617 Hodie
1726 2585 1812 2616 nihil
1833 2584 1901 2616 fere

135 2638 258 2670 iniuste
290 2639 446 2679 queritur,
469 2639 557 2679 quod
579 2649 614 2669 se
637 2640 676 2670 de
700 2639 829 2670 Cosano
853 2640 905 2677 (cf.
927 2641 991 2672 IX.
1039 2646 1193 2680 superest.

134 2691 163 2728 6,
186 2692 220 2733 2)
243 2693 437 2723 redeuntem
459 2702 526 2722 non
549 2694 819 2733 exspectaverim.
1080 2692 1252 2723 Excudam.
1276 2691 1423 2724 Verbum
1446 2697 1612 2733 sumptum
1634 2702 1653 2722 a
1675 2691 1851 2730 statuariis,
1864 2697 1901 2723 ut

175 2743 216 2775 In
251 2744 469 2775 Tusculanum.
501 2744 616 2776 Cicero
646 2747 756 2784 paucis
779 2752 854 2778 ante
875 2748 990 2778 diebus
1038 2746 1073 2777 in
1107 2745 1166 2776 illo
1200 2745 1415 2785 Vergiliano:
1453 2743 1617 2775 Excudent
1650 2744 1710 2775 alii
1740 2744 1900 2785 spirantia
1960 2790 1966 2792 ὴ

133 2798 210 2829 inde
232 2799 396 2840 profectus
420 2803 497 2836 erat,
529 2799 633 2839 pridie
663 2801 738 2832 Kal.
767 2800 882 2839 Quint.
906 2802 977 2841 (vid
1037 2798 1162 2829 mollins
1183 2809 1271 2828 aera.
1305 2798 1432 2829 Eodem
1454 2797 1560 2828 utitur
1582 2797 1713 2829 Plinius
1733 2798 1795 2839 Ep.
1818 2798 1846 2828 I.
1869 2799 1899 2836 3,

132 2861 182 2893 ep.
204 2852 242 2883 25
267 2853 365 2892 extr.)
388 2857 420 2883 et
443 2862 532 2883 nunc
554 2853 588 2883 in
611 2853 728 2885 itinere
750 2855 932 2886 deverterat
955 2855 989 2885 in
1037 2854 1073 2883 4:
1097 2851 1215 2893 Effinqe
1237 2851 1360 2892 aliquid
1381 2853 1412 2882 et
1435 2851 1564 2889 excude,
1585 2851 1669 2893 quod
1687 2851 1730 2882 sit
1749 2854 1899 2892 perpetuo

130 2905 285 2946 Arpinas,
309 2907 397 2937 unde
418 2906 512 2936 datae
535 2913 611 2937 sunt
634 2908 675 2938 ad
696 2907 847 2938 Atticum
873 2908 989 2948 episto·
1037 2909 1120 2938 tuum
1155 2912 1187 2938 et
1205 2907 1357 2947 >scriptor
1395 2906 1519 2947 dialogi
1561 2907 1602 2938 de
1635 2905 1750 2944 Oratt„
1782 2907 1812 2937 9.
1847 2905 1898 2938 Cf.

130 2957 181 2988 lae
203 2957 253 2995 26,
276 2959 316 2989 28
338 2963 370 2989 et
389 2959 471 2990 haec
493 2959 572 3000 ipsa.
1036 2956 1203 2992 ε’κτυποῡν
1225 2959 1261 2990 in
1285 2959 1434 2990 Platonis
1457 2959 1603 2997 Timaeo,
1625 2970 1658 3000 p.
1681 2960 1720 2990 50
1741 2959 1783 2990 D.

172 3014 191 3053 ξ
220 3014 248 3044 2.
278 3014 401 3045 Librum
431 3032 469 3037 —
500 3015 539 3045 de
564 3015 683 3046 Gloria.
707 3016 757 3047 Cf.
781 3016 880 3047 XVI.
902 3017 931 3053 2,
955 3016 986 3046 6.
1080 3015 1211 3056 Aliquid
1231 3005 1496 3059 Ἠρακλειὸεἰον.
1519 3015 1570 3047 Cf.
1584 3016 1627 3046 ad
1648 3025 1698 3057 ep.
1721 3018 1751 3053 4,
1775 3018 1794 3047 3
1816 3017 1848 3048 h.
1873 3017 1895 3049 l.

127 3064 178 3097 De
206 3065 305 3097 huius
337 3067 453 3108 operis,
486 3069 575 3109 quod
597 3069 724 3099 duobus
747 3069 840 3099 libris
863 3075 987 3100 consta-
1081 3069 1171 3111 Quod
1191 3070 1293 3100 lateat
1317 3070 1350 3100 ia
1372 3070 1532 3101 thesauris
1548 3070 1621 3100 tuis.
1645 3070 1896 3102 Hullemannus

129 3119 194 3157 bat,
223 3124 379 3160 tempore,
414 3120 570 3159 fontibus,
593 3127 789 3162 argumento
811 3122 989 3162 disputavit
1036 3124 1069 3154 in
1093 3123 1197 3154 Diatr.
1219 3124 1259 3155 de
1283 3124 1321 3154 T.
1346 3124 1383 3155 P.
1407 3124 1530 3161 Attico,
1553 3135 1584 3164 p.
1608 3124 1678 3161 185,
1702 3123 1720 3154 3
1735 3124 1835 3155 refert
1853 3125 1895 3156 ad

129 3172 183 3204 Fr.
221 3173 441 3213 Schneider-us
471 3176 505 3207 in
536 3175 658 3208 Diariis
691 3177 809 3217 Antiq.
832 3176 988 3208 Zimuier-
1037 3177 1206 3208 Annalem
1240 3177 1354 3214 Attici,
1389 3177 1518 3209 collatis
1553 3177 1604 3208 his
1625 3186 1643 3208 e
1665 3176 1740 3208 Fin.
1765 3178 1810 3208 ΙΙ.
1835 3177 1893 3211 67;
